1924 3152
735 129 854 176 CAP.
881 129 963 180 ιιι,
1004 128 1033 187 g
1063 87 1201 172 14-4.
1683 92 1785 173 1¹79

154 242 318 296 urbes
340 239 651 293 necessaria
670 240 840 294 totius
860 237 1229 307 nauigationis
1253 234 1590 290 deuerticula
1609 241 1784 287 erant.

155 323 320 384 atque
339 311 399 364 id
417 311 699 385 Munatius
721 308 899 362 Rufus
923 308 1228 379 Cypriacae
1255 306 1622 379 expeditionis
1643 305 1784 359 fidus

133 387 337 438 'comes
366 382 583 454 scriptis
611 381 726 434 suis
755 379 1046 450 significat.
1092 380 1247 433 cuius
1275 378 1651 432 testimonium
1677 394 1786 429 non

156 454 483 526 amplector:
513 453 737 575 proprio
765 451 910 504 enim
937 458 1260 520 argumento
1288 449 1407 503 laus
1435 450 1547 502 ista
1570 449 1784 515 nititur,

157 524 414 598 quoniam
450 542 520 576 ex
547 541 608 577 eo
653 541 739 575 em
765 530 996 575 naturae
1021 530 1176 575 utero
1214 530 1267 574 et
1294 520 1630 574 continentia
1655 529 1786 574 nata
1808 540 1830 573 5

156 605 238 650 est
263 603 319 649 et
344 594 502 649 Cato.

164 689 167 692 ·
261 667 312 721 3.
347 667 593 719 Drusum
616 665 782 718 etiam
804 664 1213 730 Germanicum,
1237 663 1498 716 eximiam
1519 661 1784 715 Claudiae

153 737 400 790 familiae
435 735 669 806 gloriam
704 737 1027 807 patriaeque
1055 753 1243 787 rarum
1282 742 1692 799 ornamentum,
1731 740 1786 786 et

156 809 304 880 quod
340 826 505 879 super
548 808 732 866 omnia
765 815 875 874 est,
923 825 1150 877 operum
1188 823 1412 858 suorum
1459 822 1557 876 pro
1591 804 1797 857 habitu·

155 880 353 934 aetatis
398 877 776 948 magnitudine
810 878 1009 931 uitrico
1047 878 1255 948 pariter
1299 895 1363 929 ac
1398 875 1561 928 fratri
1595 876 1784 945 Augu·
1810 894 1851 926 ιο

156 951 283 1018 stis,
323 950 538 1004 duobus
575 949 655 1002 rei
681 949 937 1021 publicae
974 948 1176 1001 diuinis
1212 946 1414 1015 oculiS,
1452 946 1679 999 mirifice
1705 964 1787 999 re-

157 1021 544 1092 spondentem,
592 1020 841 1073 constitit
882 1038 1044 1073 usum
1087 1019 1304 1072 ueneris
1349 1019 1498 1072 intra
1537 1017 1784 1086 coniugis

155 1093 442 1146 caritatem
468 1091 715 1144 clausum
742 1092 1001 1144 tenuisse.
1048 1089 1290 1143 Antonia
1315 1107 1550 1161 quoque,
1579 1088 1787 1140 femina

153 1163 411 1222 laudibus
429 1161 646 1215 uirilem
666 1161 910 1215 familiae
931 1180 1062 1214 suae
1083 1161 1391 1216 claritatem
1411 1176 1785 1231 supergressa,

122 1243 129 1252 “
156 1252 399 1289 amorem
423 1233 609 1287 mariti
645 1234 871 1303 egregia
897 1233 1006 1285 fide
1033 1233 1308 1300 pensauit,
1349 1249 1488 1302 quae
1515 1237 1642 1301 post
1667 1229 1784 1281 eius
1810 1248 1852 1282 15

135 1323 445 1359 -excessum
479 1305 658 1357 forma
692 1314 741 1356 et
777 1312 957 1357 aetate
983 1303 1184 1357 florens
1214 1302 1568 1355 concubitum
1595 1318 1784 1354 socrus

194 1395 253 1429 ro
290 1375 543 1446 coniugio
569 1375 792 1442 habuit,
832 1376 889 1427 in
925 1374 1224 1446 eodemque
1252 1381 1371 1427 toro
1401 1371 1626 1425 alterius
1656 1371 1785 1424 adu-

154 1396 450 1500 lescentiae
494 1447 654 1516 uigor
703 1447 983 1499 extinctus
1032 1453 1140 1512 est,
1212 1443 1438 1497 alterius
1492 1442 1784 1495 uiduitatis

158 1518 501 1589 experientia
526 1518 828 1570 consenuit.
869 1517 972 1570 hoc
997 1514 1310 1570 cubiculum
1338 1514 1543 1568 talibus
1573 1513 1785 1584 experi-

156 1589 355 1641 mentis
384 1606 653 1640 summam
677 1589 921 1659 inponat.
1810 1605 1870 1645 20,

263 1659 315 1712 4.
352 1659 629 1729 Deinceps
666 1667 721 1712 et
746 1659 813 1710 iis
841 1677 1130 1724 uacemuS,
1171 1675 1404 1728 quorum
1439 1657 1654 1708 animus
1690 1653 1786 1707 ali-

159 1749 265 1801 quo
301 1730 359 1781 in
394 1737 668 1782 momento
695 1729 949 1799 ponendo
976 1729 1267 1799 pecuniam
1292 1745 1591 1797 numquam
1625 1743 1786 1777 uaca-

157 1801 258 1853 uit.
310 1799 409 1853 Cn.
435 1799 706 1866 MarciuS,
745 1800 1013 1870 patriciae
1039 1799 1218 1868 gentis
1253 1796 1606 1862 adulescens,
1643 1794 1788 1848 Anci

159 1871 304 1940 regis
344 1869 494 1923 clara
518 1871 837 1941 progenieS,
878 1871 965 1923 cui
994 1868 1225 1935 Corioli,
1269 1867 1597 1921 Volscorum
1632 1866 1784 1937 oppi-

159 1942 316 2009 dum,
355 1942 503 2012 capti
540 1959 1039 2010 suumcognomen
1075 1940 1426 2005 adiecerunt,
1463 1957 1588 1991 cum
1623 1936 1785 1992 editis
1809 1957 1852 1992 25

158 2012 483 2083 conspicuae
519 2012 862 2066 fortitudinis
898 2011 1156 2082 operibus
1185 2029 1217 2063 a
1243 2009 1508 2064 Postumo
1536 2008 1786 2067 Cominio

159 2082 382 2137 consule
443 2090 700 2135 accurata
749 2083 998 2136 oratione
1048 2081 1197 2153 apud
1239 2079 1454 2133 'milites
1506 2079 1784 2146 laudatuS,

160 2153 412 2207 omnibus
451 2153 607 2207 donis
646 2153 977 2207 militaribus
1010 2162 1064 2206 et
1099 2153 1219 2222 agri
1246 2161 1467 2205 centum
1500 2151 1786 2221 iugeribus

159 2234 214 2277 et
262 2224 451 2277 decem
494 2226 840 2295 captiuorum
891 2223 1154 2278 electione
1205 2231 1257 2275 et
1300 2223 1535 2277 totidem
1579 2221 1786 2276 ornatis

160 2296 313 2366 equis
325 2335 338 2361 ,
376 2297 688 2348 centenario
714 2296 881 2349 boum
917 2314 1083 2364 grege
1119 2302 1480 2365 argentoque,
1519 2301 1787 2364 quantum
1809 2313 1852 2348 30

160 2413 377 2458 berorum
396 2413 635 2472 obligauit.
687 2419 727 2458 4.
756 2414 833 2459 Cn.
855 2413 1063 2464 Marcius,
1085 2415 1196 2460 Anci
1219 2414 1342 2472 regis
1367 2413 1625 2473 progenies,
1648 2412 1782 2457 editis
1806 2424 1900 2460 Par.

160 2485 205 2528 in
232 2482 352 2529 bello
380 2483 652 2543 conspicuae
679 2484 964 2529 fortitudinis
993 2484 1234 2544 operibus,
1274 2498 1375 2530 cum
1404 2498 1428 2528 a
1454 2482 1673 2527 Postumo
1701 2481 1785 2527 Co·

160 2555 300 2599 minio
329 2568 425 2600 cos.
451 2553 660 2599 laudatus
686 2554 818 2600 donis
846 2554 1142 2605 militaribus,
1179 2554 1397 2614 captiuis,
1428 2559 1620 2612 argento
1647 2552 1785 2598 doua-

274 2665 328 2704 10
348 2663 570 2716 Augustis
591 2663 792 2715 Pc'yhius:
815 2666 1011 2715 augusto
1035 2663 1076 2702 B
1139 2664 1189 2703 16
1214 2665 1259 2702 et
1281 2676 1358 2702 om.
1382 2662 1425 2701 B
1445 2658 1465 2715 Η
1487 2661 1784 2702 concubitum

159 2720 368 2761 Foertseh
390 2719 450 2771 (I,
475 2718 547 2771 15)
559 2733 573 2759 .·
606 2721 780 2759 cuitum
802 2719 858 2766 B,
892 2719 1063 2759 coitum
1085 2719 1121 2765 b,
1158 2719 1419 2759 conuictum
1441 2718 1619 2771 Kempf,
1655 2718 1784 2758 cubi-

163 2776 316 2816 culum
346 2778 451 2818 detc.
519 2778 572 2816 21
605 2780 651 2817 et
680 2790 756 2819 om.
782 2776 824 2815 B
852 2777 896 2815 in
917 2789 1011 2816 ras.
1039 2772 1058 2829 Η
1086 2775 1158 2815 his
1191 2775 1232 2815 B
1293 2777 1347 2815 22
1379 2775 1577 2828 ponendi
1606 2774 1669 2822 B,
1717 2787 1792 2815 em.

168 2833 365 2930 Pt’tlalrl'islcibns
440 2835 494 2873 25
526 2834 653 2886 eapti
683 2846 810 2872 suum
839 2831 881 2872 B
909 2845 987 2885 my.
1020 2838 1062 2872 et
1092 2832 1291 2884 Lipsius:
1333 2832 1571 2884 captiuum
1593 2831 1664 2879 B,
1706 2843 1785 2871 ca-

158 2901 185 2941 p
274 2948 327 2987 32
349 2949 578 2999 postumio
608 2949 647 2987 V
666 2944 683 3000 Η
706 2947 902 2987 cuminio
933 2940 987 2985 V'

1419 3013 1525 3064 122>-
