1878 3132
35 0 414 27 η’ψι.τ;τ’ῑ-τ”’·’“”ν-’-
429 3 445 20 ·,
486 0 493 2 -

729 135 846 183 CAP.
874 93 967 188 vu,
1008 135 1038 195 S
1068 138 1135 181 15.
1678 128 1745 182 93

119 257 226 302 tur.
301 253 543 300 ceterum
578 263 635 297 se
673 245 724 297 ei
758 245 1076 325 permittere
1120 250 1183 296 ut
1219 243 1425 296 faceret
1459 241 1609 313 quod
1654 259 1744 295 ex·

119 318 309 392 pedire
345 317 425 370 rei
458 314 712 387 publicae
756 314 1083 381 iudicasset,
1137 314 1270 367 dum
1304 332 1373 367 ne
1407 314 1529 385 quis
1577 330 1648 366 ex
1677 312 1744 365 iis

118 407 345 443 munere
377 394 603 441 uacaret
646 393 742 439 aut
776 383 919 439 dono
954 384 1182 438 militari
1219 384 1517 439 donaretur
1561 391 1656 437 aut
1691 384 1749 435 in

120 459 366 526 Italiam,
405 458 578 511 donec
612 458 799 510 hostes
834 457 891 508 in
927 473 993 508 ea
1027 464 1239 523 essent,
1287 455 1591 509 accederet.
1667 455 1749 507 sic

121 530 336 585 eneruis
364 529 574 582 animos
601 526 785 582 odisse
810 527 989 579 uirtus
1017 526 1173 581 solet.
1769 545 1790 578 5

227 602 378 671 Age,
417 618 582 671 quam
614 598 859 668 grauiter
899 606 1121 651 senatus
1158 596 1287 650 tulit
1322 598 1471 668 quod
1507 597 1576 664 Q.
1603 597 1748 650 Peti-

120 672 253 726 lium
288 669 569 725 consulem
593 669 894 723 fortissime
931 669 1199 722 aduersus
1226 668 1461 737 Ligures
1501 668 1750 739 pugnan-

120 753 232 798 tem
268 742 518 796 occidere
551 739 753 793 milites
780 740 933 811 passi
969 748 1170 793 essent.
1221 738 1426 809 legioni
1451 758 1628 810 neque
1656 738 1750 792 sti-

120 812 384 886 pendium
409 811 540 865 anni
566 810 864 883 procedere
890 829 1067 882 neque
1095 829 1223 864 aera
1250 809 1371 863 dari
1397 810 1592 877 uoluit,
1621 810 1751 882 quia

121 904 222 958 pro
261 883 436 937 salute
468 882 814 954 imperatoris
849 882 1093 936 hostium
1129 900 1186 935 se
1223 880 1347 936 telis
1384 900 1495 935 non
1538 879 1750 935 obtule·
1774 901 1816 932 10

122 964 266 1010 rant.
321 954 490 1026 idque
517 955 799 1007 decretum
833 953 1158 1025 amplissimi
1195 953 1402 1006 ordinis
1440 953 1752 1024 speciosum

124 1035 180 1081 et
217 1033 500 1079 aeternum
525 1024 691 1078 Petili
726 1031 1140 1078 monumentum
1176 1024 1390 1092 extitit,
1429 1024 1532 1078 sub
1559 1042 1666 1095 quo
1692 1022 1752 1075 in

124 1098 240 1151 acie
282 1103 486 1163 morte,
537 1096 594 1148 in
627 1096 779 1148 curia
823 1094 1029 1149 ultione
1065 1095 1200 1148 clari
1235 1095 1443 1148 cineres
1491 1097 1608 1148 eius
1657 1094 1750 1147 ad-

124 1168 429 1240 quiescunt.

232 1236 521 1292 Consimili
546 1238 746 1305 animo,
783 1256 909 1290 cum
936 1237 987 1290 ei
1011 1236 1295 1290 Hannibal
1320 1250 1382 1288 VI
1408 1235 1621 1288 milium
1645 1236 1751 1288 Ro·
1776 1255 1818 1288 15

123 1327 427 1376 manorum,
455 1328 595 1381 quae
622 1318 787 1380 capta
811 1308 870 1360 in
896 1308 1092 1361 eastris
1119 1308 1377 1374 habebat,
1405 1305 1752 1360 redimendo-

123 1399 247 1433 rum
270 1387 602 1451 potestatem
627 1379 870 1446 fecisset,
893 1379 1270 1434 condicionem
1296 1379 1523 1451 spreuit,
1545 1396 1756 1431 memor

123 1459 338 1504 tantam
357 1450 764 1504 multitudinem
789 1459 1125 1505 armatorum
1150 1451 1431 1518 iuuenum,
1461 1451 1508 1503 si
1528 1450 1756 1502 honeste

126 1523 270 1577 mori
292 1521 585 1590 uoluisset,
625 1522 862 1593 turpiter
898 1523 1022 1593 capi
1047 1541 1158 1575 non
1193 1521 1458 1592 potuisse.
1494 1538 1755 1592 ⁸quorum

125 1592 312 1646 nescio
349 1600 535 1646 utrum
559 1593 735 1645 maius
773 1593 1012 1646 dedecus
1037 1592 1207 1645 fuerit
1233 1592 1381 1664 quod
1416 1592 1600 1663 patria
1637 1591 1755 1662 spei
1779 1612 1820 1643 20

128 1681 201 1715 an
225 1663 373 1743 quod
395 1663 567 1716 hostis
595 1671 772 1716 metus
800 1663 939 1715 nihil
963 1664 1022 1715 in
1048 1663 1115 1715 iis
1142 1665 1467 1735 reposuerit,
1495 1662 1631 1715 haec
1654 1681 1755 1733 pro

130 1752 213 1800 se,
250 1732 343 1786 1lle
367 1752 438 1785 ne
467 1733 731 1786 aduersus
760 1753 818 1786 se
846 1734 1172 1786 dimicarent
1196 1734 1358 1805 parui
1386 1733 1658 1787 ducendo.

239 1802 350 1856 Sed
394 1821 519 1855 cum
563 1803 891 1875 aliquotiens
929 1811 1151 1857 senatus
1187 1823 1287 1875 pro
1322 1803 1550 1856 militari
1595 1804 1755 1855 disci-

128 1873 282 1945 plina
319 1892 510 1927 seuere
554 1875 905 1942 exeubuerit,
958 1875 1144 1928 nescio
1184 1893 1256 1927 an
1291 1882 1409 1928 tum
1445 1874 1755 1944 praecipue,

129 1963 252 1997 cum
286 1943 517 2012 milites,
553 1947 647 2016 qui
671 1945 908 2015 Regium
941 1944 1314 2003 iniustobello
1350 1953 1757 2016 occupauerant
1780 1964 1822 1998 25

130 2023 453 2087 mortuoque
499 2015 636 2069 duce
674 2015 910 2070 Iubellio
946 2016 1023 2069 M.
1063 2015 1320 2070 Caesium
1366 2016 1603 2070 scribam
1639 2017 1754 2069 eius

42 2184 47 2190 ¹
130 2134 302 2181 faceret
337 2135 462 2196 quod
496 2135 706 2196 expedire
742 2138 809 2182 rei
835 2151 881 2197 p.
920 2135 1188 2188 iudicasset,
1226 2137 1333 2182 dum
1367 2150 1424 2182 ne
1460 2137 1561 2198 quis
1598 2151 1651 2182 ex
1685 2137 1754 2182 his
1779 2144 1874 2178 Par·

132 2205 251 2252 dono
279 2205 465 2252 militari
492 2207 754 2253 donaretur.
796 2233 854 2240 —
892 2207 1015 2252 Idem
1041 2213 1225 2253 senatus
1263 2222 1365 2254 cum
1392 2209 1599 2269 grauiter
1626 2207 1756 2253 tulis-

134 2282 207 2323 set
232 2276 283 2332 Q.
310 2277 459 2323 Petilii
487 2291 583 2324 cos.
619 2284 813 2324 mortem
841 2278 984 2325 occisi
1021 2293 1047 2324 a
1071 2279 1342 2339 Liguribus,
1378 2278 1551 2339 legioni
1582 2279 1754 2340 stipen-

133 2346 254 2392 dium
291 2347 390 2394 eius
416 2350 521 2393 anni
546 2349 643 2394 dari
671 2349 834 2395 uetuit.
876 2373 936 2381 —-
972 2349 1093 2395 Idem
1121 2357 1307 2396 senatus
1334 2350 1524 2400 milites,
1566 2352 1645 2410 qui
1673 2350 1758 2395 Re·
1780 2359 1821 2391 30

135 2418 260 2475 gium
297 2418 469 2464 iniusto
504 2419 626 2465 bello
661 2426 1000 2480 occupauerant
1032 2427 1314 2481 mortuoque
1346 2421 1459 2466 duce
1484 2420 1675 2466 Iubellio
1701 2420 1755 2465 M.

137 2485 344 2532 Caesium
370 2488 565 2534 scribam
593 2491 692 2535 eius
718 2492 1043 2551 imperatorem
1071 2490 1364 2551 delegerant,
1405 2505 1588 2537 carcere
1615 2491 1758 2536 inclu-

250 2612 275 2651 3
304 2614 500 2651 uacaret
525 2614 576 2650 ut
606 2604 660 2650 B'
695 2607 715 2666 Η
753 2614 952 2654 militiae
982 2614 1047 2661 B,
1079 2628 1154 2656 em.
1186 2628 1208 2655 e
1236 2616 1295 2663 P,
1329 2614 1386 2666 cf.
1414 2615 1511 2653 Liu.
1543 2615 1621 2661 25,
1655 2616 1700 2659 7,
1732 2615 1759 2653 4

134 2668 165 2707 4
193 2665 329 2708 italia
358 2668 401 2708 B
468 2669 493 2709 5
522 2679 718 2709 eneruos
740 2668 763 2709 b
830 2670 856 2709 6
887 2670 1009 2721 quod
1037 2670 1078 2724 ᾇ.
1110 2670 1158 2710 b:
1191 2669 1363 2722 quodq.
1386 2671 1426 2724 ξ.
1449 2663 1506 2709 Β’
1526 2675 1571 2710 ut
1591 2671 1761 2711 uidetur

138 2725 192 2764 15
219 2724 288 2769 ἶνῖ.
308 2737 384 2765 um
405 2736 695 2765 romanorum
715 2725 757 2765 B
787 2722 999 2777 (similiter
1017 2727 1136 2778 infra
1158 2741 1206 2779 p.
1230 2729 1298 2774 94,
1321 2730 1348 2768 5
1368 2727 1401 2768 1.
1422 2738 1505 2768 nos
1521 2740 1607 2780 pro
1631 2727 1761 2781 quin-

137 2791 375 2836 quagenos
397 2781 453 2833 cf.
476 2782 535 2822 ad
552 2781 593 2831 I,
616 2783 655 2828 8,
678 2780 753 2832 2),·
783 2783 836 2823 de
858 2796 1028 2825 numero
1050 2785 1313 2837 captiuorum
1332 2798 1374 2825 u.
1397 2785 1494 2826 Liu.
1518 2786 1590 2833 22,
1613 2787 1681 2834 59,
1705 2786 1759 2825 12

137 2842 182 2877 et
202 2841 268 2886 60,
291 2840 344 2878 19
413 2839 465 2878 19
486 2839 716 2891 potuisset
736 2832 792 2878 B'
859 2841 914 2881 20
933 2841 1116 2893 patriae
1137 2834 1194 2881 B'
1253 2842 1307 2882 22
1337 2840 1584 2882 dimicaret
1603 2841 1645 2881 B
1699 2842 1759 2881 25

139 2895 318 2948 regium
338 2895 427 2936 Pb:
458 2895 667 2948 regulum
687 2895 731 2936 B
791 2896 845 2935 26
866 2896 1064 2938 bubillio
1086 2897 1140 2946 B,
1163 2898 1356 2940 nibellio
1379 2899 1403 2940 b

254 2953 308 2992 30
328 2954 517 2992 senatus
542 2964 644 2992 eum
665 2952 837 2994 milites
866 2953 907 2992 V
938 2982 953 2987 η
