1936 3120
0 185 5 217 l

632 133 639 137 ,
667 89 784 135 CAP.
805 51 842 140 l,
872 89 1023 135 Damn.
1051 88 1081 147 S
1110 71 1248 134 148.
1659 84 1766 153 379

141 195 355 251 infelici
390 197 563 250 ductu
598 197 759 249 nimis
797 214 1051 265 magnam
1087 196 1238 262 urb-is
1277 195 1643 267 frequentiam
1670 199 1766 249 mi-

140 275 353 321 nueret.
546 332 555 339 .

250 339 303 391 5.
342 339 642 396 Possumus
681 346 734 390 et
769 338 855 389 ad-
878 336 1000 390 illos
1038 337 1195 390 breui
1223 336 1563 391 deuerticulo
1588 346 1766 391 trans-

143 408 319 478 gredi,
347 428 484 479 quos
511 407 660 460 leues
688 408 757 461 ob
786 426 979 459 causas
1005 407 1371 460 damnationis
1400 409 1650 461 incursus
1673 409 1765 462 ab·

139 479 332 549 ripuit.
382 479 459 532 M.
486 478 755 545 Muluius,
794 478 894 530 Cn.
920 476 1160 543 Lollius,
1188 479 1252 530 L.
1281 478 1544 531 Sextilius
1573 480 1762 532 trium—
1787 500 1808 533 5

144 550 272 615 uiri,
319 548 467 620 quod
503 550 574 601 ad
618 548 932 602 incendium
966 550 1023 600 in
1059 567 1215 600 sacra
1250 550 1341 600 uia
1375 558 1553 601 ortum
1591 552 1766 604 extin-

142 619 422 689 guendum
458 620 669 672 tardius
708 627 999 686 uenerant,
1039 638 1071 670 a
1107 619 1342 672 tribunis
1380 620 1453 690 pl.
1493 620 1580 673 die
1618 621 1766 674 dicta

137 690 290 761 apud
318 689 584 761 populum
609 690 852 743 damnati
879 699 1023 743 sunt.

255 761 304 812 6.
347 762 488 813 Item
514 761 576 813 P.
605 761 805 813 Villius
835 760 1091 812 triumuir
1119 770 1414 813 nocturnus
1443 779 1476 812 a
1502 762 1562 813 P.
1594 763 1763 832 Aqui-

140 830 213 884 lio
242 831 462 884 tribuno
491 833 564 902 pl.
594 842 883 884 accusatus
907 830 1096 901 populi
1117 831 1319 883 iudicio
1348 831 1604 899 concidit,
1634 833 1762 903 quia
1786 853 1827 885 ιο

142 901 362 971 uigilias
391 903 771 971 neglegentius
800 901 1164 954 circumierat.

250 973 300 1024 7.
341 972 658 1025 Admodum
695 990 919 1025 seuerae
953 981 1115 1025 notae
1154 980 1206 1023 et
1242 970 1380 1023 illud
1412 973 1602 1043 populi
1627 973 1764 1025 iudi-

136 1043 312 1110 cium,
353 1062 476 1096 cum
501 1043 578 1096 M.
606 1043 904 1095 Aemilium
933 1043 1251 1107 Porcinam,
1289 1061 1321 1094 a
1356 1043 1421 1095 L.
1450 1043 1642 1096 Cassio
1679 1062 1764 1096 ac-

136 1122 388 1166 cusatum
425 1114 654 1166 crimine
687 1114 849 1165 nimis
896 1113 1128 1165 sublime
1175 1122 1457 1166 extructae
1498 1113 1662 1167 uillae
1707 1115 1765 1166 in

138 1184 382 1237 Alsiensi
409 1203 560 1253 agro,
590 1185 747 1253 graui
773 1184 946 1235 multa
972 1183 1196 1235 adfecit.
1330 1233 1332 1235 ,
1624 1180 1630 1185 ’
1790 1204 1830 1236 15

247 1255 295 1307 8.
337 1255 464 1308 Non
492 1254 886 1324 subprimenda
911 1254 1055 1305 illius
1085 1273 1300 1324 quoque
1328 1254 1639 1320 damnatio,
1670 1256 1764 1325 qui

139 1325 352 1395 pueruli
379 1325 464 1377 sui
491 1326 658 1378 nimio
684 1344 867 1377 amore
889 1335 1192 1393 correptus,
1222 1333 1446 1393 rogatus
1469 1325 1539 1378 ab
1567 1344 1639 1378 eo=
1651 1326 1765 1377 ruri

137 1403 199 1447 ut
227 1415 473 1449 omasum
499 1397 555 1448 in
583 1415 774 1448 cenam
801 1396 920 1447 fieri
946 1395 1173 1459 iuberet,
1217 1414 1337 1446 cum
1375 1395 1611 1448 bubulae
1649 1415 1764 1448 car-

136 1467 222 1518 nis
259 1468 316 1519 in
351 1467 657 1536 propinquo
695 1466 957 1531 emendae
993 1464 1145 1516 nulla
1182 1465 1418 1517 facultas
1457 1476 1627 1532 esset,
1675 1467 1763 1519 do-

138 1537 270 1590 mito
298 1537 440 1590 boue
469 1538 645 1590 occiso
674 1537 1010 1589 desiderium
1045 1538 1158 1587 eius
1189 1536 1434 1606 expleuit
1470 1556 1642 1607 eoque
1669 1557 1762 1590 no·
1787 1558 1828 1588 20

137 1696 299 1743 consul
327 1696 472 1752 factus
500 1711 707 1757 magnam
735 1697 858 1741 urhis
887 1695 1188 1755 frequentiam
1218 1698 1456 1741 minueret.
1518 1697 1574 1741 ob
1601 1698 1646 1742 id
1672 1714 1743 1744 ac·
1769 1711 1863 1741 ear.

137 1774 293 1813 cusata
320 1767 620 1827 damnataque
650 1774 736 1812 est.
809 1771 850 1810 ἴ).
890 1767 942 1810 Μ.
974 1766 1206 1815 Mundius,
1245 1766 1321 1810 Cn.
1351 1766 1548 1816 Lollius,
1576 1767 1622 1811 L.
1653 1769 1759 1814 Sex-

140 1839 230 1882 tius
262 1838 514 1888 triumuiri,
553 1837 676 1897 quod
712 1837 767 1882 ad
802 1836 1058 1882 incendium
1099 1837 1143 1879 in
1182 1850 1306 1880 sacra
1336 1838 1407 1881 uia
1435 1844 1586 1882 ortum
1614 1841 1759 1883 extin-

138 1908 367 1968 guendum
398 1909 569 1953 tardius
600 1914 844 1958 uenerant,
873 1921 894 1950 a
924 1907 1118 1951 tribunis
1147 1906 1206 1965 pl.
1235 1907 1432 1951 damnati
1460 1913 1578 1951 sunt.
1643 1911 1682 1954 6.
1714 1910 1757 1954 P.

137 1979 316 2024 Auilius
354 1980 568 2024 triumuir
603 1994 623 2023 a
652 1979 699 2023 P.
728 1978 873 2023 Acilio
913 1977 1096 2022 tribuno
1134 1976 1194 2036 pl.
1231 1976 1469 2021 damnatus
1509 1983 1592 2027 est,
1634 1980 1756 2038 quod
1782 1988 1824 2020 25

141 2050 323 2109 uigilias
354 2049 525 2094 tardius
552 2050 853 2094 circumierat.
907 2053 947 2092 7.
987 2048 1041 2092 Μ.
1069 2047 1294 2101 Aemilius,
1311 2048 1500 2093 Porcina
1527 2062 1550 2092 a
1576 2049 1625 2092 L.
1657 2050 1762 2094 Cas-

136 2121 206 2165 sio
235 2119 374 2165 multa
413 2120 643 2170 adfectus,
692 2119 974 2179 quod-nimis
1004 2117 1244 2163 sublimem
1273 2118 1426 2162 uillam
1455 2132 1580 2162 suam
1608 2128 1762 2165 extru-

79 2219 84 2225 .
136 2196 279 2236 xerat.
354 2194 394 2236 8.
435 2190 625 2246 Quidam
653 2191 781 2250 pueri
810 2190 880 2235 sui
909 2190 1048 2234 nimio
1086 2202 1239 2234 :miore
1268 2196 1534 2248 correptus,
1571 2198 1760 2249 rogatus

135 2260 192 2306 ab
220 2275 274 2306 eo
301 2275 408 2306 rure
437 2268 486 2304 ut
525 2275 731 2306 omasum
769 2262 813 2304 iu
842 2274 997 2305 cenam
1034 2259 1131 2304 fieri
1173 2258 1375 2309 iuberet,
1415 2259 1583 2305 bubula
1612 2261 1760 2306 uenali

134 2344 227 2375 non
255 2338 460 2390 reperta.
489 2331 663 2375 domito
692 2330 810 2375 boue
839 2332 989 2375 occ-iso
1018 2329 1293 2374 desiderium
1321 2332 1417 2374 eius
1445 2331 1687 2389 explicauit
1714 2338 1759 2376 et
1781 2341 1823 2372 30

135 2399 197 2445 ob
223 2400 269 2445 id
295 2400 475 2460 publica
505 2401 770 2460 quaestione
798 2399 1005 2445 adflictus
1035 2405 1117 2444 est.

268 2552 288 2590 1
313 2552 517 2591 minuere
542 2544 596 2590 B'
656 2552 683 2588 4
705 2551 810 2590 obn
835 2562 999 2589 causas
1024 2549 1064 2587 B
1116 2550 1140 2588 5
1158 2550 1368 2589 mundius
1391 2550 1454 2589 Pb
1475 2547 1496 2603 [1
1536 2549 1758 2590 Sextilius

135 2607 201 2647 B:
236 2608 410 2647 sextius
432 2607 497 2647 Pb
578 2609 602 2647 9
644 2607 804 2646 billius
829 2606 887 2656 B,
920 2605 1086 2644 aussius
1118 2606 1159 2644 P
1196 2603 1214 2657 Η
1263 2610 1511 2646 nocturnus
1544 2621 1621 2648 om.
1652 2607 1694 2646 B
1715 2610 1758 2647 in

131 2676 223 2706 ras.
265 2661 285 2717 ΙΙ
325 2664 465 2704 acilio
487 2663 552 2703 Pb
616 2665 667 2703 10
690 2662 894 2702 condidit
914 2655 969 2701 B'
1031 2664 1081 2701 12
1099 2666 1238 2701 notae
1263 2662 1303 2701 B
1326 2675 1440 2706 corr,
1465 2676 1486 2703 e
1509 2667 1644 2703 nocte
1708 2665 1758 2702 16

134 2721 465 2772 supprimenda
488 2719 514 2759 b
595 2721 645 2760 17
689 2721 926 2770 correptus
960 2719 1020 2757 P:
1062 2722 1300 2770 corruptus
1323 2719 1365 2758 B
1404 2715 1424 2772 ΙΙ
1463 2732 1567 2760 rure
1591 2721 1630 2759 P
1707 2721 1758 2760 18

131 2789 371 2816 omansum
395 2777 436 2816 B
456 2772 474 2830 Η
499 2789 666 2834 cenam
690 2775 743 2826 B,
770 2788 915 2814 caena
938 2775 978 2814 P

251 2834 304 2872 21
328 2833 556 2878 minuerat
583 2833 626 2872 V
683 2833 735 2871 22
759 2845 813 2871 an
834 2831 1096 2871 Mundicius
1120 2834 1138 2870 ζ)
1159 2829 1177 2883 Η
1198 2831 1410 2872 sextilius
1441 2833 1481 2871 V
1500 2835 1542 2872 in
1564 2846 1642 2885 my.
1704 2835 1757 2872 26

136 2888 466 2930 circumierant
495 2890 540 2928 V
593 2890 646 2928 29
672 2901 819 2928 caena
850 2888 890 2926 V
947 2891 999 2928 30
1021 2890 1138 2928 immo
1162 2888 1369 2940 expleuit
