1936 3120
688 75 1180 168 ‘inanis-14.
1348 75 1389 150 f
1516 106 1523 110 “
1593 110 1602 118 ·
1664 107 1770 160 445

75 215 91 230 ⁵
151 222 334 270 tamen
351 215 632 288 aliquanto
650 215 842 270 melius
865 236 973 270 non
996 216 1230 270 dietum:
1271 236 1397 270 nam
1419 218 1768 292 quis‘populo
1806 246 1809 247 ⁷

36 331 44 336 .
76 293 82 355 ⁸.
153 287 400 342 Romano
427 288 590 341 irasci
616 288 894 359 sapienter
919 289 1135 359 potest?

260 359 311 412 3.
354 358 548 430 Itaque
583 378 651 412 ne
686 358 768 411 illi
794 359 1015 430 quidem
1040 358 1336 430 probandi,
1378 361 1628 431 quamuis
1655 360 1767 415 fac·
1796 421 1804 427 ,

155 438 272 483 tum
298 447 487 483 eorum
519 429 825 483 nobilitatis
867 429 1155 500 splendore
1181 439 1489 501 protectum
1517 432 1616 500 sit,
1654 434 1766 504 qui,

154 499 302 572 quod
327 498 427 553 Cn.
452 498 701 567 Flauius,
728 500 1065 553 humillimae
1129 501 1366 553 uondam
1394 503 1585 569 sortis,
1612 522 1767 574 prae·
1789 521 1811 554 5

153 580 334 624 turam
359 569 591 641 adeptus
619 580 751 637 erat,
780 572 973 624 offensi
1000 590 1107 624 anu
1132 590 1189 623 os
1219 591 1412 626 aureos
1442 574 1663 628 sibimet
1688 573 1767 644 ip·

154 640 228 694 sis
258 649 312 695 et
337 640 589 711 phaleras
618 643 770 714 equis
801 643 913 695 suis
942 642 1218 695 detractas
1247 643 1590 711 abiecerunt,
1621 643 1768 698 dolo-

152 712 229 764 ris
257 712 619 783 inpotentiam
644 722 861 767 tantum
885 733 995 768 non
1021 713 1174 766 luctu
1199 714 1446 784 professo
1475 715 1678 768 testati.

259 783 312 836 4.
352 783 506 836 Talis
533 784 647 836 irae
674 793 854 838 motus
882 793 977 837 aut
998 784 1335 854 singulorum
1354 794 1448 838 aut
1468 803 1766 856 paucorum

154 853 421 907 aduersus
472 854 735 926 populum
792 856 1134 908 uniuersum:
1213 856 1582 909 multitudinis
1636 875 1766 927 erga
1789 877 1829 909 ιο

151 925 427 996 principes
455 944 518 978 ac
545 925 710 980 duces
739 928 854 979 eius
881 926 1048 980 modi.
1110 925 1317 980 Manlio
1346 927 1627 1021 Torquato
1655 947 1766 980 am-

153 995 458 1067 plissimam
485 1004 538 1049 et
562 995 1018 1066 gloriosissimam
1055 1016 1126 1049 ex
1151 998 1363 1050 Latinis
1392 1006 1445 1050 et
1471 999 1763 1069 bampanis

151 1066 443 1121 uictoriam
476 1067 533 1119 in
567 1068 759 1122 urbem
791 1069 1081 1133 referenti,
1128 1087 1251 1120 cum
1296 1070 1534 1122 seniores
1581 1088 1765 1122 omnes

154 1137 367 1191 laetitia
392 1146 621 1192 ouantes
649 1148 1024 1205 occurrerent,
1062 1139 1336 1192 iuniorum
1362 1158 1517 1193 nemo
1545 1140 1767 1192 obuiam

123 1209 450 1280 sprocessit,
490 1209 638 1281 quod
675 1210 847 1262 filium
883 1209 1312 1277 adulescentem,
1350 1210 1648 1263 fortissime
1674 1211 1831 1263 ad-15

150 1298 345 1332 uersus
373 1280 663 1351 imperium
690 1300 849 1333 suum
884 1280 1233 1351 proeliatum,
1272 1282 1450 1333 securi
1487 1299 1766 1351 percusse-

152 1359 267 1404 rat:
309 1351 520 1404 miserti
554 1359 680 1404 sunt
715 1352 959 1423 aequalis
994 1352 1153 1403 nimis
1190 1370 1382 1422 aspere
1415 1352 1607 1421 puniti.
1668 1370 1767 1404 nec

152 1420 362 1474 factum
398 1441 584 1476 eorum
622 1422 886 1490 defendo,
934 1423 1030 1475 sed
1065 1423 1179 1474 irae
1214 1426 1327 1475 uim
1370 1421 1581 1490 indico,
1628 1441 1766 1493 quae

151 1493 314 1544 unius
341 1492 581 1546 ciuitatis
611 1501 664 1546 et
691 1502 898 1546 aetates
927 1502 979 1546 et
1005 1493 1253 1546 adfectus
1292 1492 1539 1545 diuidere
1575 1494 1765 1546 ualuit.

258 1562 307 1615 5.
347 1563 666 1634 Eademque
691 1573 907 1618 tantum
933 1565 1130 1634 potuit,
1159 1571 1219 1616 ut
1243 1565 1560 1616 uniuersum
1578 1563 1768 1635 populi
1790 1584 1831 1616 20

156 1633 393 1687 Romani
420 1634 754 1706 equitatum,
794 1654 826 1687 a
851 1635 1024 1687 Fabio
1060 1634 1280 1686 consule
1317 1634 1388 1686 ad
1418 1634 1654 1685 hostium
1682 1652 1766 1687 co-

155 1704 277 1775 pias
303 1705 707 1775 persequendas
734 1706 990 1771 missum,
1028 1724 1153 1758 cum
1180 1713 1233 1757 et
1262 1711 1376 1757 tuto
1405 1711 1458 1756 et
1483 1705 1645 1756 facile
1672 1723 1763 1756 eas

157 1775 347 1828 liceret
374 1774 580 1841 delere,
621 1775 757 1845 legis
786 1776 1034 1845 agrariae
1061 1776 1130 1828 ab
1159 1793 1219 1827 eo
1245 1774 1540 1845 impeditae
1566 1793 1764 1827 memo-

156 1864 298 1913 rem,
350 1846 669 1900 inmobilem
718 1848 996 1899 retineret.
1071 1844 1165 1897 illa
1206 1863 1336 1898 uero
1381 1845 1544 1896 etiam
1579 1845 1760 1915 Appio

153 1994 299 2039 sulem
339 1993 488 2040 faeere
524 1994 772 2040 nescitis?'
850 1996 885 2040 3.
929 1994 1038 2039 Cum
1075 1993 1257 2053 quidam
1284 1992 1362 2038 Cn.
1390 1992 1571 2037 Flauius
1599 1990 1763 2036 humil·
1786 2005 1828 2038 25

152 2065 286 2110 limae
325 2065 465 2110 sortis
502 2072 687 2126 praetor
723 2066 870 2110 sactus
907 2071 1052 2115 esset,
1090 2063 1271 2124 plurimi
1295 2077 1318 2108 e
1345 2062 1574 2108 nobilibus
1601 2061 1760 2107 anulos
1787 2048 1876 2082 Par.

152 2137 474 2197 proiecerunt,
522 2136 729 2197 phaleras
766 2137 896 2196 equis
943 2136 1260 2185 detraxerunt,
1306 2141 1531 2194 tamquam
1567 2133 1764 2193 indignis

154 2207 372 2252 darentur
397 2207 704 2266 magistratus.
769 2211 812 2250 4.
840 2207 1001 2252 Manlio
1032 2207 1264 2265 Torquato
1293 2217 1344 2249 ex
1368 2204 1538 2250 Latinis
1566 2211 1610 2249 et
1640 2203 1763 2249 Cam-

151 2278 283 2338 panis
304 2277 518 2322 referenti
541 2279 778 2323 uictoriam
796 2291 926 2322 nemo
949 2278 1165 2322 iuuenum
1188 2275 1398 2326 occurrit,
1421 2275 1540 2335 quod
1563 2275 1600 2320 is
1622 2274 1762 2319 filium

156 2361 287 2392 suum
317 2347 466 2393 securi
493 2354 797 2407 percusserat.
860 2351 900 2392 5.
928 2348 1168 2407 Equitatus
1194 2347 1421 2391 Romanus
1448 2344 1554 2390 Fabi
1583 2359 1679 2390 eos.
1709 2345 1761 2390 ad
1786 2358 1826 2390 30

154 2418 356 2463 hostium
393 2419 545 2478 copias
572 2417 910 2478 persequendas
938 2418 1105 2462 missus
1134 2430 1306 2461 memor
1337 2415 1538 2475 agrariae
1565 2415 1679 2475 legis
1707 2414 1760 2460 ab

155 2502 208 2535 eo
237 2488 463 2549 inpeditae
490 2502 580 2534 non
608 2490 647 2533 ei
675 2487 919 2534 obsecutus
947 2494 1028 2532 est.
1093 2487 1227 2546 Appii
1255 2486 1477 2532 exercitus
1504 2485 1761 2531 uoluntaria

266 2643 292 2682 6
316 2641 453 2681 simet
474 2640 514 2680 B
593 2641 618 2679 8
641 2640 901 2693 inpotentia
922 2634 976 2678 B'
998 2643 1041 2678 ut
1062 2640 1229 2678 uidetur
1267 2635 1287 2691 ΙΙ
1325 2635 1453 2677 luctii
1473 2635 1681 2689 profecto
1703 2635 1759 2687 B,

154 2711 230 2740 em.
252 2698 294 2740 J.
316 2698 392 2738 Fr,
418 2697 655 2738 Gronouius
716 2698 767 2737 10
808 2709 919 2749 erga.
942 2718 992 2723 —
1015 2694 1174 2734 latinis
1208 2694 1250 2734 B
1270 2697 1312 2734 in
1332 2707 1410 2747 my.
1433 2692 1557 2733 habet
1577 2706 1627 2732 m.
1651 2694 1758 2733 anti-

155 2767 240 2809 qua
258 2756 494 2807 suppletum
574 2755 622 2792 11
647 2753 836 2793 manilio
858 2753 900 2793 B
921 2758 1018 2792 ante
1039 2765 1125 2793 ras.
1219 2753 1269 2791 16
1292 2755 1440 2791 sserat
1461 2750 1639 2790 miserti
1659 2752 1762 2789 sunt

153 2810 197 2851 B
218 2812 262 2852 in
279 2824 368 2852 ras.
432 2813 481 2852 17
506 2809 727 2862 aequales
749 2809 772 2849 b
824 2811 873 2851 19
899 2813 1030 2848 aetas
1053 2801 1106 2847 B'
1128 2804 1146 2860 [Ι
1166 2806 1312 2848 uoluit
1331 2800 1388 2846 B'
1437 2809 1490 2848 23
1512 2806 1640 2859 leges
1663 2799 1717 2845 B'
1739 2802 1758 2857 ἐξ

157 2879 378 2908 memores
400 2867 454 2916 B,
477 2869 698 2908 memoria
722 2866 765 2907 Γ
820 2867 875 2906 24
898 2866 1033 2918 appio
1056 2878 1130 2906 om.
1157 2858 1211 2904 B'
1735 2862 1738 2870 ⁴

267 2925 320 2965 31
348 2925 512 2965 missus
534 2925 686 2964 addidi
