1924 3152
563 149 684 198 CAP.
710 149 798 200 1111,
812 134 855 208 '3
884 150 950 194 10.
979 149 1049 196 11.
1086 148 1135 199 v,
1164 147 1197 208 g>
1222 149 1262 192 1.
1627 138 1729 192 193

96 264 365 335 inpensae
400 260 622 324 funera,
667 257 858 327 inopes
895 257 1090 311 dotum
1125 254 1295 321 filias,
1341 253 1441 307 sed
1477 250 1728 323 egregios

95 331 438 398 consulatue,
466 329 727 383 mirificas
751 328 1072 393 dictaturaS,
1093 324 1520 379 innumerabiles
1538 325 1730 378 trium-

97 405 238 477 phos
276 402 564 464 cernimus
616 399 750 471 quid
786 417 916 469 ergo
952 398 1225 452 modicam
1259 397 1539 451 fortunam
1572 395 1732 468 quasi

140 475 458 546 raecipuum
483 471 700 542 generis
727 470 954 523 humani
988 468 1194 522 malum
1220 468 1429 522 diurnis
1467 467 1731 521 conuiciis

97 495 405 600 faceramus
423 584 438 611 ,
475 561 616 614 quae
641 549 703 595 ut
727 561 836 595 non
862 540 1303 607 abundantibus,
1338 539 1417 592 ita
1442 538 1568 592 fidis
1595 539 1726 593 ube·
1751 553 1773 586 5

96 618 254 671 ribus
290 613 632 681 PublicolaS,
671 611 963 680 Aemilios,
999 612 1311 678 Fabricios,
1355 610 1579 678 CuriOS,
1621 610 1733 664 Sci-

97 689 318 760 piones,
371 685 605 740 Scauros
642 685 819 755 iisque
859 684 1018 755 paria
1053 683 1258 737 robora
1302 681 1528 736 uirtutis
1575 680 1730 735 aluit.

96 775 438 828 exurgamus
475 758 655 828 potius
692 756 889 808 animis
917 755 1290 827 pecuniaeque
1327 760 1555 825 aspectu
1582 752 1732 806 debi-
1774 794 1777 795 γ

101 830 288 884 litatos
318 827 551 900 spiritus*
569 828 790 899 pristini
817 828 1076 899 temporis
1102 824 1366 879 memoria
1402 843 1730 878 recreemus,

99 918 340 970 namque
373 918 471 970 per
506 897 727 952 Romuli
763 916 948 952 casam
982 917 1080 969 per
1119 916 1187 950 ue
1223 896 1429 951 ueteris
1468 895 1729 967 Capitolii
1753 910 1795 944 ιο

100 971 330 1025 humilia
348 978 494 1025 tecta
516 978 568 1024 et
589 979 839 1024 aeternos
859 970 1064 1023 Vestae
1111 986 1237 1022 ocos
1243 1009 1257 1035 ,
1285 967 1547 1021 fictilibus
1570 968 1734 1021 etiam

101 1060 249 1095 nunc
273 1041 424 1094 uasis
461 1049 747 1095 contentos
762 1081 776 1108 ,
819 1042 938 1094 iuro
964 1039 1144 1093 nullas
1183 1038 1407 1093 diuitias
1436 1038 1628 1092 talium
1654 1038 1733 1091 ui-

99 1131 288 1166 rorum
312 1114 627 1184 paupertati
653 1129 815 1183 posse
839 1111 1126 1183 praeferri.

547 1254 615 1307 V.
667 1258 767 1306 DE
810 1257 1284 1307 VERECVNDIA.

211 1357 265 1407 A
301 1371 410 1425 qua
435 1353 799 1424 tempestiuus
837 1352 909 1405 ad
935 1352 1326 1405 uerecundiam
1351 1353 1618 1405 transitus
1655 1351 1735 1404 ui-
1761 1364 1801 1397 1⁵

65 1432 68 1434 ’
103 1425 283 1479 detur.
333 1425 470 1477 haec
505 1424 652 1476 enim
686 1424 1003 1477 iustissimis
1041 1424 1176 1476 uiris
1213 1423 1496 1494 praecepit
1531 1430 1595 1476 ut
1627 1423 1736 1493 pri-

103 1503 264 1550 uatas
299 1494 592 1549 facultates
620 1493 1002 1565 neglegerent,
1039 1493 1288 1566 publicas
1317 1513 1481 1566 quam
1516 1513 1605 1547 am
1647 1494 1736 1546 lis-

105 1567 271 1623 simas
299 1585 420 1620 esse
447 1573 728 1638 cuperent,
757 1565 926 1636 digna
953 1566 1042 1619 cui
1067 1565 1296 1637 perinde
1324 1574 1490 1637 atque
1517 1583 1612 1618 cae
1637 1566 1740 1618 esti

104 1638 318 1690 numini
335 1636 542 1708 templa
560 1644 887 1691 extruantur
913 1656 1039 1690 arae
1080 1655 1149 1690 ue
1172 1645 1579 1706 consecrentur,
1608 1637 1738 1719 quia

106 1725 307 1780 parens
344 1715 428 1760 est
463 1708 638 1760 omnis
665 1708 882 1761 honesti
909 1709 1059 1762 consi
1084 1708 1148 1776 ii,
1186 1707 1353 1760 tutela
1392 1706 1739 1761 sollemnlum
1761 1720 1803 1754 20

107 1778 445 1844 officiorum,
472 1779 741 1848 magistra
766 1779 1140 1846 innocentiae,
1171 1797 1298 1832 cara
1323 1779 1622 1849 proximis,
1653 1796 1738 1830 ac-

104 1857 270 1920 cepta
306 1847 526 1915 alienis,
565 1849 714 1900 omni
739 1848 857 1901 loco
894 1850 1149 1919 omnique
1175 1857 1422 1918 tempore
1458 1849 1738 1902 fauorabi-

107 1920 214 1974 lem
240 1938 373 1992 prae
400 1938 458 1972 se
484 1919 666 1973 ferens
692 1918 924 1974 uultum.

218 1991 266 2044 1.
308 1989 418 2044 Sed
452 1998 512 2045 ut
545 2009 578 2044 a
613 1988 874 2044 laudibus
915 1991 1030 2045 eius
1069 1990 1142 2044 ad
1167 1991 1317 2044 sacta
1350 1991 1669 2059 ueniamuS,
1706 2009 1739 2043 a

104 2061 332 2116 condita
375 2062 514 2115 urbe
559 2080 732 2133 usque
776 2061 847 2115 ad
894 2062 1224 2115 Africanum
1269 2068 1323 2114 et
1365 2062 1450 2114 Ti.
1485 2061 1739 2132 Longum
1763 2074 1805 2107 25

104 2131 358 2186 consules
425 2132 730 2187 romiscuus
759 2135 974 2187 senatui
1002 2141 1056 2186 et
1082 2133 1286 2205 populo
1314 2133 1740 2205 spectandorum

106 2202 364 2257 ludorum
421 2222 553 2258 ocus
591 2213 726 2258 erat.
786 2223 1085 2276 numquam
1120 2213 1307 2257 tamen
1343 2204 1632 2275 quisquam
1669 2214 1749 2257 ex'

106 2273 268 2345 plebe
294 2283 422 2328 ante
442 2284 627 2346 patres
655 2277 994 2347 conscriptos
1021 2276 1080 2328 in
1105 2275 1321 2328 theatro
1345 2283 1596 2346 spectare
1622 2294 1739 2329 sus-

108 2395 329 2454 quaginta
353 2394 477 2440 milia
503 2395 637 2439 aeriS.
690 2398 758 2439 11.
786 2394 840 2441 Μ.
869 2394 1041 2442 Scauro
1070 2409 1094 2442 a
1121 2401 1251 2456 patre
1275 2394 1506 2442 hereditas
1533 2408 1610 2441 sex
1637 2408 1734 2442 ser·
1757 2407 1853 2441 Par.

110 2477 277 2509 uorum
303 2477 490 2510 reuersa
515 2472 588 2510 est
616 2472 663 2511 et
686 2481 794 2511 xxx
819 2480 1125 2512 nummorum.
1760 2481 1803 2513 30

218 2535 259 2580 1.
296 2533 391 2580 DE
438 2534 890 2583 VERECVNDIA.
940 2539 978 2583 A
1004 2537 1187 2584 condita
1212 2537 1327 2583 urbe
1354 2537 1408 2583 ad
1436 2537 1503 2583 Ti.
1530 2537 1737 2598 Longum

105 2618 204 2651 cos.
242 2606 531 2665 promiscuus
560 2607 738 2653 senatui
766 2614 811 2654 et
836 2607 1010 2668 populo
1039 2608 1395 2669 spectandorum
1429 2607 1646 2654 ludorum
1671 2608 1740 2654 lo-

0 2731 2 2741 z
109 2689 191 2722 cus
219 2682 338 2721 erat:
366 2690 613 2738 numquam
640 2683 790 2724 tamen
819 2680 1060 2740 quisquam
1089 2678 1291 2740 explebe
1319 2686 1422 2726 ante
1447 2686 1603 2741 patres
1631 2694 1738 2726 con-

0 2755 15 2845 ῗ
225 2801 252 2842 3
273 2800 501 2841 modicam
524 2802 618 2843 cod.
641 2799 828 2843 Schotti:
860 2802 1088 2843 medicam
1110 2803 1164 2850 B,
1188 2801 1388 2844 mediam
1408 2803 1446 2853 b,
1477 2797 1740 2845 mendicam

0 2848 35 2907 3
111 2855 217 2897 dett.
295 2857 324 2897 4
362 2856 590 2898 diuturnis
630 2858 653 2898 b
734 2859 759 2898 7
795 2857 960 2911 hisque
992 2859 1034 2899 B
1072 2860 1115 2900 in
1142 2873 1232 2903 ras.
1315 2862 1366 2901 11
1406 2861 1549 2903 etiam
1577 2873 1686 2901 num
1715 2861 1738 2900 b

0 2911 29 2964 ξε
112 2912 167 2951 22
189 2913 354 2967 omniq.
377 2914 445 2954 B.-
470 2915 594 2955 omni
615 2915 638 2955 b
707 2916 760 2956 23
790 2927 900 2968 prae
924 2928 973 2957 se
996 2917 1202 2959 referens
1219 2917 1282 2966 B,
1314 2918 1588 2972 praeferens
1613 2917 1739 2960 Torr.

0 2965 49 3152 Ξ
109 2967 167 3008 24
189 2968 288 3010 eius
311 2969 501 3011 adfecta
523 2965 579 3011 B'

199 3051 304 3081 VAL.
330 3051 438 3084 qu.
1418 3043 1482 3096 13
