1924 3152
197 108 298 161 178
890 113 989 159 LIB.
1029 113 1116 160 llll.

194 220 578 273 uindicauerit.
638 238 767 271 nam
803 238 907 291 quo
943 220 1084 273 istae
1119 222 1334 289 generis
1368 220 1592 275 humani
1624 224 1810 278 certis·
1863 235 1870 249 ‘

196 292 363 343 simae
389 297 572 360 pestes
593 299 967 361 penetrarunt,
1005 291 1205 344 iniuria
1232 292 1559 360 dominatur,
1585 293 1812 346 infamia

194 361 420 429 flagrat,
458 363 492 427 ’ζ-
518 359 743 430 linguis:
785 362 1087 416 contrarios
1115 361 1199 414 his
1227 370 1337 415 tam
1366 361 1500 416 diris
1527 363 1675 416 uitiis
1701 381 1810 416 mo-

194 449 278 483 res
309 449 807 485 commemoremus.

143 517 162 549 5
303 504 349 555 1.
402 501 671 567 Quartum
717 510 770 555 et
813 502 1131 555 uicesimum
1165 521 1366 555 annum
1411 522 1578 574 agens
1612 503 1701 557 Sci
1743 503 1811 569 io,

195 590 317 624 cum
355 572 413 624 in
438 572 712 643 Hispania
737 572 1081 642 Karthagine
1117 592 1380 647 oppressa
1413 573 1633 628 maioris
1729 592 1810 626 ar-

192 642 434 712 thaginis
480 643 781 714 capiendae
822 645 1148 714 sumpsisset
1181 644 1454 715 auspicia,
1502 643 1812 715 multosque

193 713 428 780 obsideS,
457 732 592 785 quos
618 714 675 766 in
702 732 766 767 ea
789 715 926 768 urbe
957 715 1127 769 Poeni
1155 714 1368 768 clausos
1393 715 1727 781 habuerant,
1754 714 1812 765 in

194 802 347 837 suam
379 791 707 855 potestatem
741 784 1071 854 redegisset,
1118 785 1348 837 eximiae
1393 785 1538 838 inter
1576 803 1670 839 eos
1704 785 1811 836 for-

130 871 170 902 10
193 873 313 908 mae
338 855 606 924 uirginem
632 855 826 908 aetatis
865 855 1084 908 adultae
1113 864 1166 908 et
1192 855 1407 908 iuuenis
1436 864 1490 909 et
1516 855 1730 908 caelebs
1759 860 1813 906 et

192 926 395 994 uictor,
432 934 721 997 postquam
759 927 1027 996 comperit
1061 925 1282 979 inlustri
1319 924 1440 980 loco
1477 926 1621 979 inter
1647 924 1811 978 Celti-

191 997 353 1050 beros
391 1004 577 1049 natam
612 996 1062 1068 nobilissimoque
1098 996 1274 1066 gentis
1314 996 1429 1049 eius
1457 995 1685 1049 Indibili
1722 995 1810 1048 de-

194 1085 476 1138 sponsam,
515 1067 788 1120 arcessitis
825 1067 1144 1138 parentibus
1183 1075 1236 1120 et
1262 1085 1459 1138 sponso
1493 1066 1813 1119 inuiolatam

194 1137 443 1190 tradidit.
486 1156 678 1190 aurum
706 1156 937 1209 quoque,
967 1137 1115 1208 quod
1140 1156 1238 1208 pro
1265 1137 1637 1207 redemptione
1663 1135 1810 1207 puel-

129 1223 170 1255 15
192 1207 277 1260 lae
310 1206 538 1261 allatum
575 1216 720 1275 erat,
760 1226 1006 1260 summae
1042 1208 1186 1261 dotis
1224 1206 1439 1260 adiecit.
1536 1226 1607 1259 ua
1642 1205 1811 1259 conti-

192 1279 379 1332 nentia
414 1297 478 1331 ac
514 1278 885 1332 munificentia
910 1278 1165 1331 Indibilis
1203 1277 1475 1347 obligatus
1559 1275 1812 1330 eltibero-

192 1368 312 1402 rum
333 1349 542 1418 animos
562 1349 818 1402 Romanis
848 1348 1174 1419 adplicando
1195 1349 1406 1401 meritis
1429 1348 1542 1400 eius
1566 1347 1809 1400 debitam

194 1421 426 1490 gratiam
452 1418 680 1472 rettulit.

155 1506 164 1512 ·
299 1490 349 1543 2.
388 1490 595 1542 Verum
621 1498 682 1542 ut
705 1490 866 1542 huius
893 1489 1000 1541 uiri
1037 1489 1401 1542 abstinentiae
1428 1489 1584 1541 testis
1611 1487 1810 1557 Hispa-

51 1600 54 1604 ,
131 1576 172 1608 20
193 1562 304 1627 nia,
331 1561 411 1613 ita
434 1560 511 1612 M.
534 1559 756 1613 Catonis
779 1560 996 1630 Epiros,
1024 1560 1256 1626 Achaia,
1285 1558 1552 1630 Cyclades
1580 1557 1809 1624 insulae,

191 1631 469 1685 maritima
504 1649 632 1701 pars
661 1630 856 1697 Asiae,
893 1631 1180 1701 prouincia
1215 1629 1445 1701 Cypros
1507 1628 1650 1681 unde
1687 1646 1811 1680 cum

193 1702 454 1774 pecuniae
501 1700 874 1771 deportandae
917 1701 1281 1753 ministerium
1327 1701 1645 1766 sustineret,
1698 1707 1811 1751 tam

194 1791 449 1826 auersum
485 1772 726 1824 animum
753 1771 823 1825 ab
862 1772 1009 1824 omni
1044 1790 1242 1824 uenere
1279 1789 1442 1842 quam
1477 1789 1510 1822 a
1542 1769 1693 1822 lucro
1720 1768 1811 1820 ha-

192 1844 335 1910 buit,
392 1843 448 1894 in
486 1842 728 1894 maxima
764 1842 1051 1913 utriusque
1096 1841 1548 1912 intemperantiae
1582 1839 1813 1892 materia

130 1930 170 1962 25
191 1923 460 1968 uersatus.
497 1931 623 1965 nam
651 1922 704 1965 et
729 1913 914 1980 regiae
940 1913 1166 1965 diuitiae
1192 1919 1466 1983 potestate
1490 1910 1661 1982 ipsius
1689 1928 1811 1964 con-

194 1986 510 2038 tinebantur
555 1991 608 2036 et
651 1982 1020 2036 fertilissimae
1067 1982 1380 2036 deliciarum
1422 1990 1505 2035 tot
1543 1980 1811 2033 Graeciae

78 2110 170 2146 Par.
304 2105 341 2147 1.
391 2101 485 2146 DE
529 2100 1000 2146 ABSTINENTIA.
1082 2101 1231 2161 Scipio
1267 2114 1423 2146 xxnn
1459 2113 1626 2146 annum
1673 2112 1810 2158 agens

194 2187 295 2219 cum
333 2174 378 2217 in
404 2172 618 2232 Hispania
646 2171 961 2230 Carthaginem
989 2172 1209 2231 cepisset,
1248 2171 1432 2215 eximiae
1459 2171 1580 2214 inter
1605 2169 1813 2228 captiuas

194 2242 543 2304 pulchritudinis
570 2242 764 2302 puellam
793 2240 992 2286 nobilem
1020 2241 1240 2300 cognouit
1267 2238 1451 2286 Indebili
1480 2238 1651 2284 cuidam
1678 2237 1813 2283 Celti-

129 2325 171 2359 30
194 2313 303 2359 hero
332 2313 617 2373 desponsam.
668 2314 820 2372 itaque
846 2311 1076 2357 arcessitis
1104 2311 1368 2371 parentibus
1396 2316 1440 2355 et
1468 2323 1636 2370 sponso
1666 2308 1811 2354 inuio-

194 2385 328 2430 latam
372 2383 579 2434 tradidit,
627 2397 736 2428 auro
784 2384 942 2433 etiam,
989 2382 1108 2442 quod
1155 2396 1238 2442 pro
1285 2380 1595 2440 redemptione
1636 2378 1815 2439 puellae

195 2462 442 2515 acceperat,
472 2468 673 2500 summae
700 2454 818 2499 dotis
845 2453 1042 2499 adiecto:
1072 2467 1159 2513 qua
1187 2451 1460 2498 abstinentia
1488 2451 1660 2496 animos
1679 2448 1815 2494 Celti·

311 2580 332 2618 1
364 2591 474 2632 quos
505 2579 547 2618 B
614 2579 639 2617 2
669 2580 717 2617 in
747 2579 813 2617 eis
835 2577 1003 2617 iniuria
1026 2576 1070 2623 b,
1103 2576 1165 2616 ibi
1189 2576 1268 2618 ini.
1299 2575 1422 2617 Torr.
1490 2576 1516 2614 3
1545 2571 1715 2625 linguis
1745 2571 1814 2611 B.-

196 2636 362 2687 quibus
384 2634 563 2675 relictis
595 2635 639 2682 h,
671 2634 891 2674 libentius
913 2633 1142 2678 Foertseh;
1173 2633 1341 2672 uidetur
1363 2632 1508 2683 potius
1535 2629 1703 2669 uerbum
1733 2627 1810 2666 ali-

196 2693 325 2744 quod,
359 2693 472 2732 uelut
491 2694 712 2744 peccatur
743 2693 808 2731 uel
835 2703 926 2731 non
949 2690 1175 2743 parcitur,
1209 2689 1474 2729 intercidisse
1535 2687 1588 2724 12
1616 2682 1813 2724 indebili

195 2748 218 2788 b
240 2745 258 2801 Η
276 2747 545 2800 dispensam
567 2747 609 2787 B
670 2749 721 2788 19
753 2748 888 2787 testis
918 2746 1184 2798 inhispania
1213 2745 1255 2784 B
1314 2745 1368 2783 24
1397 2742 1619 2782 materia*
1648 2739 1690 2779 B
1757 2739 1812 2778 26

194 2804 430 2857 *graecia*
469 2797 523 2842 B'
565 2805 684 2856 (leinc
711 2806 754 2843 in
783 2816 860 2855 περ.
895 2806 994 2843 tota
1031 2815 1112 2855 pro
1143 2800 1259 2853 tot),
1302 2799 1517 2865 graeciae
1556 2796 1603 2845 b,
1638 2796 1742 2848 for-c.
1780 2806 1814 2846 p

226 2873 427 2902 raeciam

195 2874 222 2915 g
309 2919 362 2959 29
386 2916 579 2957 indeuili
601 2916 784 2969 quidam
814 2917 853 2955 V
912 2918 962 2962 31
989 2928 1099 2956 auro
1122 2936 1177 2943 —
1200 2911 1427 2965 obligauit
1448 2924 1524 2953 om.
1549 2909 1645 2950 Mai
