1924 3152
0 494 54 551 Q

108 2096 165 2132 Pa

220 146 327 199 214
919 153 1018 230 LlB.
1056 152 1146 198 1111.

221 260 499 314 habuisse.
564 266 684 311 erat
726 258 937 330 opibus.
973 258 1276 327 excellenS,
1326 261 1426 314 sed
1459 261 1630 318 multo
1667 259 1842 317 'etiam

224 331 402 383 animo
451 347 616 399 quam
654 328 863 383 diuitiis
899 329 1222 412 locupletior
1257 349 1579 404 semperque
1619 332 1679 385 in
1725 351 1840 391 ero-

222 400 406 471 ganda
425 400 609 470 potius
629 419 792 471 quam
818 401 877 453 in
902 401 1246 472 corripienda
1266 403 1498 473 pecunia
1523 412 1840 485 occupatuS,

226 471 362 524 adeo
389 479 450 523 ut
477 470 669 524 domus
707 472 824 524 eius
853 472 1012 542 quasi
1039 472 1310 543 quaedam
1335 473 1738 527 munificentiae
1764 473 1841 526 of-

183 558 204 591 5
228 542 390 594 ficina
434 541 766 596 crederetur.
839 542 990 595 illinc
1025 543 1167 595 enim
1201 542 1436 615 publicis
1477 545 1667 598 usibus
1713 553 1843 615 apta

226 620 576 665 monumenta
614 613 1042 680 extruebantur‚
1089 612 1239 667 illinc
1273 622 1432 684 grata
1456 614 1645 686 populi
1671 614 1842 669 oculis

224 683 544 754 spectacula
570 684 898 751 edebantur,
935 683 1088 736 illinc
1113 683 1398 755 epularum
1431 685 1713 754 magnifici
1750 704 1841 755 ap-

224 762 451 825 paratus
488 754 802 826 labentique
844 773 1090 807 annonae
1118 754 1365 808 subsidia
1390 755 1726 809 oriebantur.
1789 764 1842 808 et

226 843 350 877 cum
374 824 511 878 haec
535 826 838 893 uniuersiS,
877 826 1143 896 priuatim
1177 824 1440 878 alimenta
1471 825 1660 896 inopia
1693 825 1841 880 labo-

161 912 202 944 10
225 895 506 963 rantibuS,
554 896 710 949 dotes
744 896 1052 966 uirginibus
1088 903 1414 966 paupertate
1447 896 1654 966 pressis
1666 935 1679 962 ,
1717 895 1843 948 sub-

225 965 366 1018 sidia
394 965 849 1021 detrimentorum
884 967 1109 1019 incursu
1134 967 1419 1037 'quassatis
1455 966 1843 1037 erogabantur.

222 1036 467 1107 hospites
515 1057 620 1108 quo
664 1056 732 1090 ue
770 1055 892 1090 cum
935 1036 1163 1091 urbanis
1203 1036 1497 1108 penatibus
1532 1045 1649 1091 tum
1682 1037 1846 1090 etiam

222 1108 444 1161 rusticis
466 1110 625 1162 tectis
688 1108 1038 1178 enignissime
1065 1108 1300 1178 excepti,
1326 1107 1495 1161 uariis
1521 1108 1840 1161 muneribus

226 1178 406 1231 ornati
433 1179 868 1233 dimittebantur.
927 1178 1164 1250 quodam
1190 1197 1322 1233 uero
1349 1187 1596 1249 tempore
1620 1193 1661 1230 D
1684 1176 1846 1231 simul

160 1262 202 1297 15
226 1248 546 1303 Gelensium
566 1250 776 1321 equites
797 1250 855 1301 ui
876 1250 1216 1319 tempestatis
1242 1250 1301 1301 in
1319 1250 1694 1319 possessiones
1716 1266 1843 1301 suas

226 1319 514 1391 conpulsos
552 1320 688 1373 aluit
725 1339 790 1373 ac
824 1320 1069 1373 uestiuit.
1132 1319 1266 1390 quid
1302 1318 1512 1373 multa?
1561 1338 1673 1373 non
1704 1336 1844 1370 mor—

224 1390 391 1444 talem
433 1390 697 1462 aliquem,
762 1391 860 1443 sed
902 1389 1173 1462 propitiae
1215 1390 1495 1443 Fortunae
1546 1388 1675 1443 beni
1753 1407 1846 1441 um

224 1479 344 1514 esse
385 1461 594 1514 diceres
641 1462 838 1514 sinum.
914 1479 1044 1530 ergo
1089 1460 1236 1530 quod
1280 1459 1475 1514 Gillias
1525 1459 1675 1531 possi
1717 1459 1846 1512 ebat

226 1532 467 1585 omnium
494 1532 652 1603 quasi
676 1550 959 1585 commune
984 1531 1376 1602 patrimonium
1401 1539 1537 1597 erat,
1563 1548 1662 1601 pro
1689 1530 1844 1584 cuius

160 1618 204 1652 20
227 1602 402 1655 salute
438 1610 493 1656 et
526 1603 874 1656 incrementis
911 1621 1036 1655 cum
1069 1602 1451 1671 Acragantina
1493 1601 1692 1654 ciuitas
1730 1607 1847 1652 tum

225 1673 391 1727 etiam
415 1674 633 1726 uicinae
667 1673 917 1743 regiones
954 1672 1100 1726 uotis
1138 1673 1502 1726 excubabant.
1566 1670 1789 1725 conloca
1817 1689 1846 1723 e

225 1744 499 1798 contraria
533 1751 690 1815 parte
725 1762 883 1797 arcas
927 1741 1364 1797 inexorabilibus
1401 1741 1654 1796 claustris
1691 1742 1845 1795 obse·

223 1824 399 1882 rataS,
435 1833 616 1868 nonne
651 1814 1114 1886 praestantiorem
1150 1813 1430 1884 aliquanto
1467 1812 1747 1881 existimes
1784 1811 1847 1863 il-

223 1885 334 1938 lam
358 1886 645 1958 inpensam
673 1905 838 1957 quam
863 1885 1003 1938 hanc
1029 1884 1373 1938 custodiam?

161 2055 203 2089 25
228 2047 557 2108 Agrigentinus
594 2054 683 2092 tam
720 2047 923 2093 liberalis
960 2046 1068 2097 fuit,
1113 2052 1166 2093 ut
1201 2044 1422 2107 populum
1459 2044 1580 2095 domi
1618 2058 1727 2089 suae
1755 2042 1845 2089 fre·

168 2109 203 2134 ν·
229 2124 424 2179 quenter
449 2124 680 2178 pasceret,
710 2116 851 2163 multa
878 2117 1080 2167 donaret,
1107 2115 1319 2162 uolentes
1346 2117 1391 2160 in
1418 2115 1591 2174 regiam
1616 2127 1744 2160 suam
1771 2113 1847 2158 ad-

224 2189 453 2240 mitteret,
487 2188 549 2234 ita
574 2195 624 2233 ut
651 2188 775 2248 quod
802 2186 963 2233 Callias
990 2186 1246 2247 possideret
1275 2189 1475 2231 omnium
1503 2197 1741 2231 commune
1768 2198 1848 2244 pa·

224 2260 487 2306 trimonium
514 2265 649 2305 esset.

340 2413 365 2452 6
396 2407 576 2465 populi]
611 2409 801 2464 pupillis
824 2410 879 2457 B,
913 2407 1113 2463 publicis
1139 2409 1182 2451 Γ
1236 2409 1262 2450 9
1294 2410 1432 2460 atque
1461 2406 1683 2460 priuatim
1705 2405 1728 2446 b
1789 2406 1846 2446 20

230 2480 333 2510 cum
355 2467 539 2522 Kempf:
561 2472 659 2510 tum
679 2467 721 2507 B
771 2468 823 2507 21
850 2466 1092 2508 conloca**
1118 2464 1124 2519 Ι
1154 2479 1176 2506 e
1202 2464 1434 2506 contraria
1455 2461 1553 2516 B(e
1576 2463 1678 2506 add.
1697 2476 1748 2504 m.
1771 2461 1846 2514 2).-

226 2526 397 2566 uidetur
426 2530 648 2567 corrector
677 2538 699 2566 e
730 2526 798 2565 uel
827 2537 883 2564 ex
923 2523 1044 2575 (nam
1070 2524 1252 2576 spatium
1281 2528 1347 2563 est
1374 2522 1549 2562 duarum
1579 2522 1813 2560 litterarum
1825 2518 1846 2570 )

227 2595 286 2623 em
306 2595 434 2624 uersu
452 2585 602 2635 priore
622 2583 666 2622 in
685 2586 926 2636 sequentem
948 2581 1231 2621 transtulisse.
