1936 3120
277 129 382 182 476
950 136 1050 182 LIB.
1091 136 1210 182 V1111.

385 241 436 291 2.
479 240 700 292 Gnaeus
729 259 943 311 quoque
964 241 1142 295 Carbo
1163 260 1395 311 magnae
1420 244 1781 298 uerecundiae
1801 254 1887 298 est

278 310 493 362 Latinis
517 309 822 363 annalibus
861 311 1020 363 tertio
1045 311 1102 362 in
1123 311 1410 365 consulatu
1437 331 1534 366 suo
1561 313 1715 378 iussu
1727 315 1885 368 Pom—

278 381 367 449 pei
393 379 449 429 in
476 378 664 432 Sicilia
690 380 762 432 ad
790 380 1119 451 supplicium
1148 382 1354 434 ductus
1371 384 1531 452 petiit
1556 402 1590 435 a
1613 383 1882 438 militibus

279 449 516 501 demisse
545 458 597 501 et
623 449 880 503 flebiliter
905 459 966 503 ut
995 451 1099 504 sibi
1126 451 1309 504 aluum
1336 451 1520 505 leuare
1544 454 1695 523 prius
1722 473 1884 523 quam

234 532 253 564 5
279 520 558 589 expiraret
593 519 811 587 liceret,
851 540 955 591 quo
979 522 1330 574 -miserrimae
1366 522 1501 575 lucis
1537 541 1640 574 usu
1678 523 1884 576 diutius

275 589 568 656 frueretur,
598 609 660 642 eo
687 610 860 661 usque
887 609 1093 643 moram
1118 591 1358 659 trahenS,
1388 592 1559 646 donec
1579 603 1742 663 caput
1767 596 1902 646 eius—

276 658 494 711 sordido
523 661 578 710 in
599 659 716 713 loco
741 661 983 713 sedentis
1007 662 1400 715 abscideretur.
1443 659 1564 733 ips‘a
1581 663 1754 716 uerba
1772 663 1881 716 tale

275 729 541 798 flagitium
588 732 865 783 narrantis
917 730 1097 784 secum
1141 732 1446 798 luctantur,
1509 751 1610 784 nec
1659 733 1879 787 silentio

274 799 475 862 amica,
505 800 634 880 quia
671 800 936 853 occultari
971 821 1079 855 non
1117 810 1382 869 meretur,
1421 819 1595 872 neque
1629 802 1881 856 relationi

212 883 253 914 10
275 868 590 937 familiana,
620 871 748 940 quia
775 871 926 923 dictu
951 871 1286 924 fastidienda
1312 880 1451 924 sunt.

377 968 426 1019 3.
468 968 634 1034 Quid,
665 969 734 1020 D.
759 969 962 1021 Brutus
987 970 1237 1039 exiguom
1261 978 1315 1022 et
1333 969 1529 1023 infelix
1547 957 1878 1023 momeritum

269 1036 417 1089 uitae
444 1047 646 1107 quanto
677 1039 942 1092 dedecore
980 1039 1131 1092 emit!
1197 1041 1290 1110 qui
1317 1059 1349 1091 a
1375 1040 1570 1107 Furio,
1613 1059 1771 1109 quem
1807 1040 1878 1092 ad

270 1124 391 1158 eum
432 1107 787 1160 occidendum
830 1109 1104 1162 Antonius
1149 1110 1400 1176 miserat,
1454 1109 1877 1180 conprehensuS,

268 1195 375 1228 non
403 1176 578 1229 solum
607 1179 875 1230 ceruicem
902 1179 1084 1248 gladio
1114 1180 1411 1246 subtraxit,
1440 1180 1537 1232 sed
1563 1180 1728 1232 etiam
1755 1198 1879 1232 con-

204 1260 244 1291 15
270 1248 503 1299 stantius
552 1267 671 1299 eam
715 1250 978 1318 praebere
1025 1250 1334 1302 admonitus
1377 1249 1511 1319 ipsis
1558 1249 1643 1301 his
1689 1249 1874 1301 uerbis

269 1316 500 1368 iurauit:
546 1320 650 1370 ‘ita
675 1319 882 1385 uiuam,
922 1319 1110 1372 dabo⁷.
1164 1338 1191 1371 ο
1218 1319 1614 1372 cunctationem
1648 1318 1751 1370 fati
1788 1337 1875 1370 ae-

264 1390 598 1439 rumnosam!
640 1408 669 1441 o
698 1389 915 1440 iurandi
942 1389 1200 1442 stolidam
1228 1389 1413 1441 fidem!
1461 1389 1557 1440 sed
1581 1388 1685 1444 hos,
1705 1397 1766 1440 tu
1791 1388 1872 1440 fu—

264 1473 412 1508 rores
451 1457 794 1510 inmoderata
834 1458 1104 1510 retinendi
1140 1459 1365 1529 spiritus
1395 1457 1622 1511 dulcedo
1650 1458 1876 1524 subicis,

198 1540 201 1543 ·
266 1544 429 1578 sanae
456 1527 684 1579 rationis
714 1528 937 1580 modum
965 1528 1329 1598 expugnando
1347 1568 1360 1594 ,
1399 1547 1537 1598 quae
1562 1529 1728 1580 uitam
1757 1528 1876 1579 dili-

201 1609 245 1640 20
267 1614 414 1664 gere,
443 1605 673 1649 mortem
698 1617 806 1650 non
835 1601 1026 1650 timere
1053 1599 1351 1668 praecepit.

372 1697 493 1746 Ext.
527 1696 570 1745 1.
610 1695 820 1746 Eadem
858 1695 1085 1747 Xerxen
1130 1714 1311 1764 regem
1356 1714 1454 1766 pro
1500 1695 1666 1748 totius
1704 1695 1872 1747 Asiae

262 1772 476 1815 armata
502 1765 803 1832 iuuentute,
834 1765 979 1836 quod
997 1766 1145 1817 intra
1165 1775 1382 1818 centum
1403 1784 1572 1818 annos
1594 1773 1739 1817 esset
1760 1765 1871 1818 obi—

260 1840 404 1900 tura,
444 1833 777 1903 profundere
803 1834 1057 1887 lacrimas
1086 1836 1334 1905 coegisti.
1391 1836 1483 1906 qui
1522 1834 1652 1886 mihi
1691 1835 1872 1904 specie

249 1903 508 1968 alienam,
550 1923 607 1956 re
636 1923 767 1956 uera
794 1911 961 1957 suam
978 1905 1353 1958 condicionem
1380 1905 1694 1976 deplorasse
1718 1903 1868 1956 uide-

197 1986 239 2018 25
263 1980 368 2039 tur,
399 1991 561 2044 opum
587 1975 965 2043 magnitudine
993 1995 1154 2046 quam
1180 1975 1372 2028 altiore
1409 1975 1576 2027 animi
1603 1992 1767 2026 sensu
1791 1974 1868 2025 fe-

256 2042 429 2095 licior.
519 2046 603 2095 uis
643 2045 782 2096 enim
818 2046 1169 2098 mediocriter
1213 2045 1452 2115 prudens
1491 2044 1775 2097 mortalem
1809 2062 1867 2095 se

256 2121 445 2165 natum
512 2115 726 2166 euerit‘?

139 2272 229 2308 Par.
256 2271 398 2316 Carbo
425 2286 542 2322 cos.‚
581 2273 708 2317 iussu
733 2272 917 2333 Pompei
946 2274 998 2318 ad
1037 2274 1307 2334 supplicium
1344 2274 1528 2323 ductus,
1567 2285 1657 2332 quo
1695 2272 1866 2318 diutius

252 2341 367 2386 lucis
411 2355 496 2386 usu
540 2341 799 2393 frueretur,
846 2338 961 2403 petit
1003 2343 1214 2389 flebiliter
1262 2351 1310 2388 ut
1347 2343 1431 2389 sibi
1467 2335 1866 2388 aluum-releuare

186 2419 229 2452 30
252 2412 518 2471 priusquam
547 2413 776 2472 expiraret
802 2413 974 2459 liceret.
1051 2416 1090 2458 3.
1130 2414 1176 2459 D.
1203 2414 1367 2458 Brutus
1394 2429 1415 2459 a
1443 2413 1601 2463 Furio,
1642 2425 1774 2472 quem
1809 2412 1862 2456 ad

253 2495 354 2526 eum
383 2482 673 2527 occidendum
700 2483 928 2528 Antonius
956 2485 1163 2534 miserat,
1203 2497 1484 2543 conprensus
1512 2482 1663 2543 gladio
1691 2483 1787 2527 eius
1814 2495 1863 2526 se

363 2634 388 2672 3
410 2630 568 2672 sicilia?
586 2632 627 2671 B
647 2629 666 2686 Η
687 2634 804 2684 petit
824 2633 881 2683 B,
907 2636 1067 2686 petens
1097 2634 1219 2675 Torr.
1279 2634 1307 2673 4
1330 2633 1485 2674 album
1505 2624 1560 2672 B'
1595 2629 1615 2686 Η
1649 2631 1859 2696 releuare

249 2687 289 2726 P
363 2689 388 2727 6
412 2701 465 2727 eo
487 2701 632 2739 usque
654 2689 814 2729 Aldus:
848 2702 994 2741 eoque
1017 2689 1058 2729 B
1098 2686 1117 2743 Η
1155 2687 1297 2729 traxit
1317 2690 1359 2729 B
1382 2702 1446 2741 my
1525 2690 1548 2728 7
1570 2688 1691 2729 tale*
1711 2687 1754 2726 B
1833 2689 1861 2727 9

247 2747 479 2783 merentur
499 2745 553 2791 B,
577 2757 651 2783 em.
682 2745 807 2787 Torr.
889 2747 938 2785 11
961 2746 1017 2786 D.
1040 2747 1102 2786 P:
1134 2759 1208 2789 om.
1232 2745 1275 2785 B
1314 2743 1333 2799 Η
1373 2746 1586 2798 exiguum
1608 2743 1632 2784 b
1711 2743 1763 2782 16
1790 2742 1860 2782 ita

246 2799 369 2838 uiam
390 2798 432 2838 B
471 2795 490 2853 Η
529 2813 554 2840 o
575 2813 651 2840 om.
674 2800 716 2839 B
789 2803 844 2841 20
865 2802 1096 2854 praecipit
1117 2802 1203 2850 alii,
1227 2802 1342 2842 haud
1359 2803 1446 2841 scio
1469 2814 1523 2840 an
1544 2805 1677 2851 recte,
1699 2805 1745 2838 ut
1763 2811 1859 2861 sen:

245 2856 381 2895 tentia
400 2856 457 2894 sit
475 2858 691 2906 ,qeneralis
749 2858 804 2896 22
830 2869 974 2898 annos
997 2871 1072 2898 om.
1096 2851 1152 2896 B'
1211 2859 1264 2898 23
1287 2857 1492 2898 lacrimis
1513 2855 1555 2895 B
1575 2853 1594 2909 Ι]
1623 2851 1778 2907 speci&
1801 2853 1844 2894 B

359 2913 410 2951 31
437 2923 710 2964 conpressus
739 2913 784 2951 V
1537 2939 1540 2942 -
