1924 3152
1363 0 1569 21 „nwc-‚aerz-‹ffigzzx
1583 0 1684 19 »pawn
1703 2 1724 6 ·>
1743 0 1805 16 *δ’
1851 0 1865 3 ““
1882 0 1903 7 “’

187 63 225 79 ⁷⁴1-=¹
243 71 250 76 <

1682 137 1787 190 277

94 256 98 257 ⁷
159 260 341 330 gentis
370 277 502 312 suae
528 257 826 328 imperauit
850 264 913 309 ut
948 273 1074 307 eum
1108 253 1440 307 occiderent.
1511 252 1788 307 interfecti

158 331 358 384 deinde
383 337 550 401 caput
569 329 845 382 abscisum
865 327 1120 379 manibus
1141 325 1382 378 retinens
1405 323 1476 376 ad
1497 325 1787 395 coniugem

158 402 312 455 uenit
344 402 670 471 abiectoque
707 406 833 451 ante
866 397 1036 469 pedes
1074 397 1190 449 eius
1216 396 1451 448 iniuriae
1477 404 1532 448 et
1556 396 1786 450 ultionis

162 492 294 526 suae
329 472 578 526 ordinem
615 470 888 541 exposuit.
964 469 1126 521 huius
1171 467 1410 520 feminae
1456 466 1589 538 quid
1635 466 1801 519 aliud¹

160 544 447 616 quisquam
492 560 666 614 quam¹
699 558 897 611 corpus
942 541 999 592 in
1044 547 1376 610 potestatem
1419 538 1662 591 hostium
1695 557 1787 591 ue-
1812 559 1833 592 5

157 615 306 667 nisse
345 613 546 667 dicat?
593 631 721 665 nam
755 629 931 683 neque
969 612 1184 664 animus
1220 610 1370 662 uinci
1396 628 1496 662 nec
1521 609 1790 681 pudicitia

158 685 282 757 capi
306 685 500 757 potuit.
1238 736 1240 739 ,
1561 751 1572 762 .

265 757 318 809 3.
366 757 740 809 Teutonorum
776 773 907 807 uero
946 754 1203 821 coniuges
1239 751 1480 805 Marium
1520 758 1789 804 ulctorem

160 835 388 880 orarunt
422 835 483 879 ut
516 826 586 880 ab
625 845 687 879 eo
723 825 1034 895 uirginibus
1071 822 1391 878 Vestalibus
1431 822 1573 876 dono
1609 823 1787 874 mitte-

157 906 362 965 rentur,
391 897 745 950 adfirmantes
773 915 944 968 aeque
972 915 1030 948 se
1057 903 1220 966 atque
1245 893 1367 948 illas
1395 893 1572 946 uirilis
1593 912 1789 947 concu-
1813 917 1856 950 10

157 969 308 1022 bitu‘s
349 977 603 1040 expertes
639 968 886 1034 futuraS,
938 985 1109 1038 eaque
1143 984 1203 1018 re
1239 985 1349 1021 non
1385 966 1682 1036 impetrata
1714 963 1791 1017 la-

161 1042 317 1111 queis
365 1040 471 1093 sibi
516 1048 677 1093 nocte
721 1036 975 1110 proxima
1017 1038 1269 1109 spiritum
1317 1038 1654 1108 eripuerunt.
1733 1036 1791 1088 di

158 1110 383 1177 melius,
424 1111 572 1182 quod
595 1110 755 1162 ”hunc
791 1111 1034 1163 animum
1069 1109 1206 1161 uiris
1235 1128 1425 1162 earum
1451 1108 1511 1159 in
1538 1107 1655 1161 acie
1678 1126 1791 1161 non

95 1212 109 1225 ·
159 1181 448 1235 dederunt.
500 1186 629 1234 n'am
657 1181 702 1233 si
730 1181 1020 1234 mulierum
1048 1199 1271 1232 suarum
1297 1181 1562 1232 uirtutem
1587 1178 1789 1230 imitari

156 1251 488 1319 uoluissent,
517 1253 727 1305 incerta
754 1253 1091 1306 Teutonicae
1118 1251 1385 1304 uictoriae
1412 1259 1643 1322 tropaea
1667 1248 1788 1301 red·
1813 1271 1856 1305 15

157 1323 444 1376 didissent.

571 138 901 207 mehgi&
954 146 1274 204 Exegi—3.
1326 145 1376 190 11.

419 1479 495 1533 II.
534 1483 809 1543 LIBERE
843 1482 1054 1532 DICTA
1092 1482 1241 1531 AVT
1274 1480 1518 1531 FACTA.

263 1579 603 1632 Libertatem
639 1587 823 1631 autem
858 1579 1200 1632 uehementis
1239 1578 1464 1648 spiritus
1503 1580 1663 1632 dictis
1690 1599 1788 1651 pa-

156 1648 290 1700 riter
316 1657 372 1701 et
397 1649 557 1701 factis
583 1658 842 1702 testatam
866 1657 927 1701 ut
959 1668 1068 1701 non
1102 1649 1457 1701 inuitauerim
1471 1689 1485 1715 ‚
1523 1651 1603 1702 ita
1636 1652 1784 1705 ultro
1917 1711 1921 1716 ,

154 1720 468 1772 uenientem
492 1739 603 1772 non
629 1720 977 1772 excluserim.
1029 1739 1167 1791 quae
1203 1721 1349 1772 inter
1373 1721 1635 1773 uirtutem
1659 1723 1785 1775 uiti-
1810 1736 1855 1771 20

158 1809 359 1860 umque
384 1791 585 1861 posita,
615 1791 660 1843 si
688 1790 898 1844 salubri
911 1791 1074 1844 modo
1094 1809 1151 1842 se
1169 1792 1518 1861 temperauit,
1545 1792 1784 1859 laudem,

159 1861 205 1912 si
232 1879 338 1930 quo
364 1880 477 1914 non
504 1861 699 1914 debuit
723 1861 991 1931 profudit⁷
1020 1861 1500 1932 reprehensionem
1524 1871 1784 1916 meretur.

157 1949 222 1983 ac
256 1931 410 2001 uulgi
446 1934 523 1984 sic
560 1933 788 1984 auribus
826 1934 1037 2002 gratior
1073 1951 1235 2003 quam
1273 1933 1669 2003 sapientissimi
1694 1953 1785 1987 cu-

146 2001 351 2073 'iusque
401 2003 583 2056 animo
636 2003 980 2074 probabilior
1030 2013 1141 2072 est,
1201 2013 1391 2075 utpote
1440 2004 1782 2076 frequentius

157 2071 337 2125 aliena
372 2075 538 2126 uenia
572 2093 736 2145 quam
778 2093 878 2126 sua
910 2076 1262 2145 prouidentia
1303 2074 1443 2129 tuta.
1521 2075 1619 2128 sed
1654 2076 1783 2147 quia
1806 2095 1849 2128 25

160 2233 280 2279 tibus
317 2235 616 2292 reddebatur,
658 2238 737 2281 uni
778 2249 829 2281 ex
857 2236 1166 2297 Gallograecis
1193 2238 1346 2298 lingua
1375 2241 1526 2298 gentis
1554 2253 1662 2285 suae
1700 2240 1782 2284 im·
1807 2254 1898 2289 Par.

157 2307 360 2363 peremit,
396 2313 447 2350 ut
485 2320 586 2351 eum
625 2307 879 2352 occideret:
920 2308 1149 2354 interfecti
1185 2309 1346 2354 deinde
1382 2317 1519 2371 caput
1555 2311 1782 2358 abscisum

158 2375 365 2420 manibus
393 2378 596 2422 retinens
623 2378 810 2436 coniugi
840 2393 923 2423 suo
953 2379 1170 2424 ostendit.
1211 2383 1250 2425 3.
1280 2381 1534 2426 Teutonum
1562 2384 1785 2443 coniuges

158 2443 346 2489 Marium
386 2447 608 2491 uictorem
647 2456 919 2497 orauerunt,
958 2456 1008 2493 ut
1045 2449 1098 2494 ab
1135 2464 1187 2496 eo
1225 2451 1484 2510 uirginibus
1521 2452 1782 2499 Vestalibus

158 2514 279 2560 dono
307 2517 622 2562 mitterentur:
662 2531 804 2578 eaque
831 2533 880 2563 re
908 2533 1000 2564 non
1027 2521 1268 2580 impetrata
1295 2529 1430 2567 nocte
1458 2524 1662 2581 proxima
1691 2527 1780 2584 spi·
1804 2538 1852 2571 30

157 2587 297 2631 ritum
324 2585 409 2631 sibi
437 2587 611 2647 laqueis
640 2590 924 2648 eripuerunt.
1805 2634 1845 2671 ⁸

272 2739 298 2779 3
321 2737 594 2790 adiectoque
616 2733 673 2779 B'
694 2736 713 2792 Π
735 2739 776 2780 ei
798 2740 821 2779 h
902 2742 927 2780 6
949 2738 1106 2781 nanee
1126 2741 1169 2781 B
1191 2755 1306 2784 corr.
1329 2756 1388 2784 ex
1408 2756 1560 2796 namq.
1631 2745 1658 2785 8
1679 2749 1779 2786 teu-

158 2792 400 2835 thonorum
427 2788 477 2834 B'
510 2796 621 2843 (item
643 2797 763 2847 infra
783 2811 820 2836 v.
845 2799 898 2835 15
920 2796 1114 2849 teum),
1149 2798 1407 2839 Teutonum
1445 2801 1479 2841 P
1556 2803 1608 2841 12
1650 2801 1715 2842 dii
1735 2803 1781 2843 B

157 2861 270 2893 corr.
295 2865 317 2892 ε
339 2850 412 2892 die
476 2854 528 2892 13
555 2853 703 2893 aciem
726 2853 768 2892 B
831 2855 882 2893 15
904 2854 1080 2895 incerte
1103 2848 1159 2894 B'
1226 2857 1278 2895 21
1311 2859 1644 2910 temperauerit
1673 2861 1780 2903 dett.

157 2905 214 2956 cf.
237 2907 388 2948 Mada.
424 2907 600 2960 Opus-cc.
631 2909 706 2953 ΙΙ,
729 2912 813 2950 281
835 2923 929 2963 sqq.
954 2913 1076 2951 etad
1106 2911 1191 2954 Cic.
1216 2914 1269 2953 de
1283 2914 1386 2963 firm.
1421 2915 1470 2961 V,
1497 2917 1564 2963 14,
1589 2918 1643 2954 41
1702 2919 1779 2957 022

156 2963 366 3015 prorupit
386 2979 425 3004 u.
450 2968 475 3004 I.
498 2967 540 3005 in
561 2979 641 3018 my.
670 2966 707 3005 Β
767 2968 820 3007 23
843 2968 910 3007 sic
933 2968 1062 3021 uulgi
1082 2968 1106 3008 b
1390 3003 1394 3006 c
