1924 3152
802 0 814 14 ,2
843 0 879 11 ’,4

689 109 807 156 cAP.
835 109 930 161 1111,
971 110 1000 169 g
1029 94 1167 154 146.
1641 101 1743 154 189

219 222 270 274 3.
310 220 377 273 In
404 219 513 273 Grai
537 238 668 274 uero
695 218 922 271 Fabrici
959 226 1013 271 et
1040 219 1107 285 Q.
1137 217 1343 271 Aemili
1368 219 1507 289 Papi
1541 218 1741 289 princi-

111 311 243 363 pum
279 290 481 344 saeculi
518 293 601 344 sui
637 291 890 345 domibus
937 297 1227 359 argentum
1269 289 1442 342 fuisse
1480 289 1744 343 confitear

113 371 348 434 oportet.
407 370 636 434 uterque
665 363 812 414 enim
847 359 1111 432 patellam
1148 359 1376 413 deorum
1413 367 1467 413 et
1505 360 1742 413 salinum

110 433 324 502 habuit,
354 433 452 487 sed
478 451 540 486 eo
568 432 771 486 lautius
793 432 1105 499 Fabricius,
1134 431 1280 502 quod
1299 430 1560 502 patellam
1587 450 1741 484 suam

114 523 311 559 corneo
338 500 591 575 pediculo
620 504 879 556 sustineri
905 503 1097 557 uoluit.
1151 503 1338 574 Papus
1367 522 1578 574 quoque
1607 504 1739 556 satis
1764 522 1785 555 5

113 576 384 642 animose,
422 575 514 646 qui
551 593 674 627 cum
707 575 1030 629 hereditatis
1064 575 1282 626 nomine
1320 593 1384 626 ea
1420 575 1741 646 accepisset,

111 646 389 716 religionis
417 664 583 698 causa
608 645 973 700 abalienanda
999 665 1108 699 non
1133 646 1368 716 putauit.

218 718 270 770 4.
309 716 402 769 Illi
437 718 607 770 etiam
642 717 982 788 praediuites
999 757 1013 784 ,
1055 717 1147 788 qui
1184 716 1254 770 ab
1291 724 1475 768 aratro
1504 734 1741 769 arcesse-

111 789 339 856 bantur,
375 795 438 842 ut
472 789 721 841 consules
760 788 981 855 fierent,
1017 786 1319 858 uoluptatis
1354 806 1522 840 causa
1557 786 1751 844 sterile,

113 867 276 930 atque
303 860 776 914 aestuosissimum
802 859 1071 930 Pupiniae
1099 858 1277 911 solum
1303 858 1622 926 uersabant,
1653 858 1741 910 de·
1767 878 1809 910 10

112 930 473 1001 liciarumque
509 931 691 1000 gratia
715 930 1062 983 uastissimas
1099 929 1325 999 glaebas
1351 930 1586 1001 plurimo
1622 948 1745 982 cum

117 1000 319 1055 sudore
359 1002 726 1074 dissipabant.
792 1002 960 1053 immo
997 1019 1159 1069 uer0,
1207 1019 1342 1072 quos
1380 1000 1625 1071 pericula
1664 1001 1744 1053 rei

152 1071 368 1126 ublicae
395 1073 756 1154 imperatores
785 1073 1136 1140 adserebant,
1167 1072 1453 1142 angustiae
1479 1072 1560 1125 rei
1586 1071 1743 1124 fami-

133 1142 264 1195 iaris
299 1175 371 1204 ,-
409 1144 541 1214 quld
588 1162 740 1197 cesso
785 1144 1067 1214 proprium
1112 1137 1311 1196 nonien
1355 1144 1580 1196 ueritati
1623 1142 1742 1196 red-

114 1213 281 1267 dere?
308 1245 377 1254 —
411 1214 678 1269 bubulcos
706 1215 825 1268 fieri
853 1215 1143 1284 cogebant.
1768 1231 1809 1264 15

152 1299 155 1301 ’
219 1285 270 1338 5.
327 1284 561 1338 Atilium
607 1294 817 1354 autem,
870 1287 963 1356 qui
998 1286 1069 1338 ad
1116 1304 1238 1338 eum
1285 1284 1676 1338 arcessendum
1713 1303 1745 1335 a

114 1365 311 1409 senatu
335 1357 491 1409 missi
527 1365 681 1410 erant
715 1357 787 1410 ad
821 1357 1112 1428 imperium
1138 1356 1328 1428 populi
1354 1356 1591 1409 Romani
1629 1374 1743 1407 sus-

113 1427 454 1498 cipiendum,
510 1447 697 1481 semen
734 1437 1087 1499 spargentem
1124 1428 1399 1481 uiderunt.
1472 1427 1570 1480 sed
1617 1425 1744 1478 illae

113 1498 318 1551 rustico
356 1518 520 1570 opere
556 1499 793 1552 adtritae
819 1519 1014 1552 manus
1051 1499 1285 1552 salutem
1320 1499 1599 1570 publicam
1637 1505 1744 1550 sta-

111 1567 401 1637 bilierunt,
439 1571 690 1640 ingentes
717 1570 956 1623 hostium
982 1571 1169 1640 copias
1203 1589 1425 1641 pessum
1453 1570 1742 1636 dederunt,
1768 1588 1809 1619 κο

116 1657 364 1710 quaeque
385 1641 549 1695 modo
567 1643 842 1694 arantium
857 1642 1024 1695 boum
1044 1642 1234 1711 iugum
1254 1648 1531 1707 rexerant,
1555 1642 1742 1694 trium-

114 1709 293 1780 phalis
318 1728 514 1772 vcurrus
539 1712 786 1765 habenas
814 1713 1173 1778 retinuerunt,
1201 1731 1303 1764 nec
1328 1712 1437 1764 fuit
1461 1711 1547 1763 his
1575 1713 1745 1764 rubor

117 1781 356 1834 eburneo
386 1783 627 1852 scipione
656 1781 905 1853 deposito
933 1790 1207 1851 agrestem
1236 1783 1438 1835 stiuam
1465 1782 1636 1835 aratri
1663 1800 1743 1833 re-

115 1861 318 1921 petere.
371 1860 554 1923 potest
579 1872 847 1924 pauperes
877 1852 1150 1906 consolari
1175 1853 1411 1920 Atilius,
1448 1853 1547 1905 sed
1573 1851 1743 1915 multo

116 1923 293 1992 magis
322 1922 517 1977 docere
542 1923 868 1994 locupletes,
899 1943 1061 1995 quam
1087 1942 1195 1976 non
1223 1924 1295 1976 sit
1320 1924 1635 1976 necessaria
1663 1942 1745 1976 so-
1769 1940 1812 1972 25

114 1992 261 2048 lidae
286 1992 468 2046 laudis
496 1994 745 2066 cupidini
772 1996 938 2047 anxia
965 1995 1281 2048 diuitiarum
1310 1995 1645 2066 conparatio.

222 2065 271 2117 6.
312 2065 580 2118 Eiusdem
606 2066 841 2119 nominis
871 2075 925 2119 et
952 2066 1236 2136 sanguinis
1257 2066 1460 2118 Atilius
1480 2064 1742 2135 ReguIUS,

116 2136 278 2206 primi
313 2135 510 2189 Punici
544 2136 676 2190 belli
712 2155 815 2203 qua
851 2136 1053 2207 gloria,
1111 2156 1219 2208 qua
1263 2137 1446 2190 clades
1483 2137 1742 2202 maxima,

37 2291 39 2293 ·
117 2268 355 2331 funeratus
393 2277 478 2316 est.
530 2273 568 2316 3.
606 2270 650 2316 C.
688 2271 923 2317 Fabricius
960 2285 1062 2317 cum
1101 2271 1290 2316 haberet
1324 2271 1535 2331 patellam
1579 2284 1739 2330 argen-
1763 2278 1858 2312 Par.

117 2346 258 2405 team,
289 2353 385 2386 eam
412 2348 562 2386 tamen
590 2355 758 2387 corneo
786 2342 996 2402 pediculo
1025 2342 1247 2387 sustineri
1274 2342 1438 2388 uoluit.
1499 2346 1539 2387 5.
1577 2342 1742 2387 Atilius
1767 2352 1808 2382 30

120 2409 174 2454 ad
208 2410 496 2456 consulatum
533 2412 586 2458 ab
623 2419 774 2458 aratro
813 2414 1060 2458 arcessitus
1097 2420 1180 2458 est.
1257 2415 1297 2458 6.
1349 2413 1514 2458 Atilius
1542 2413 1744 2473 Regulus

234 2534 256 2572 1
287 2534 336 2573 in
366 2535 445 2586 gai
475 2533 650 2586 (partim
671 2537 714 2575 in
735 2536 846 2588 ras.)
878 2549 988 2576 uero
1019 2536 1240 2576 fabriccii
1272 2540 1318 2576 et
1341 2549 1383 2587 q.
1408 2535 1585 2575 aemilii
1606 2536 1648 2575 B
1718 2538 1743 2575 3

120 2601 276 2629 eorum
296 2590 320 2630 b
381 2592 406 2631 5
435 2590 663 2643 peduculo
685 2588 740 2631 B'
770 2589 789 2645 Η
817 2592 1044 2632 sustinere
1068 2593 1110 2632 B
1170 2595 1196 2632 6
1217 2592 1412 2634 nominis
1435 2592 1478 2631 B
1539 2594 1563 2632 7
1595 2591 1745 2632 abali-

118 2645 330 2698 genanda
351 2647 394 2687 B
453 2649 478 2687 9
495 2647 701 2688 sterilem
717 2648 760 2688 B
787 2659 789 2663 ⁴
822 2651 875 2689 10
891 2649 1145 2704 puppiniffiae
1163 2649 1218 2697 B,
1242 2649 1443 2702 pupinae
1462 2648 1485 2688 b
1548 2650 1598 2688 11
1622 2650 1746 2702 grati

118 2702 161 2743 B
188 2701 207 2756 Η
236 2703 399 2756 glebas
421 2704 464 2744 B
532 2706 584 2745 18
617 2717 773 2745 semen
806 2709 1127 2758 aspergent-em
1150 2705 1205 2753 B,
1239 2706 1418 2745 semina
1447 2708 1746 2759 spargentem

119 2767 172 2805 ς,·
202 2765 248 2799 at
275 2775 318 2801 u.
343 2761 428 2802 Cic.
454 2775 505 2813 p.
528 2761 654 2802 Rose.
682 2762 777 2804 Am.
809 2763 832 2812 ἓ
855 2765 910 2802 50
939 2769 980 2802 et
1008 2762 1174 2802 Vahlen
1202 2776 1303 2803 mus.
1334 2763 1455 2803 rhen.
1481 2762 1563 2809 XI,
1593 2777 1637 2816 p.
1661 2765 1743 2803 589

118 2821 204 2856 not.
266 2818 320 2857 22
342 2818 481 2859 robur
501 2817 544 2857 B
604 2820 657 2859 23
690 2819 920 2858 aestiuam
942 2819 984 2858 B
1044 2821 1100 2860 24
1129 2832 1385 2873 pauperum
1406 2819 1462 2868 B,
1493 2833 1599 2860 uera
1621 2821 1742 2860 lectio

120 2873 248 2912 estin
269 2886 348 2926 my.
410 2876 464 2914 26
488 2874 794 2927 cupidonimis
820 2877 863 2924 (o
886 2876 1021 2916 nimis
1044 2890 1093 2919 m.
1120 2878 1148 2916 3
1169 2878 1212 2916 in
1233 2875 1341 2928 ras.)
1373 2872 1392 2932 Η
1423 2877 1563 2917 anxia
1586 2876 1628 2917 B
1689 2877 1742 2916 28

120 2939 210 2978 qua
233 2929 382 2982 gloria
404 2932 501 2973 cod.
524 2931 668 2976 Andr.
695 2932 881 2991 Schola:
915 2945 1006 2984 qua
1029 2947 1105 2974 om.
1130 2933 1173 2972 B
