1924 3152
627 114 745 160 CAP.
775 115 822 166 v,
851 114 880 172 g
908 117 950 158 3.
978 117 1018 158 4.
1059 113 1122 164 vl,
1151 113 1180 172 g
1210 116 1248 158 1.
1278 117 1319 157 2.
1673 107 1781 159 253

154 241 327 306 prope
353 231 536 276 castra
560 222 841 276 transtulit
867 230 920 274 et
939 222 1181 292 pretiosa
1199 230 1355 274 ueste
1377 228 1625 290 opertum
1643 237 1780 289 rogo

154 294 415 365 inposuit.
480 312 544 346 ac
588 293 788 345 deinde
831 292 1081 345 subiecta
1123 291 1245 343 face
1288 292 1539 362 protinus
1585 290 1779 343 eodem

156 365 362 435 gladio,
391 382 496 435 quo
522 363 677 415 illum
703 364 1072 428 interemerat,
1099 371 1289 433 pectus
1320 380 1479 413 suum
1502 371 1777 414 transuer-

153 436 370 490 berauit
404 453 569 505 seque
604 452 766 504 super
800 451 996 503 corpus
1032 432 1222 484 fratris
1259 441 1598 503 prostratum
1635 450 1776 485 com-

155 506 410 558 munibus
438 505 672 557 flammis
701 504 1054 557 cremandum
1079 504 1326 557 tradidit.
1389 503 1593 556 licebat
1625 503 1778 572 igno·
1801 521 1827 554 5

153 576 368 629 rantiae
393 575 658 629 beneficio
686 575 964 628 innocenti
998 574 1214 641 uiuere,
1253 575 1349 626 sed
1385 583 1445 626 ut
1472 593 1571 626 sua
1594 574 1777 644 potius

152 649 358 719 pietate
387 665 550 717 quam
577 645 758 699 aliena
783 646 945 698 uenia
970 652 1245 712 uteretur,
1284 662 1463 697 comes
1500 645 1778 697 fraternae

153 718 274 771 neci
300 737 411 770 non
438 717 630 770 defuit.

260 789 357 840 VI.
397 787 710 840 'Artissimis
739 787 1022 855 sanguinis
1057 785 1294 838 uinculis
1332 786 1507 855 pietas
1538 787 1671 838 satis
1700 785 1777 838 fe-

154 861 255 912 cit:
309 866 484 911 re'stat
508 877 654 910 nunc
678 866 740 909 ut
764 859 980 928 patriae
1017 856 1359 910 exhibeatur.
1419 857 1575 909 cuius
1613 857 1775 909 maie·
1801 874 1846 907 ιο

155 931 287 982 stati
326 930 493 981 etiam
529 928 651 995 illa,
698 947 837 999 quae
875 928 1101 980 deorum
1137 928 1454 981 numinibus
1493 936 1776 999 aequatur,

153 1000 461 1054 auctoritas
479 1001 790 1070 parentium
809 1000 954 1051 uires
981 1017 1108 1050 suas
1133 999 1352 1065 subicit,
1380 998 1628 1051 fraterna
1647 1018 1779 1069 quo-

154 1090 259 1143 que
294 1071 497 1123 caritas
535 1071 716 1122 animo
754 1088 927 1140 aequo
965 1088 1029 1121 ac
1071 1068 1305 1121 libenter
1349 1069 1521 1136 cedit,
1569 1087 1780 1122 summa

154 1141 376 1214 quidem
410 1159 533 1192 cum
567 1140 808 1207 ratione,
857 1141 987 1211 quia
1024 1159 1217 1192 euersa
1253 1141 1414 1193 domo
1450 1142 1662 1210 integer
1697 1141 1778 1192 rei

151 1211 406 1283 publicae
444 1219 620 1264 status
659 1228 881 1262 manere
914 1218 1124 1281 potest,
1162 1211 1316 1264 urbis
1353 1211 1513 1263 ruina
1548 1219 1776 1281 penates
1802 1227 1850 1261 15

151 1283 393 1335 omnium
429 1300 611 1334 secum
647 1280 830 1334 trahat
863 1299 1088 1333 necesse
1125 1289 1226 1333 est.
1288 1300 1482 1334 uerum
1515 1281 1649 1352 quid
1685 1281 1777 1334 ad-

151 1355 291 1407 tinet
314 1353 499 1406 uerbis
536 1353 646 1404 ista
680 1351 978 1423 conplecti,
1017 1369 1246 1423 quorum
1273 1360 1427 1404 tanta
1452 1352 1538 1404 uis
1567 1361 1677 1420 est,
1717 1361 1780 1405 ut

151 1424 322 1495 aliqui
350 1441 415 1475 ea
443 1422 634 1475 salutis
664 1441 796 1476 suae
822 1424 1099 1494 impendio
1126 1423 1316 1475 testati
1346 1423 1494 1476 sint?

262 1496 308 1546 1.
348 1494 552 1546 Brutus
579 1493 768 1546 consul
793 1495 1004 1564 primus
1032 1512 1154 1546 cum
1181 1496 1452 1561 Arrunte,
1492 1495 1780 1565 Tarquinii

153 1564 387 1635 Superbi
411 1582 579 1633 regno
607 1563 826 1635 expulsi
851 1564 982 1631 filio,
1011 1565 1068 1615 in
1088 1565 1204 1616 acie
1225 1565 1305 1617 ita
1325 1583 1462 1635 equo
1484 1565 1776 1631 concurrit,
1802 1582 1847 1614 20

151 1644 213 1687 ut
254 1635 461 1705 pariter
507 1634 688 1686 inlatis
733 1634 908 1686 hastis
953 1643 1184 1705 uterque
1234 1635 1500 1687 mortifico
1550 1635 1779 1688 uulnere

152 1707 292 1758 ictus
322 1706 591 1756 exanimis
620 1713 1074 1827 prosterneretur.
1140 1705 1336 1758 merito
1365 1705 1657 1757 adiecerim
1683 1725 1777 1776 po-

151 1774 280 1847 pulo
309 1776 554 1828 Romano
581 1775 619 1826 li
663 1783 894 1828 ertatem
922 1794 1075 1827 suam
1103 1794 1302 1844 magno
1335 1776 1575 1828 stetisse.

259 1846 310 1896 2.
353 1844 494 1898 Cum
531 1853 713 1897 autem
748 1845 804 1896 in
839 1846 1023 1898 media
1061 1854 1215 1916 parte
1251 1846 1362 1899 fori
1399 1854 1560 1899 uasto
1598 1865 1662 1898 ac
1694 1865 1776 1898 re-

151 1917 373 1987 pentino
401 1914 554 1967 hiatu
580 1923 728 1968 terra
755 1916 1065 1969 subsideret
1083 1935 1516 1987 responsumque
1545 1925 1691 1969 esset
1711 1935 1777 1968 ea
1799 1933 1845 1966 25

151 2005 210 2038 re
243 1986 399 2038 illum
434 1994 649 2038 tantum
683 1988 842 2039 modo
879 1988 1122 2058 conpleri
1157 2005 1346 2057 posse,
1399 2006 1507 2058 qua
1540 1988 1774 2058 populus

151 2057 429 2110 Romanus
456 2056 750 2127 plurimum
775 2058 1007 2123 ualeret,
1041 2057 1261 2111 Curtius
1277 2098 1291 2125 ,
1331 2067 1384 2111 et
1412 2059 1581 2110 animi
1607 2065 1662 2111 et
1687 2077 1775 2128 ge-

152 2219 205 2250 ex
241 2204 429 2250 aduersa
466 2211 592 2264 parte
630 2205 811 2250 occidit.
881 2206 1068 2264 cognito
1105 2204 1276 2251 scelere
1312 2206 1507 2252 cadauer·
1542 2206 1770 2251 sublatum
1801 2216 1894 2250 Par.

150 2268 266 2334 rog'o
296 2276 593 2335 superposuit
621 2283 666 2320 et
692 2277 787 2321 sace
816 2275 995 2321 subdita
1024 2276 1175 2336 gladio
1205 2290 1253 2321 se
1283 2277 1536 2322 transfodit.

258 2349 298 2389 2.
338 2345 446 2389 Cum
476 2343 519 2389 in
547 2345 692 2391 media
719 2346 810 2391 fori
837 2353 966 2406 parte
1004 2353 1137 2391 uasto
1174 2347 1299 2392 hiatu
1341 2354 1456 2392 terra
1494 2347 1776 2392 subsedisset
1799 2360 1840 2392 30

266 2468 292 2506 2
313 2466 500 2507 subdita
522 2469 571 2513 P,
595 2473 639 2506 ut
661 2474 724 2508 est
746 2464 786 2514 4,
811 2472 847 2515 7,
873 2471 912 2507 1.
947 2470 985 2514 9,
1009 2471 1050 2514 2,
1073 2469 1180 2509 Eoet.
1207 2472 1231 2508 9
1295 2471 1346 2510 10
1370 2470 1611 2510 exibeatur
1627 2470 1670 2510 B
1722 2471 1775 2509 12

152 2523 357 2563 subiecit
377 2522 432 2569 B,
457 2535 532 2562 em.
555 2523 725 2575 Kempf
778 2526 830 2564 13
862 2524 1027 2564 libenti
1057 2526 1151 2565 eod.
1187 2526 1475 2571 Caua-bianum
1506 2532 1552 2566 at
1571 2540 1611 2565 u.
1638 2526 1710 2566 Cic
1727 2540 1772 2578 p.

151 2579 248 2621 Mil.
280 2579 304 2628 ἓ
326 2572 382 2619 86
402 2591 568 2631 magno
593 2579 744 2620 animo
768 2583 813 2620 et
833 2579 1047 2631 libenter,
1071 2583 1123 2620 de
1145 2582 1253 2633 Rep.
1276 2584 1317 2627 2,
1342 2585 1380 2628 2,
1406 2584 1431 2621 4
1455 2594 1603 2634 aequo
1623 2582 1777 2622 animo

150 2635 442 2687 libenterque
524 2636 577 2675 14
606 2636 787 2688 integer
814 2637 882 2676 rei
911 2649 952 2688 p.
985 2640 1136 2676 status
1166 2639 1346 2689 scripsi:
1389 2638 1664 2678 interstatus
1687 2637 1776 2691 rep

151 2694 301 2732 status
331 2691 397 2743 B,
429 2692 609 2748 integer
641 2693 782 2732 totius
812 2705 846 2735 r.
878 2705 921 2744 p.
953 2696 1008 2732 st.
1040 2693 1221 2732 malebat
1251 2694 1458 2734 Foertsclz
1490 2694 1558 2745 ll,
1583 2697 1641 2734 24
1721 2696 1775 2735 18

152 2747 300 2799 aliqui
329 2761 385 2788 ea
414 2748 557 2800 Piqhii
586 2748 708 2788 libri:
752 2748 849 2789 alia
872 2748 932 2794 B,
966 2749 1113 2800 aliqui
1135 2749 1179 2796 b,
1213 2749 1295 2789 alii
1325 2763 1380 2791 ea
1403 2751 1572 2803 Kempf
1626 2753 1678 2791 19
1701 2764 1773 2791 ar-

151 2806 310 2844 runte*
330 2804 373 2844 B
451 2806 505 2845 20
528 2805 687 2857 itaquo
709 2798 764 2844 B'
844 2807 895 2844 21
919 2806 1158 2845 mortifero
1180 2808 1282 2846 dett.
1363 2809 1417 2846 22
1442 2808 1693 2847 abiecerim
1717 2802 1775 2846 B'
1834 2830 1836 2833 -

153 2860 207 2899 25
227 2859 365 2900 ha*tu
388 2854 441 2899 B‘
462 2858 480 2914 Η
500 2860 571 2912 fiq.
596 2864 720 2901 esset
742 2874 798 2901 ea
820 2874 868 2901 re
891 2861 1021 2901 illum
1044 2862 1084 2902 B
1106 2864 1149 2902 in
1170 2876 1256 2903 ras.
1267 2877 1284 2910 ‚·
1306 2876 1362 2904 ea
1383 2876 1460 2904 om.
1485 2865 1586 2904 dett.

267 2918 321 2956 30
341 2922 480 2956 uasta
502 2918 674 2957 uirtute
698 2921 823 2957 terra
853 2919 892 2957 V
