1924 3152
722 122 840 168 CAP.
867 121 927 173 11,
969 121 998 180 S
1026 124 1166 166 1—3.
1661 113 1772 167 -279

140 249 274 285 uero
300 231 588 302 Philippus
626 229 818 282 consul
853 229 1122 282 aduersus
1162 229 1394 282 eundem
1433 227 1769 281 ordinemssli-

139 302 414 356 bertatem
441 319 695 354 exercere
721 320 831 354 non
858 300 1152 353 dubitauit.
1197 318 1326 351 nam
1355 299 1643 369 segnitiam
1669 317 1770 370 pro

140 374 337 426 rostris
375 373 716 443 exprobrans
755 371 860 423 alio
899 371 1005 424 sibi
1043 378 1238 423 senatu
1273 389 1407 441 opus
1447 389 1566 423 esse
1612 369 1770 436 dixit,

140 452 465 514 tantumque
516 461 548 494 a
596 443 934 513 paenitentia
985 441 1122 494 dicti
1173 442 1339 508 afuit,
1391 450 1453 493 ut
1496 442 1661 494 etiam
1705 441 1770 494 L.

142 514 362 580 Crasso,
391 531 636 566 summae
664 513 950 582 dignitatis
979 520 1143 583 atque
1171 512 1518 583 eloquentiae
1544 514 1684 579 uiro,
1712 512 1771 565 id
1793 527 1816 560 5

140 586 199 637 in
235 585 389 636 curia
422 586 667 654 grauiter
700 584 930 651 ferenti,
979 602 1202 635 manum
1239 583 1370 635 inici
1395 584 1629 637 iuberet.
1679 582 1771 636 ille

105 719 107 721 η
139 657 344 709 reiecto
372 654 563 708 lictore
591 662 721 708 ‘non
748 662 824 707 es'
851 654 1030 725 inquit
1056 653 1227 721 (1111111,
1256 653 1534 727 Philippa,
1564 653 1770 721 consul,

137 727 269 798 quia
293 745 362 778 ne
390 745 489 795 ego
517 726 737 797 quidem
762 726 865 779 tibi
892 733 1115 778 senator
1141 733 1300 777 sum'.
1630 775 1640 782 ,

246 798 296 850 3.
341 796 527 863 Quid?
565 796 828 868 populum
861 797 931 849 ab
958 796 1185 848 incursu
1212 816 1310 850 suo
1333 796 1564 849 libertas
1591 805 1772 849 tutum

138 866 399 939 reliquit?
426 868 592 921 immo
621 876 675 920 et
699 868 949 920 similiter
975 867 1240 937 adgressa
1267 875 1320 920 et
1348 886 1520 938 aeque
1541 876 1772 939 experta
1796 883 1838 915 10

138 940 438 1009 patientem
463 947 564 991 est.
628 939 728 991 Cn.
757 937 937 991 Carbo
964 938 1220 991 tribunus
1247 937 1321 1009 pl.
1337 979 1350 1006 7
1391 958 1567 1009 nuper
1594 937 1771 1008 sepul-

138 1020 227 1062 tae
271 1010 630 1063 Gracchanae
676 1009 964 1063 seditionis
1010 1008 1516 1062 turbulentissimus
1563 1009 1773 1062 uindex

137 1080 394 1151 idemque
431 1080 722 1132 orientium
758 1079 1003 1132 ciuilium
1042 1079 1312 1132 malorum
1356 1080 1455 1132 fax
1500 1081 1771 1133 ardentis·

138 1153 305 1217 sima,
344 1152 406 1204 P.
435 1152 758 1203 Africanum
789 1171 820 1203 a
845 1151 1181 1204 Numantiae
1207 1151 1379 1203 ruinis
1408 1170 1618 1204 summo
1647 1171 1770 1204 cum

135 1221 346 1292 gloriae
381 1221 597 1290 fulgore
631 1223 968 1288 uenientem,
1012 1223 1082 1275 ab
1126 1222 1250 1292 ipsa
1294 1241 1468 1293 paene
1512 1230 1673 1293 porta
1714 1223 1773 1274 in
1795 1236 1837 1270 15

136 1301 320 1346 rostra
352 1292 681 1363 perductum
718 1293 850 1363 quid
887 1292 954 1344 de
984 1293 1069 1344 Ti.
1100 1292 1340 1345 Gracchi
1378 1301 1574 1360 morte,
1614 1293 1769 1346 cuius

134 1382 382 1417 sororem
401 1364 460 1415 in
486 1363 837 1417 matrimonio
857 1361 1115 1429 habebat,
1146 1363 1769 1434 sentiretinterrogauit,

133 1443 197 1488 ut
232 1435 561 1487 auctoritate
598 1433 890 1487 clarissimi
925 1434 1032 1486 uiri
1068 1435 1326 1488 inchoato
1365 1436 1476 1486 iam
1512 1434 1768 1488 incendio

135 1506 372 1559 multum
397 1506 721 1573 incrementi
747 1506 1007 1572 adiceret,
1037 1506 1166 1576 quia
1191 1523 1301 1557 non
1321 1505 1617 1559 dubitabat
1635 1506 1768 1577 quin

134 1585 362 1647 propter
388 1585 501 1628 tam
537 1584 711 1628 artam
748 1576 1091 1629 adfinitatem
1128 1575 1339 1647 aliquid
1376 1595 1475 1647 pro
1503 1577 1767 1630 memoria
1790 1593 1834 1625 20

136 1647 419 1699 interfecti
446 1648 744 1699 necessarii
769 1647 1164 1700 miserabiliter
1191 1656 1337 1700 esset
1363 1647 1669 1701 locuturus,
1713 1655 1771 1700 at

136 1718 184 1769 is
212 1718 331 1769 iure
358 1736 482 1769 eum
519 1735 739 1769 caesum
772 1718 953 1770 uideri
990 1718 1296 1788 respondit.
1351 1719 1439 1770 cui
1467 1718 1615 1772 dicto
1645 1736 1771 1770 cum

137 1788 320 1841 contio
366 1788 662 1841 tribunicio
710 1788 895 1840 furore
938 1789 1204 1841 instincta
1249 1787 1519 1841 uiolenter
1562 1788 1770 1841 succla-

137 1865 373 1925 masset,
413 1865 670 1911 ‘taceant'
708 1858 886 1929 inquit
924 1859 1140 1929 ‘quibus
1170 1858 1334 1911 Italia
1369 1878 1609 1912 nouerca
1647 1864 1769 1911 est’.

137 1937 260 1983 orto
291 1929 492 1982 deinde
518 1948 795 1982 murmure
830 1934 967 1981 (11011
997 1929 1251 1982 efficietis
1269 1934 1285 1957 ⁹
1324 1930 1401 1982 ait
1438 1936 1529 1983 ‘ut
1557 1929 1766 1983 solutos
1794 1945 1838 1977 25

134 2076 349 2123 libertate
376 2076 579 2139 aliorsihi
608 2085 769 2123 senatu
807 2089 924 2138 opus
953 2092 1055 2123 esse
1089 2077 1214 2122 dixit.
1270 2078 1391 2138 quod
1430 2092 1531 2123 011111
1558 2078 1606 2123 L.
1635 2077 1765 2123 Cras·
1791 2085 1888 2119 Par.

139 2163 216 2194 sus
245 2148 415 2194 dictum
442 2150 650 2208 grauiter
676 2149 843 2198 ferret,
882 2162 1062 2193 manum
1092 2150 1132 2194 ei
1161 2149 1267 2194 inici
1296 2149 1459 2194 consul
1488 2149 1637 2194 iussit.
1691 2148 1769 2194 ille

136 2220 308 2265 reiecto
335 2219 499 2264 lictore
534 2216 654 2265 (11011
683 2220 760 2265 es’
800 2219 950 2280 inquit
986 2216 1148 2269 (1111111,
1194 2219 1426 2280 Philippe,
1456 2219 1631 2271 consul,
1662 2221 1767 2280 quia

135 2302 219 2336 1160
244 2304 331 2350 ego
360 2290 541 2350 quidem
570 2290 651 2336 tibi
680 2296 865 2337 senator
892 2291 1029 2335 sum’.
1095 2293 1133 2335 3.
1162 2290 1240 2336 Cn.
1272 2290 1414 2336 Carbo
1447 2290 1552 2336 trib.
1579 2291 1640 2351 pl.
1673 2290 1769 2335 Sci-

137 2361 318 2420 pionem
344 2360 691 2411 Numantinum,
726 2362 834 2422 quid
861 2361 914 2406 de
942 2361 1007 2406 Ti.
1037 2361 1225 2407 Gracchi
1265 2368 1435 2412 morte,
1477 2363 1607 2407 cuius
1637 2358 1769 2406 soro'-
1792 2370 1834 2402 30

137 2443 230 2474 rem
258 2431 303 2475 in
326 2430 615 2476 matrimonio
642 2432 850 2483 habebat,
880 2433 1073 2477 sentiret
1102 2432 1422 2492 interrogauit.
1472 2432 1511 2477 is
1540 2432 1637 2477 iure
1667 2445 1769 2476 eum

135 2513 320 2546 caesum
346 2501 600 2560 respondit.
661 2502 731 2547 cui
768 2502 891 2547 dicto
919 2516 1022 2547 011111
1049 2504 1203 2547 0011ῑί0
1233 2502 1463 2547 uiolenter
1491 2501 1771 2547 subclamas-

136 2577 231 2623 set,
271 2571 494 2616 ‘taceant'
536 2573 685 2631 inquit
711 2569 898 2631 ‘quibus
925 2570 1050 2617 Italia
1079 2585 1280 2617 1101161·οε1
1307 2573 1413 2617 est'.
1476 2579 1580 2617 orto
1609 2572 1770 2617 deinde

251 2711 279 2749 4
300 2709 472 2762 poenit.
496 2709 534 2749 k.
559 2711 585 2749 l.
610 2709 652 2748 B
712 2711 736 2750 7
761 2712 830 2749 est
851 2709 1007 2762 inquit
1028 2709 1089 2748 mi
1110 2702 1165 2748 B'
1245 2710 1271 2749 8
1295 2709 1383 2750 tibi
1406 2709 1497 2749 Pb:
1524 2723 1602 2750 om.
1627 2708 1670 2748 B
1716 2711 1766 2749 11

135 2766 397 2818 patientem
427 2765 496 2805 B:
536 2766 816 2818 patientiam
847 2767 945 2806 edd.
981 2779 1094 2808 rece.
1127 2779 1186 2805 eoe
1219 2767 1397 2806 lectione
1419 2766 1651 2818 patientia
1714 2767 1766 2806 16

135 2822 223 2862 tib.
247 2822 289 2862 B
368 2824 420 2862 21
445 2827 493 2862 at
511 2824 554 2862 in
576 2835 663 2864 ras.
689 2823 731 2862 B
811 2825 864 2863 23
889 2823 1043 2863 contio
1066 2835 1182 2865 corr.
1207 2835 1265 2862 ea:
1289 2823 1504 2863 continuo
1528 2822 1570 2863 B
1600 2819 1619 2876 [l
1666 2835 1771 2862 suc-

138 2878 422 2919 clamassent
443 2872 499 2919 B'

250 2936 304 2976 29
326 2937 443 2976 immo
465 2949 523 2976 ne
549 2949 632 2989 ego
694 2937 748 2976 30
773 2936 852 2987 qui
876 2935 931 2976 de
965 2935 1008 2974 V
1115 2955 1119 2958 ·
