1872 3132
197 128 265 180 28
915 130 1013 175 LIB.
1053 131 1084 174 1.

198 239 451 292 Herculis
476 246 662 308 portu7
689 256 795 307 quo
821 235 1055 306 pedibus
1074 243 1431 306 peruenerat,
1456 255 1655 290 nauem
1680 254 1804 290 con-

200 310 506 375 scenderet,
544 307 677 359 talis
696 325 808 360 uox
844 307 961 358 sine
986 306 1097 359 ullo
1133 314 1351 360 auctore
1386 306 1458 359 ad
1491 325 1649 360 aures
1686 307 1803 359 eius

198 380 470 451 peruenit:
503 385 516 407 ²
533 377 810 444 Mancine‚
837 384 1036 429 mane'.
1088 396 1195 448 qua
1219 377 1440 429 territus
1466 394 1587 429 cum
1610 376 1806 429 itinere

201 467 459 503 conuerso
497 448 748 501 Genuam
781 447 1012 516 petisset
1045 455 1099 500 et
1132 447 1210 500 ibi
1247 447 1504 528 scapham
1547 454 1692 500 esset
1723 447 1804 499 in-

153 537 172 569 5
199 538 446 590 gressus,
502 519 696 586 anguis
734 517 966 570 eximiae
999 517 1392 586 magnitudinis
1429 518 1581 569 uisus
1617 536 1645 569 e
1682 535 1806 570 con-

199 597 386 660 spectu
435 589 588 640 abiit.
664 605 790 656 ergo
839 588 1209 658 prodigiorum
1257 606 1542 640 numerum
1582 603 1840 645 numera

199 659 588 712 calamitatium
615 659 888 728 aequauit,
915 657 1122 710 infelici
1147 675 1350 728 pugna,
1389 658 1538 728 turpi
1563 656 1804 723 foedere,

200 729 473 782 deditione
499 729 733 780 funesta.

305 814 354 866 8.
409 813 591 864 Minus
634 812 828 863 miram
871 813 928 862 in
969 811 1185 864 homine
1227 830 1421 882 parum
1465 810 1806 864 considerato

136 900 175 931 ιο
197 884 559 936 temeritatem
577 883 662 934 Ti.
687 882 942 947 Gracchi,
970 882 1283 950 grauissimi
1309 881 1466 948 ciuiS‚
1494 880 1667 934 tristis
1695 881 1808 932 exi-

198 963 288 1006 tus
325 961 378 1005 et
413 952 662 1023 prodigio
700 952 1049 1004 denuntiatus
1084 970 1185 1004 nec
1211 951 1448 1004 euitatus
1477 949 1701 1003 consilio
1726 949 1806 1002 fa—

199 1025 289 1076 cit.
330 1022 519 1075 consul
546 1024 688 1075 enim
714 1022 910 1075 cumin
927 1022 1163 1074 Lucanis
1191 1021 1571 1086 sacrificasset,
1600 1038 1806 1090 angues

201 1094 339 1145 duae
366 1112 435 1145 ex
461 1093 669 1145 occulto
697 1091 986 1163 prolapsae
1011 1100 1234 1162 repente
1258 1091 1484 1155 hostiae,
1555 1109 1686 1142 vuam
1709 1092 1803 1142 im—

197 1162 520 1229 molauerat,
558 1162 721 1216 adeso
748 1163 985 1215 iocinere
1009 1162 1064 1213 in
1090 1162 1310 1214 easdem
1345 1180 1402 1213 se
1427 1160 1536 1213 late
1578 1178 1667 1212 ras
1700 1168 1807 1212 ret-

136 1250 176 1279 15
198 1232 454 1285 tulerunt.
523 1234 592 1285 ob
631 1233 688 1284 id
727 1231 924 1284 deinde
959 1232 1165 1284 factum
1198 1232 1504 1284 instaurato
1539 1230 1807 1283 sacrificio

198 1302 343 1355 idern
385 1302 626 1372 prodigii
662 1302 859 1354 euenit.
933 1302 1095 1354 tertia
1131 1319 1344 1371 quoque
1381 1319 1543 1353 caesa
1585 1301 1808 1354 uictima

201 1373 624 1441 diligentiusque
669 1372 974 1424 adseruatis
1011 1373 1152 1424 extis
1189 1390 1364 1442 neque
1405 1370 1662 1441 adlapsus
1699 1389 1807 1423 ser-

198 1443 446 1513 pentium
492 1441 666 1493 arceri
700 1461 874 1511 neque
910 1443 1043 1508 fuga
1086 1441 1320 1512 inpediri
1363 1442 1560 1512 potuit.
1644 1439 1808 1507 Quod

235 1512 448 1563 uamuis
477 1512 752 1581 aruspices
789 1512 861 1563 ad
898 1510 1127 1564 salutem
1162 1511 1506 1582 imperatoris
1533 1511 1807 1581 pertinere

137 1598 177 1628 20
239 1582 501 1648 ixissent,
542 1581 822 1634 Gracchus
862 1591 1044 1633 tamen
1083 1601 1191 1634 non
1217 1582 1362 1634 cauit
1392 1601 1460 1633 ne
1526 1580 1683 1633 erfidi
1714 1580 1807 1631 ho-

201 1652 355 1722 spitis
392 1652 476 1703 sui
511 1651 669 1702 Flaui
703 1650 916 1703 insidiis
952 1653 1009 1702 in
1043 1670 1163 1703 eum
1197 1651 1376 1704 locum
1411 1651 1478 1704 de
1520 1658 1705 1716 uetus,
1751 1651 1808 1701 in

200 1741 304 1792 quo
330 1722 637 1773 Poenorum
665 1721 780 1773 dux
803 1721 967 1790 Mago
1003 1740 1125 1773 cum
1152 1730 1361 1774 armata
1385 1740 1551 1773 manu
1584 1719 1807 1773 delitue-

199 1800 314 1857 rat,
354 1791 574 1843 inermis
604 1791 959 1850 occideretur*

87 1942 177 1976 Par.
203 1939 312 1982 item
338 1951 426 1982 uox
454 1936 609 1985 audita
631 1936 685 1983 ab
711 1935 917 1983 Herculis
943 1944 1081 1997 portu
1108 1937 1211 1982 talis
1239 1937 1475 1986 εΜειηοίῐιε,
1502 1935 1670 1983 mane'.
1722 1951 1809 1996 qua

137 2014 178 2044 25
202 2008 392 2051 territus
419 2020 520 2052 cum
546 2006 707 2052 itinere
736 2007 933 2052 Genuam
969 2008 1162 2067 petisset
1188 2013 1232 2051 et
1259 2007 1319 2051 ibi
1347 2007 1557 2067 scapham
1595 2013 1716 2051 esset
1742 2008 1809 2051 in-

201 2090 411 2135 gressus,
454 2077 499 2120 in
537 2090 587 2122 ea
623 2078 785 2137 anguis
822 2077 979 2122 eximia
1021 2077 1332 2136 magnitudine
1367 2078 1465 2122 uisa
1499 2091 1523 2121 e
1559 2084 1808 2136 conspectu

201 2145 326 2191 abiit.
415 2146 569 2206 itaque
613 2160 849 2191 numerum
893 2146 1209 2207 prodigiorum
1255 2145 1575 2192 calamitatium
1617 2159 1807 2192 numero

201 2216 437 2275 aequauit,
489 2215 657 2261 infelici
696 2231 871 2276 pugna,
926 2218 1047 2277 turpi
1084 2217 1289 2271 foedere,
1352 2215 1580 2262 deditione
1614 2216 1808 2261 funesta.

200 2287 239 2329 8.
277 2285 341 2331 Ti.
370 2285 596 2331 Gracchus
622 2300 717 2331 cos,
747 2287 847 2331 cuin
874 2288 920 2331 in
946 2287 1141 2332 Lucania
1167 2285 1461 2337 sacrificaret,
1498 2286 1610 2330 duae
1636 2299 1808 2344 angues

136 2361 177 2393 30
200 2355 439 2415 prolapsae
466 2355 600 2401 adeso
621 2350 797 2401 hostiae
823 2358 1022 2402 iocinere
1047 2356 1277 2402 abierunt:
1306 2356 1426 2416 quod
1453 2369 1554 2402 cum
1580 2363 1651 2401 ter
1674 2355 1808 2400 fecis-

203 2432 327 2475 sent,
357 2433 502 2470 tamen
533 2426 757 2471 Gracchus
784 2440 874 2471 non
902 2427 1044 2477 cauit,
1086 2439 1141 2471 ne
1167 2426 1327 2487 perfidi
1354 2426 1549 2486 hospitis
1575 2425 1702 2471 Flaui
1740 2425 1808 2469 in-

202 2495 329 2540 sidiis
356 2495 401 2539 in
429 2510 529 2540 eum
556 2495 707 2541 locum
733 2496 1056 2547 deduceretur,
1092 2497 1136 2540 in
1164 2511 1255 2556 quo
1282 2497 1536 2542 Poenorum
1563 2495 1652 2541 dux
1676 2495 1806 2554 Mago

313 2632 339 2668 4
370 2632 574 2671 Genuam
597 2633 637 2670 P
655 2638 696 2671 et
716 2634 758 2671 in
779 2645 865 2672 ras.
889 2632 954 2670 B:
986 2633 1171 2671 ianuam
1193 2634 1302 2672 dett.
1320 2629 1340 2685 Η
1366 2633 1659 2684 ingressurus
1681 2629 1807 2670 Stan-

197 2698 277 2738 θεν
334 2687 359 2726 5
388 2685 474 2726 uis'
505 2687 572 2726 B:
603 2689 706 2727 uisa
736 2689 797 2734 P,-
829 2689 883 2739 cf.
915 2688 1082 2739 Kempf
1103 2685 1122 2742 ΙΙ
1159 2701 1182 2728 e
1215 2691 1463 2740 conspectu
1488 2698 1808 2740 ---numerum

200 2739 508 2794 prodigiorum
538 2740 635 2793 (hoc
655 2745 803 2783 ordine
827 2757 883 2784 ex
909 2744 961 2795 P)
991 2743 1034 2782 B
1065 2745 1107 2784 in
1136 2757 1225 2784 ras.
1288 2745 1311 2783 7
1344 2742 1679 2782 calamitatium
1700 2741 1805 2780 BP:

203 2796 520 2836 calamitatum
552 2800 648 2838 edd.
710 2801 735 2838 9
763 2800 991 2839 hominem
1023 2793 1079 2840 B'
1141 2801 1192 2838 12
1222 2797 1509 2838 sacrificaret
1528 2798 1570 2836 P
1593 2803 1730 2844 reete,
1762 2802 1807 2837 ut

199 2853 367 2893 uidetur
427 2854 478 2891 14
498 2854 700 2893 iocinore
722 2853 788 2898 B‚·
811 2862 853 2894 αι
875 2857 929 2905 ef'.
953 2858 993 2902 3,
1013 2859 1052 2904 7,
1075 2855 1130 2894 E.
1149 2857 1174 2895 6
1232 2855 1284 2894 22
1306 2866 1554 2906 poenarum
1574 2846 1630 2892 B'

314 2910 368 2949 30
390 2912 460 2948 ter
483 2908 708 2949 fecissent
728 2910 783 2950 A.
808 2911 1112 2950 Kellerbauer:
1143 2910 1453 2963 perfecissent
1480 2910 1523 2951 V
