1936 3120
245 139 350 193 496
766 144 1056 206 NEPoriAM
1079 145 1323 192 EPITOMA

23 219 26 231 ³
95 224 162 254 Val.
173 224 211 254 Μ.
221 224 244 252 1.

79 262 119 314 6,
142 261 233 301 Ε.1
358 259 423 302 16.
464 257 582 302 Idem
608 258 775 303 Xerxes
801 271 902 303 cum
919 258 1295 304 Lacedaemonem
1317 257 1456 305 uellet
1474 259 1701 312 inuadere,
1728 262 1846 318 inter

0 321 28 398 ἶ
85 326 89 339 ’
250 327 583 373 conuiuandum
611 329 831 388 accipiens
858 328 1015 373 uinum
1042 335 1197 388 patera
1225 329 1401 389 excepit
1435 331 1720 390 sanguinem:
1759 331 1846 378 hoc

0 355 15 425 ἶ
248 399 413 443 iterum
450 411 500 443 ac
535 399 690 444 tertio.
744 405 851 444 tunc
886 399 1005 458 magi
1031 406 1308 446 monuerunt
1332 407 1384 446 ut
1409 400 1462 447 ab
1490 402 1670 461 incepta
1694 403 1844 447 inten-

251 469 375 513 tione
400 468 657 514 desisteret.

81 550 231 602 6‚1‹],2
358 541 424 583 17.
463 538 605 584 Midae
632 540 730 599 regi
758 539 927 590 futuro,
970 554 1069 585 cum
1094 554 1262 600 paruus
1289 547 1426 592 esset,
1464 541 1679 588 formicae
1705 556 1845 602 grana
1865 552 1886 584 5

252 608 467 654 frumenti
495 611 539 654 in
565 623 616 655 os
643 611 947 670 ingesserunt.
994 610 1244 656 ditissimus
1272 613 1481 669 omnium,
1498 611 1594 657 ruit.

727 744 887 797 VIII.
942 743 1038 796 De
1078 745 1370 797 somniis·

141 854 227 904 7,1
357 850 395 892 1.
437 848 708 894 Octauianus
743 849 976 908 Augustus
1021 862 1157 908 aeger
1199 850 1245 893 in
1281 850 1443 895 castris
1478 849 1699 896 farsalicis
1739 858 1848 898 erat.

255 933 446 979 cumque
485 919 601 979 apud
636 918 872 979 Philippos
908 918 1009 964 luce
1045 926 1242 964 uentura
1272 926 1529 978 certaturae
1566 921 1699 966 ciuile
1735 922 1851 968 inter

251 989 421 1035 bellum
448 1003 660 1034 romanae
687 1003 843 1034 manus
871 995 1038 1040 essent,
1065 989 1266 1036 Minerua
1293 991 1338 1034 in
1365 992 1534 1036 somnis
1560 991 1656 1037 uisa
1677 992 1849 1039 medico
1874 1006 1913 1037 10

253 1061 351 1106 eius
376 1062 561 1106 Artorio
603 1061 737 1105 iussit
774 1059 819 1104 in
855 1073 907 1105 eo
946 1059 1064 1105 bello
1092 1061 1299 1120 Augusto
1339 1075 1454 1121 opus
1482 1075 1597 1107 esse.
1649 1062 1702 1107 ad
1729 1063 1850 1122 quod

252 1130 476 1191 proelium
514 1143 614 1176 cum
651 1129 810 1175 lectica
847 1129 963 1176 latus
1005 1137 1098 1175 est:
1142 1131 1218 1176 sed
1254 1133 1429 1177 intento
1457 1133 1583 1178 eoin
1609 1132 1850 1179 aduentum

252 1202 473 1247 uictoriae
498 1202 665 1246 Brutus
693 1208 838 1246 castra
862 1204 960 1246 eius
986 1201 1121 1262 cepit.

143 1277 180 1327 7,
203 1278 227 1315 2
350 1276 390 1318 2.
431 1271 683 1332 Calpurnia,
711 1285 827 1316 uxor
853 1271 948 1316 Iulii
975 1270 1201 1323 Caesaris,
1229 1272 1341 1316 uidit
1367 1273 1411 1316 in
1440 1274 1611 1318 somnis
1638 1275 1848 1319 maritum

253 1356 384 1388 suum
411 1343 674 1388 confossum
702 1341 968 1387 uulneribus
995 1343 1041 1385 in
1068 1344 1169 1387 sinu
1195 1356 1278 1386 suo
1307 1342 1475 1387 iacere:
1514 1344 1663 1388 orauit
1688 1344 1846 1389 Caesa·
1872 1355 1913 1387 15

252 1426 348 1458 rem
389 1427 445 1458 ne
491 1427 543 1458 eo
589 1425 717 1457 mane
752 1411 896 1456 abiret
941 1413 986 1455 in
1030 1418 1249 1457 senatum.
1302 1412 1382 1474 sed
1426 1412 1500 1457 ille
1545 1413 1849 1473 auspiciorum

256 1496 391 1544 saepe
416 1484 664 1541 neglegens
690 1481 965 1541 contempsit
991 1482 1233 1537 somnium,
1263 1482 1340 1527 sed
1369 1482 1491 1527 exitu
1517 1483 1742 1542 probauit.

146 1559 185 1609 7,
208 1559 233 1598 3
361 1555 400 1597 3.
439 1554 485 1598 P.
513 1554 669 1598 Decius
695 1553 792 1597 Mus
819 1559 865 1597 et
897 1552 1086 1597 Manlius
1113 1553 1370 1612 Torquatus
1407 1553 1616 1598 consules
1641 1552 1762 1598 hello
1788 1553 1851 1598 la·

256 1624 352 1669 tino
379 1626 661 1669 somniarunt
695 1623 778 1667 diis
806 1622 1007 1667 Manibus
1034 1623 1290 1682 Terraeque
1316 1623 1446 1667 matri
1483 1622 1670 1668 alterius
1709 1625 1851 1684 partis

257 1694 429 1745 ducem,
458 1694 646 1740 alterius
674 1694 920 1738 exercitum
941 1693 1107 1738 deberi.
1154 1707 1253 1738 cum
1282 1693 1516 1738 consulum
1545 1695 1718 1739 somnia
1746 1708 1851 1739 con·
1875 1707 1915 1739 20

255 1766 489 1815 uenirent,
529 1764 724 1810 consulti
752 1763 813 1808 dii
841 1770 971 1808 sunt:
1010 1764 1125 1808 idem
1163 1778 1214 1808 ex
1241 1765 1442 1824 auspicio
1469 1778 1741 1824 responsum
1768 1771 1850 1809 est.

254 1837 475 1881 conuenit
510 1836 631 1880 inter
657 1834 838 1880 eosdem
866 1833 1027 1885 duces,
1064 1841 1115 1879 ut
1148 1835 1186 1879 is
1224 1848 1271 1879 se
1307 1834 1442 1879 morti
1481 1835 1687 1885 oil'erret,
1726 1835 1852 1880 cuius

256 1919 396 1951 cornu
424 1912 469 1951 et
495 1905 613 1950 acies
640 1906 766 1966 prius
795 1905 952 1950 cedere
979 1906 1207 1965 coepisset
1233 1906 1277 1949 in
1299 1903 1490 1964 proelio.
1541 1905 1719 1950 Decium
1755 1904 1854 1965 glo-

255 1978 376 2022 riosa
414 1977 503 2022 fata
539 1982 801 2036 rapuerunt,
840 1976 1045 2035 quamuis
1087 1982 1131 2020 et
1158 1976 1414 2035 Torquatus
1451 1977 1567 2021 mori
1593 1990 1676 2036 pro
1703 1975 1851 2036 patria

257 2054 585 2108 praeoptasset.
1873 2057 1914 2090 25

151 2124 189 2174 7,
215 2123 239 2162 5
366 2121 405 2162 4.
446 2117 649 2162 Ciceroni
677 2115 811 2166 exuli,
851 2128 952 2160 cum
990 2115 1244 2174 quiesceret
1279 2115 1323 2158 in
1350 2114 1455 2159 uilla
1483 2115 1627 2174 campi
1655 2115 1851 2165 affluatis,

257 2188 301 2232 in
330 2188 500 2232 somnis
528 2187 726 2232 occurrit
752 2187 899 2243 imago
937 2184 986 2228 G.
1015 2185 1138 2228 Marii
1165 2198 1263 2229 cum
1289 2184 1544 2244 insignibus
1571 2183 1849 2235 consulatus,

256 2254 475 2318 u‘isusque
511 2271 612 2317 eum
650 2255 802 2300 lictori
838 2255 1015 2300 tradere
1053 2256 1128 2314 qui
1166 2256 1210 2298 in
1239 2261 1577 2300 monumentum
1604 2255 1851 2300 marianum

259 2329 514 2379 deduceret,
547 2327 794 2388 praemissa
829 2339 944 2370 uoce
969 2325 1061 2370 illic
1088 2339 1213 2385 spem
1241 2326 1281 2370 ei
1307 2325 1539 2370 meliorem
1569 2325 1678 2370 l'ore.
1729 2325 1852 2370 dein-

260 2412 367 2459 ceps
393 2399 439 2443 in
466 2398 634 2458 templo
663 2397 782 2442 louis
809 2409 833 2440 a
853 2395 990 2440 Mario
1018 2402 1249 2441 exstructo
1276 2396 1329 2441 de
1355 2395 1503 2440 reditu
1528 2396 1757 2441 Ciceronis
1784 2409 1853 2440 se·
1874 2406 1916 2438 30

260 2477 394 2515 natus
421 2469 633 2514 decreuit.

148 2546 188 2597 7,
212 2546 235 2585 7
363 2543 404 2584 5.
443 2540 624 2585 Cassius
652 2537 905 2582 Parmensis
946 2550 1164 2596 percusso
1202 2537 1400 2581 Antonio
1439 2536 1554 2581 uidit
1590 2537 1636 2581 in
1680 2537 1853 2581 somnio

258 2611 484 2656 hominem
527 2608 879 2671 praegrandem,
923 2613 1188 2652 concretum
1224 2621 1350 2652 coma
1386 2613 1431 2651 et
1469 2606 1622 2652 barba.
1674 2606 1855 2664 rogauit

371 2721 396 2760 9
412 2719 648 2769 fort.inter
660 2730 708 2758 se
742 2718 791 2756 11
805 2717 851 2756 in
863 2728 914 2756 eo
928 2738 980 2743 —
991 2728 1103 2768 opus
1116 2729 1216 2756 esse
1231 2717 1391 2756 Christ:
1413 2729 1470 2756 ne
1484 2726 1721 2768 eo—opus
1733 2716 1856 2755 esset

262 2775 296 2817 G
325 2777 375 2816 12
397 2774 645 2815 intencioG
675 2774 727 2814 14
750 2772 1079 2825 Caiphurinac
1109 2772 1398 2814 18mallius0
1437 2773 1487 2813 19
1498 2772 1689 2811 alterius
1711 2770 1855 2823 partis

260 2832 421 2872 ducem
443 2845 518 2874 om.
544 2830 639 2871 Mai
694 2832 747 2870 22
771 2829 987 2870 conuenit
1007 2830 1157 2869 addidi
1173 2825 1192 2882 Η
1214 2832 1262 2868 ut
1282 2829 1381 2881 ipse
1405 2827 1439 2868 0
1494 2830 1548 2868 24
1565 2827 1692 2867 facta
1713 2827 1808 2866 Mai
1832 2825 1852 2879 ΙΙ

261 2901 384 2929 more
408 2888 441 2929 G
503 2888 557 2928 26
579 2886 787 2927 altinatis
813 2886 845 2925 C
909 2886 963 2925 32
992 2898 1147 2925 somno
1169 2885 1266 2925 Mai
1321 2887 1374 2925 33
1403 2883 1647 2937 §grandem
1670 2882 1724 2923 0:
1754 2895 1856 2935 per-

262 2943 481 2998 grandem
505 2945 570 2984 Du
592 2943 696 2985 Rieu
714 2944 803 2983 sine
821 2955 960 2991 causa,
982 2940 1343 2995 peraegrandem
1354 2940 1449 2981 Mai
1463 2952 1686 2993 operarum
1706 2951 1856 2980 errore
