1924 3152
0 74 137 124 “³³
197 99 200 102 ’
319 143 321 149 -
432 81 451 88 ’ἶ
510 115 629 162 CAP.
659 115 993 174 1111131132.
1031 114 1364 173 VllLSl—3.
1642 109 1746 163 211

157 225 217 278 ui
241 243 364 278 cum
389 243 423 277 a
447 231 643 278 senatu
671 241 782 275 non
806 230 1251 294 praestarentur,
1277 223 1445 276 misso
1470 223 1528 275 in
1552 224 1748 278 urbem

159 295 232 350 lio
251 296 502 364 fundum,
559 313 684 348 uem
704 294 927 347 unicum
946 292 1286 365 possidebat,
1307 293 1578 361 uendidit,
1606 295 1747 347 eius-

121 386 227 439 que
251 368 491 439 pretium
569 363 1084 436 annibaligprotinus
1111 365 1441 432 numerauit,
1470 366 1518 417 si
1543 365 1614 418 ad
1642 364 1747 418 cal-

122 437 273 492 culos
300 445 606 502 reuocetur,
617 454 869 559 (paruum
883 475 898 503 ,
926 443 1119 506 utpote
1145 445 1356 506 septem
1380 436 1664 506 iugeribus
1692 445 1748 490 et

120 511 226 563 hoc
249 507 555 579 inPupinia
580 525 613 559 a
656 506 817 561 dictis
841 505 1148 573 redactum,
1178 508 1225 558 si
1244 508 1425 559 animo
1448 507 1745 576 erogantis,
1769 526 1791 560 5

122 579 269 635 omni
295 577 532 650 pecunia
564 577 760 630 maius
825 596 884 630 se
921 577 1066 630 6111111
1101 577 1420 649 patrimonii
1454 597 1618 650 quam
1652 596 1745 649 pa-

120 651 284 704 triam
318 649 452 702 fidei
485 649 705 719 inopem
740 666 862 701 esse
897 647 1119 716 maluit,
1167 666 1230 702 eo
1277 648 1499 719 quidem
1539 649 1747 702 maiore

121 740 246 775 cum
270 720 771 788 commendatione,
810 719 958 790 quod
982 719 1142 790 proni
1176 719 1349 772 studii
1374 720 1576 772 certius
1604 719 1745 772 indi-

120 793 266 846 cium
291 799 376 844 est
402 809 569 862 supra
593 791 739 843 uires
773 789 877 843 niti
902 809 1067 862 quam
1106 790 1320 844 uiribus
1358 809 1429 844 ex
1453 790 1607 844 facili
1633 790 1741 844 uti:

121 862 261 917 alter
304 863 449 915 enim
493 861 642 933 quod
727 868 871 915 otest
913 868 1187 932 praestat,
1234 860 1373 914 alter
1414 861 1538 932 plus
1581 862 1745 914 etiam
1766 881 1808 916 10

157 952 285 987 uam
322 940 524 1004 potest.
600 939 651 988 2.
722 939 885 1003 taque
930 931 1177 984 eiusdem
1226 933 1488 1002 temporis
1517 932 1742 1000 femina,

118 954 270 1057 {usa
293 1003 540 1069 nomine,
575 1002 814 1072 regionis
843 1011 1028 1056 autem
1053 1003 1272 1074 Apulae
1299 1002 1597 1071 ditissima,
1634 1022 1744 1056 me-

119 1076 226 1130 rito
299 1074 486 1127 uidem
521 1072 876 1127 liberalitatis
917 1074 1292 1127 testimonium
1316 1074 1615 1146 receperit,
1644 1073 1745 1126 sed

119 1145 274 1199 excel
298 1153 450 1198 entes
473 1163 604 1215 opes
626 1163 755 1197 suas
772 1144 1036 1198 Fabianis
1058 1145 1140 1197 rei
1157 1143 1448 1197 familiaris
1475 1145 1744 1214 angustiis

118 1235 229 1270 non
262 1216 668 1286 conparauerit.
728 1233 857 1267 nam
895 1215 999 1268 etsi
1035 1215 1179 1268 circa
1202 1218 1246 1267 i
1272 1216 1477 1268 ciuium
1512 1222 1726 1270 nostro·
1750 1235 1794 1269 15

117 1306 268 1355 rum,
296 1286 600 1340 Cannensis
626 1285 821 1357 proelii
846 1285 1106 1358 reliquias
1121 1327 1135 1354 ,
1171 1286 1568 1355 benignissime
1591 1287 1743 1340 intra

120 1359 401 1412 Canusina
423 1357 644 1411 moenia
670 1355 943 1410 alimentis
972 1358 1348 1425 sustentauit,
1378 1358 1529 1409 saluo
1556 1364 1743 1410 tamen

120 1437 269 1483 statu
301 1428 649 1483 fortunarum
685 1446 910 1480 suarum
946 1428 1260 1481 munificam
1301 1446 1359 1480 se
1394 1426 1597 1499 populo
1635 1428 1742 1482 Ro·

116 1519 280 1554 mano
316 1499 620 1570 praestitit:
659 1499 867 1552 Fabius
902 1499 961 1551 in
985 1499 1249 1553 honorem
1273 1500 1489 1570 patriae
1514 1517 1746 1570 pauper-

118 1579 290 1624 tatem
314 1570 504 1641 inopia
527 1570 784 1623 mutauit.
1767 1590 1809 1622 20

226 1655 278 1707 3.
316 1654 383 1706 In
408 1654 616 1720 Quinto
644 1672 861 1724 quoque
888 1653 1150 1707 Considio
1188 1653 1539 1707 saluberrimi
1565 1672 1744 1706 exem-

118 1724 198 1795 pli
221 1743 324 1778 nec
358 1725 476 1776 sine
501 1742 674 1794 paruo
709 1726 727 1776 i
771 1724 891 1776 sius·
918 1726 1105 1777 fructu
1139 1723 1442 1777 liberalitas
1480 1723 1745 1777 adnotata

118 1804 219 1849 est.
283 1795 378 1866 qui
411 1793 684 1847 Catilinae
747 1812 906 1846 111016
939 1796 1020 1847 ita
1046 1801 1397 1846 consternata
1420 1812 1479 1846 re
1505 1793 1744 1863 publica,

117 1876 180 1920 ut
205 1885 274 1919 ne
301 1885 334 1919 a
358 1863 725 1936 locupletibus
763 1863 985 1935 quidem
1025 1863 1242 1917 debitae
1267 1864 1552 1934 pecuniae,
1581 1882 1740 1935 prop-

117 1947 202 1992 ter
226 1935 524 1990 tumultum
561 1935 750 2007 pretiis
786 1935 1198 2006 possessionum
1234 1934 1557 2003 deminutiS,
1597 1934 1740 1988 solui
1762 1953 1804 1987 25

118 2007 485 2062 creditoribus
511 2017 766 2078 possent,
804 2024 928 2058 cum
954 2006 1159 2058 centies
1189 2012 1351 2077 atque
1378 2006 1738 2077 quinquagies

119 2078 358 2132 sestertii
384 2096 654 2130 summam
678 2077 736 2128 in
760 2076 985 2129 faenore
1010 2076 1259 2143 haberet,
1298 2095 1473 2146 neque
1500 2076 1568 2129 de
1595 2084 1741 2130 sorte

118 2168 447 2221 quemquam
473 2148 786 2201 debitorum
814 2165 1035 2200 suorum
1060 2166 1238 2219 neque
1267 2147 1335 2200 de
1360 2166 1530 2201 usura
1558 2146 1739 2218 appel-

117 2220 220 2273 lari
246 2239 280 2273 a
305 2221 418 2273 suis
442 2237 640 2291 passus
681 2226 781 2285 est,
809 2228 1185 2290 quantumque
1210 2218 1270 2270 in
1294 2217 1414 2289 ipso
1440 2218 1566 2284 fuit,
1595 2236 1739 2270 ama-

118 2289 417 2344 ritudinem
440 2289 696 2361 publicae
723 2288 1066 2343 confusionis
1092 2289 1316 2360 priuata
1341 2287 1740 2359 tranquillitate
1764 2307 1806 2341 30

118 2361 413 2430 mitigauit,
451 2367 753 2431 opportune
778 2359 1115 2431 mirificeque
1153 2367 1388 2413 testatus
1418 2378 1474 2412 se
1499 2377 1740 2411 nummo-

119 2449 242 2484 rum
268 2448 508 2497 suorum,
535 2449 645 2484 non
671 2429 848 2482 ciuilis
877 2430 1160 2500 sanguinis
1182 2449 1301 2483 esse
1323 2430 1741 2483 faeneratorem.

6 2591 17 2646 j
55 2608 57 2613 ⁴
120 2593 319 2652 pretium
354 2589 590 2636 Hannibali
627 2591 898 2635 numerauit.
940 2593 997 2653 ⁴3.
1039 2590 1088 2645 Q.
1117 2590 1352 2635 Considius
1389 2597 1496 2650 post
1522 2589 1738 2636 Catilinae
1764 2601 1857 2637 Par.

121 2662 327 2708 furorem
355 2675 455 2708 oum
483 2662 655 2707 centies
690 2666 734 2705 et
762 2660 1063 2720 quinquagies
1092 2661 1353 2705 sestertium
1380 2661 1425 2706 in
1452 2660 1639 2707 faenore
1665 2660 1743 2706 ha-

236 2815 262 2855 5
290 2813 560 2868 puppiniam
589 2812 646 2862 B,
686 2812 912 2866 puppinia
932 2812 956 2852 b
987 2808 1007 2867 Η
1033 2813 1359 2866 praerogantis
1388 2812 1449 2860 B,
1489 2812 1659 2866 populo
1688 2812 1742 2852 R.

123 2871 360 2923 erogantis
380 2871 651 2923 Rutyersius,
688 2870 765 2922 pio
789 2881 912 2921 erog.
942 2869 1066 2910 Torr.
1129 2870 1181 2909 14
1211 2881 1325 2923 opus
1349 2862 1403 2909 B'
1464 2870 1516 2911 15
1545 2871 1587 2909 ἶ
1641 2882 1670 2909 x
1701 2868 1742 2908 B

125 2929 177 2967 16
197 2927 522 2980 benignissimi
545 2925 671 2979 (-mis
693 2924 829 2978 corr.)
852 2926 906 2974 B,
940 2939 1016 2967 em.
1038 2927 1082 2966 in
1103 2925 1146 2965 B
1166 2938 1246 2979 my.
1310 2927 1362 2967 19
1384 2925 1556 2967 honore
1579 2926 1621 2965 B

1379 2994 1487 3045 14*
