1924 3152
1699 146 1804 200 333

285 264 336 318 5.
377 264 501 318 Rex
545 264 711 317 etiam
745 262 837 316 ille
883 262 1103 316 subtilis
1149 261 1367 326 iudicii,
1415 259 1804 331 quemferunt

173 335 444 391 traditum
472 334 580 388 sibi
625 332 882 387 diadema
907 334 1059 404 prius
1130 352 1257 385 uam
1301 331 1470 402 capiti
1514 331 1806 402 inponeret

165 414 454 466 retentum
481 404 576 457 diu
602 405 977 457 considerasse
1003 423 1066 456 ac
1093 353 1305 456 dixisse
1343 406 1356 430 ‘
1372 422 1401 455 o
1428 401 1668 456 nobilem
1693 419 1805 455 ma-

174 479 264 549 gis
306 486 471 548 quam
513 475 732 529 felicem
780 477 1047 546 pannum!
1113 493 1273 545 quem
1318 474 1363 526 si
1410 474 1531 544 quis
1580 472 1802 543 penitus

109 578 149 606 .·
181 556 478 619 cognoscat
521 565 684 618 quam
719 545 904 598 multis
951 544 1417 598 sollicitudinibus
1455 551 1510 597 et
1546 542 1802 614 periculis
1827 558 1848 592 5

175 627 236 673 et
272 617 506 671 miseriis
550 617 622 670 sit
665 616 930 683 refertuS‚
974 635 1042 669 ne
1077 617 1229 668 humi
1267 615 1490 686 quidem
1533 615 1806 667 iacentem

175 689 373 749 tollere
408 687 613 741 uellet'.

720 156 839 203 cAP.
866 156 915 208 ιι,
943 155 1040 201 Exi.
1067 154 1096 214 3
1123 157 1263 199 2-8,

287 789 337 841 6.
379 787 525 855 Quid
538 827 552 853 ,
592 786 923 840 Xenocratis
962 805 1284 857 responsum
1313 804 1476 856 quam
1501 784 1802 838 laudabile!

177 864 306 912 cum
349 858 616 912 maledico
664 858 1009 928 quorundam
1054 857 1292 910 sermoni
1340 875 1551 910 summo
1592 855 1811 909 silentio

167 931 502 997 interesset,
538 948 647 982 uno
684 947 755 980 ex
789 928 872 980 his
911 937 1206 999 quaerente
1242 947 1338 980 cur
1373 927 1540 979 solus:
1561 927 1806 996 linguam
1829 942 1870 975 ιο

183 1019 337 1054 suam
364 1000 664 1066 cohiberet,
706 1000 854 1070 ‘quia
882 999 1091 1052 dixisse
1126 1005 1231 1051 me’
1269 998 1449 1069 inquit
1486 997 1804 1069 ‘aliquando

178 1073 470 1143 paenituit,
497 1071 736 1124 tacuisse
764 1064 1098 1142 numquam'.

291 1172 339 1224 7.
396 1169 788 1241 Aristophanis
836 1187 1048 1240 quoque
1079 1169 1304 1222 saltioris
1349 1176 1435 1221 est
1477 1168 1805 1238 prudentiae

178 1245 556 1324 praeceptum,
585 1241 677 1312 qui
695 1241 754 1292 in
775 1240 1062 1294 comoedia
1088 1239 1395 1292 introduxit
1421 1239 1713 1291 remissum
1735 1239 1805 1293 ab

125 1352 132 1357 κ
176 1311 371 1366 inferis
387 1312 805 1365 Atheniensium
822 1317 1107 1376 principem
1123 1310 1373 1363 Periclen
1393 1310 1804 1376 uaticinantem,
1831 1323 1872 1356 15

122 1388 125 1391 ⁴
179 1402 292 1436 non
329 1391 582 1454 oportere
621 1383 677 1434 in
713 1383 846 1435 urbe
885 1383 1094 1434 nutrire
1130 1382 1367 1435 leonem:
1411 1381 1498 1432 sin
1526 1389 1709 1433 autem
1737 1382 1809 1432 sit

179 1453 356 1522 altus,
395 1454 623 1524 obsequi
650 1452 699 1506 ei
725 1454 1034 1506 conuenire.
1110 1461 1297 1506 monet
1333 1453 1476 1504 enim
1513 1460 1573 1504 ut
1599 1451 1806 1522 praeci-

180 1543 324 1596 puae
350 1524 655 1578 nobilitatis
685 1531 738 1577 et
766 1524 1026 1577 concitati
1053 1524 1260 1593 ingenii
1286 1524 1512 1576 iuuenes
1533 1522 1806 1575 refrenen-

179 1605 274 1648 tur
287 1596 504 1662 ‚nimio
527 1613 672 1648 --uero
710 1594 901 1647 fauore
939 1614 1003 1647 ac
1040 1594 1269 1664 profusa
1294 1594 1636 1663 indulgentia
1660 1593 1808 1665 pasti
1872 1646 1875 1649 ,

180 1684 290 1737 quo
317 1666 495 1717 minus
523 1666 826 1736 potentiam
852 1667 1134 1735 optineant
1153 1685 1219 1717 ne
1246 1665 1632 1735 impediantur,
1662 1663 1807 1735 quod
1830 1679 1871 1710 20

186 1735 415 1790 stultum
442 1743 495 1788 et
521 1734 712 1788 inutile
740 1736 811 1788 sit
839 1754 929 1787 eas
959 1736 1268 1788 obtrectare
1303 1737 1477 1801 uires,
1515 1743 1649 1806 quas
1687 1735 1806 1805 ipse

181 1807 408 1861 sonoris,

293 1891 342 1945 8.
380 1891 612 1943 Mirifice
652 1891 815 1944 etiam
854 1890 1074 1943 Thales.
1150 1909 1277 1941 nam
1322 1891 1692 1959 interrogatus
1738 1908 1808 1941 an

183 1961 334 2014 facta
359 1961 640 2013 hominum
677 1961 806 2015 deos
842 1960 1124 2027 fallerent,
1165 1967 1259 2013 ‘ne
1287 1961 1530 2030 cogitata
1555 1961 1804 2031 quidem'

180 2033 378 2104 inquit,
407 2040 467 2085 ut
491 2052 599 2086 non
628 2032 803 2085 solum
830 2051 1048 2097 manus,
1088 2031 1184 2084 sed
1213 2032 1377 2086 etiam
1403 2039 1611 2084 mentes
1639 2050 1805 2102 puras
1830 2042 1871 2074 25

184 2184 226 2226 5.
249 2181 340 2226 Rex
368 2180 547 2240 quidam
575 2180 724 2226 fertur
752 2181 964 2226 traditum
993 2180 1078 2226 sihi
1107 2180 1323 2230 diadema,
1351 2182 1481 2239 prius
1509 2193 1642 2239 quam
1668 2179 1804 2239 capiti
1831 2179 1921 2213 Par.

186 2251 451 2312 inponeret,
490 2258 718 2304 retentum
754 2252 832 2297 diu
870 2251 1183 2298 considerasse
1221 2265 1272 2296 ac
1309 2251 1475 2296 dixisse
1514 2250 1569 2296 eo
1607 2250 1804 2296 nobilem

185 2323 329 2380 magis
357 2335 490 2382 quam
517 2321 693 2369 felicem
718 2324 941 2382 pannum!
965 2324 977 2343 '
1053 2325 1092 2366 6.
1134 2322 1412 2368 Xenocrates
1440 2335 1541 2368 cum
1569 2320 1805 2367 maledico-

187 2406 288 2437 rum
326 2392 625 2452 quorumdam
662 2392 950 2438 sermonibus
989 2407 1166 2438 summo
1205 2392 1388 2438 silentio
1418 2395 1686 2443 interesset,
1726 2394 1805 2437 uni

190 2475 244 2506 ex
270 2462 340 2507 his
371 2463 633 2522 quaerenti,
662 2477 743 2507 cur
771 2463 897 2509 solus
928 2470 1119 2513 taceret,
1151 2462 1165 2484 ³
1183 2463 1350 2508 dixisse
1378 2462 1479 2508 me'
1519 2464 1666 2521 inquit
1694 2461 1803 2508 ‘ali-
1829 2473 1869 2505 30

192 2532 369 2593 quando
399 2534 638 2592 paenituit,
667 2533 865 2579 tacuisse
892 2534 1174 2593 numquam’.
1228 2535 1266 2578 8.
1297 2533 1459 2578 Thales
1488 2534 1801 2591 interrogatus

186 2617 245 2648 an
273 2603 389 2649 facta
418 2603 656 2658 hominum
683 2603 792 2649 deos
823 2604 1044 2653 fallerent,
1077 2604 1151 2648 ‘ne
1180 2603 1379 2662 cogitata
1410 2603 1611 2662 quidein’
1639 2604 1802 2663 inquit.

304 2744 325 2781 1
369 2741 584 2782 fecerunt
605 2735 660 2781 B'
741 2743 763 2781 7
805 2742 920 2782 uelit
944 2742 1003 2791 Γ;
1035 2742 1097 2781 sic
1117 2744 1186 2780 uel
1205 2740 1331 2781 uolet
1351 2741 1615 2781 scribendum
1637 2747 1701 2781 est
1778 2742 1802 2781 9
1822 2780 1832 2789 x

186 2797 514 2839 maledicorum
537 2810 581 2850 q.
605 2798 890 2838 sermonibus
915 2798 955 2836 P
1031 2799 1083 2838 13
1114 2797 1439 2850 aristhopanes
1462 2790 1516 2837 B'
1599 2800 1649 2837 15
1673 2797 1803 2837 athe-

186 2856 392 2895 niensem
417 2866 443 2899 ς
463 2852 481 2908 Η
502 2856 758 2907 principem
785 2854 1087 2894 Kellerbauer:
1120 2854 1280 2894 ducem
1305 2855 1357 2904 Γ,
1387 2867 1463 2897 om.
1487 2854 1541 2901 B,
1573 2855 1629 2904 cf.
1652 2854 1740 2894 IV.
1769 2856 1804 2898 1.

189 2909 245 2951 Ε.
258 2916 300 2956 1,·
328 2911 379 2959 V,
401 2914 466 2961 10,
489 2912 581 2952 E.1
625 2913 675 2952 17
701 2911 840 2951 alitus
863 2914 965 2952 dett.
992 2913 1154 2963 aliquot
1192 2908 1246 2950 20
1267 2923 1350 2950 nus
1371 2910 1624 2964 potentiam
1646 2912 1803 2949 —aeim-

189 2966 436 3020 pediantur
456 2967 498 3007 B
519 2969 561 3008 in
584 2970 713 3008 litura
735 2970 891 3009 maiore
934 2969 986 3007 22
1009 2968 1194 3008 foueres
1215 2960 1272 3006 B'
1312 2969 1366 3007 24
1389 2967 1572 3019 quidem
1597 2968 1650 3006 P:
1673 2967 1802 3007 om.B
