1878 3132
206 161 276 211 42
922 162 1015 205 tia.
1060 162 1085 204 t.

207 291 315 324 non
362 271 577 324 obscuri
613 269 824 336 generis
861 267 1066 318 femina
1107 266 1248 318 inter
1281 266 1515 337 quietem
1553 266 1810 336 opinione

211 360 307 394 sua
327 341 534 392 caelum
555 338 887 402 conscendit,
916 344 1075 406 atque
1095 336 1301 389 ibidem
1324 335 1547 388 deorum
1568 337 1810 388 omnium

209 411 449 464 lustratis
498 409 718 460 sedibus
756 406 1144 458 animaduertit
1186 405 1590 476 praeualentem
1627 407 1811 459 uirum

208 481 335 532 flaui
362 478 571 543 coloriS,
599 477 914 545 lentiginosi
941 477 1069 543 oriS,
1097 476 1288 528 ferreis
1311 477 1517 529 catenis
1542 477 1811 542 uinctum,

166 568 186 596 s»
209 551 355 601 Iouis
384 548 514 601 solio
543 548 880 617 pedibusque
908 547 1238 611 subiectum,
1267 547 1704 616 interrogatoque
1730 547 1808 598 iu-

149 917 186 946 10

150 1264 188 1294 15

208 639 370 686 uene,
416 637 519 688 quo
547 617 924 669 considerandi
960 616 1096 668 caeli
1124 617 1258 668 duee
1284 618 1464 668 fuerat
1497 635 1621 683 usa,
1665 617 1812 686 quis-

209 709 334 741 nam
369 698 537 755 esset,
576 688 748 740 audiit
785 686 937 743 illum
964 686 1181 739 Siciliae
1207 695 1377 757 ⁴atque
1403 686 1594 739 Italiae
1629 686 1811 738 dirum

210 778 327 812 esse
353 760 553 824 fatum,
595 757 933 827 solutumque
968 757 1202 809 uinculis
1230 756 1414 809 multis
1439 757 1668 809 urbibus
1697 756 1809 808 exi·

210 832 284 882 tio
329 830 595 881 futurum:
656 828 799 897 quod
842 828 1108 878 somnium
1158 836 1372 897 postero
1425 827 1513 878 die
1563 843 1812 878 sermone

209 899 471 968 uulgauit.
522 907 807 968 postquam
836 897 1031 949 deinde
1058 898 1383 966 Dionysium
1408 898 1630 948 inimica
1648 895 1812 965 Syra—

211 988 459 1021 cusarum
487 969 725 1021 libertati
752 968 1129 1038 capitibusque
1155 968 1450 1019 insontium
1475 966 1677 1018 infesta
1701 965 1811 1018 for·

210 1048 341 1091 tuna
366 1038 580 1090 caelesti
609 1039 855 1091 custodia
876 1037 1167 1089 liberatum
1191 1037 1342 1089 uelut
1361 1036 1565 1088 fulmen
1591 1035 1809 1105 aliquod

211 1111 320 1162 otio
357 1128 419 1160 ac
457 1107 836 1178 tranquillitati
874 1109 1087 1172 iniecit,
1140 1107 1557 1159 Himeraeorum
1598 1106 1816 1157 moenia

210 1180 351 1230 inter
393 1179 617 1229 effusam
653 1179 720 1230 ad
761 1177 1003 1230 officium
1049 1186 1102 1229 et
1139 1176 1507 1247 spectaculum
1551 1177 1665 1228 eius
1701 1184 1812 1226 tur-

210 1249 336 1300 bam
363 1249 653 1299 intrantem
680 1257 740 1300 ut
766 1249 1002 1318 aspexit,
1029 1247 1172 1298 hunc
1198 1266 1335 1312 esse,
1363 1265 1523 1316 quem
1548 1247 1606 1304 in
1631 1246 1814 1314 quiete

210 1318 441 1382 uiderat,
468 1318 768 1370 uociferata
795 1327 892 1370 est.
946 1318 1003 1369 id
1030 1317 1307 1385 cognitum
1333 1325 1564 1386 tyranno
1593 1333 1812 1367 causam

212 1387 478 1439 tollendae
504 1387 744 1440 mulieris
774 1388 939 1440 dedit.
1737 1432 1741 1435 ⁴

319 1459 366 1509 7.
418 1458 659 1509 Tutioris
689 1460 865 1511 somni
891 1465 1066 1509 mater
1101 1456 1343 1509 eiusdem
1370 1456 1624 1526 Dionysi.¹
1675 1473 1814 1525 quae

213 1545 334 1578 cum
371 1546 491 1578 eum
528 1537 846 1598 conceptum
881 1537 1034 1580 utero
1060 1527 1310 1593 haberet,
1352 1545 1542 1596 parere
1574 1526 1695 1577 uisa
1730 1534 1817 1577 est

149 1614 167 1642 ι’
213 1595 575 1666 Satyriscum,
605 1599 955 1668 consultoque
982 1592 1359 1667 prodigiorum
1385 1598 1680 1665 interprete
1705 1593 1814 1646 cla-

211 1668 486 1718 rissimum
524 1687 586 1720 ac
620 1669 1059 1738 potentissimum
1086 1669 1222 1719 Gral
1256 1666 1532 1735 sanguinis
1570 1664 1814 1716 futurum

213 1746 359 1789 certo
389 1756 509 1789 cum
537 1748 733 1790 euentu
760 1739 1028 1807 cognouit.

319 1810 367 1858 ὅ.
396 1810 471 1859 At
490 1809 1030 1877 Karthaginiensium
1062 1808 1172 1858 dux
1195 1805 1494 1872 Hamilcar,
1522 1823 1643 1856 cum
1670 1804 1814 1857 obsi-

126 1921 189 1951 221
215 1923 262 1954 se
290 1910 485 1955 habitum
514 1912 658 1956 adhuc
677 1914 891 1972 Dionysio
919 1914 1194 1962 continente,
1221 1912 1452 1956 Himeraea
1479 1909 1696 1969 quaedam
1723 1921 1813 1953 non

152 1989 187 2019 :ss
217 1980 395 2025 obscuri
432 1984 610 2037 generis
638 1983 797 2027 mulier
833 1983 1088 2028 ascendisse
1117 1982 1199 2027 sibi
1227 1981 1398 2026 caelum
1435 1981 1531 2024 uisa
1567 1985 1636 2024 est
1670 1984 1716 2023 et
1752 1977 1812 2022 ihi

214 2051 501 2108 conspexisse
528 2053 858 2110 praeualentem
888 2054 1033 2097 uirum
1063 2052 1164 2097 flaui
1193 2050 1384 2100 coloris,
1413 2049 1677 2107 lentiginosi
1703 2046 1813 2097 oris,

217 2119 372 2162 ferreis
419 2122 587 2165 catenis
634 2123 856 2172 uinctum,
902 2122 1022 2167 Iouis
1061 2122 1174 2167 solio
1221 2120 1500 2181 pedibusque
1545 2118 1813 2163 subiectum.

216 2188 366 2232 eadem
405 2203 503 2233 cum
541 2191 869 2249 interrogasset
906 2194 1112 2251 quisnam
1149 2199 1292 2242 esset,
1329 2188 1601 2248 cognouisse
1637 2185 1816 2233 Siciliae

215 2257 358 2316 adque
384 2258 536 2304 ltaliae
563 2261 707 2306 dirum
736 2263 892 2308 fatum.
955 2264 1108 2322 itaque
1136 2260 1423 2321 postmodum
1450 2258 1689 2317 Dionysius
1715 2256 1829 2318 pul·⁴

150 2338 170 2365 ὲ)
218 2341 295 2370 sus
330 2327 563 2386 Syracusis
600 2345 698 2375 eum
735 2332 955 2377 Himeram
994 2332 1207 2392 petisset,
1257 2330 1443 2375 muliere
1480 2328 1697 2374 clamante
1733 2327 1817 2371 hac

216 2397 365 2440 eadem
395 2411 447 2441 ne
479 2400 778 2458 reciperetur,
807 2417 921 2461 quae
949 2403 1123 2447 uiderat
1150 2401 1400 2448 somnium,
1428 2406 1639 2458 receptus
1667 2403 1816 2456 tyran·

215 2465 358 2510 nidem
404 2471 613 2514 exercuit.
697 2476 736 2514 7.
786 2472 925 2516 Mater
955 2463 1160 2530 ‘Dionysii
1205 2485 1306 2517 cum
1351 2484 1452 2516 eum
1495 2468 1640 2514 adime
1685 2473 1817 2512 utero

215 2543 483 2596 conceptum
526 2539 737 2590 haberet,
791 2556 947 2600 parere
993 2542 1089 2586 uisa
1139 2548 1207 2586 est
1244 2541 1534 2599 satyriscum.
1585 2536 1818 2583 consulto·

218 2619 303 2662 que
342 2607 649 2666 prodigiorum
695 2611 944 2670 interprete
980 2611 1276 2656 clarissimum
1313 2623 1414 2655 eum
1450 2609 1548 2654 sore
1584 2606 1816 2665 cognouit.

153 2685 180 2712 :-
217 2676 256 2718 8.
304 2675 523 2720 Hamilcar
558 2678 645 2722 dux
681 2680 1113 2739 Carthaginiensium
1151 2694 1250 2725 cum
1288 2679 1536 2738 Syracusas
1573 2675 1815 2723 obsideret,

329 2769 353 2806 2
383 2769 590 2808 aseendit
612 2772 651 2809 P
708 2775 758 2812 13
786 2774 959 2814 himera
983 2787 1135 2814 eorum
1158 2774 1200 2814 B
1260 2774 1311 2812 14
1342 2771 1488 2811 effusa
1511 2770 1551 2810 Β
1611 2770 1663 2809 15
1685 2781 1817 2820 aspe-

217 2824 285 2862 xit
325 2821 472 2876 (pexit
506 2827 547 2864 in
583 2827 688 2888 ras.)
733 2828 773 2866 B
853 2830 905 2869 16
947 2842 1133 2870 causam
1169 2828 1373 2868 Foertsclz
1402 2827 1470 2874 II,
1501 2831 1552 2866 5:
1593 2837 1747 2865 curam
1775 2823 1819 2863 B

219 2881 270 2920 18
292 2880 390 2920 eius
411 2879 527 2919 idem
549 2880 590 2918 B
666 2884 716 2921 19
739 2897 837 2922 cum
863 2898 914 2923 eo
938 2885 977 2924 B
1037 2888 1090 2925 23
1113 2884 1304 2924 amilcar
1325 2876 1372 2922 B'

330 2937 383 2975 24
405 2936 579 2975 himera
609 2936 651 2974 V
707 2941 756 2977 :31
783 2951 900 2989 quae
925 2941 1106 2979 uiderat
1127 2941 1345 2979 somnium
1368 2942 1509 2987 (llos-sa
1532 2939 1700 2977 uidetur
