1924 3152
734 155 873 200 mn.
900 155 931 207 1,
959 154 992 213 gr
1015 155 1160 201 2-9,
1419 201 1421 203 ,
1670 149 1775 201 273

139 265 263 334 ipsa
314 263 491 334 stupri
543 281 601 314 se
651 262 881 315 crimine
931 261 1414 333 coinquinauerat,
1475 262 1772 314 interemit.

181 353 311 386 uam
346 341 595 387 sanctam
629 333 800 403 igitur
842 334 900 384 in
946 334 1172 385 ciuitate
1208 341 1400 386 nostra
1446 332 1773 404 pudicitiam

168 405 316 457 uisse
351 405 672 458 existimare
710 404 999 469 debemUS,
1044 404 1100 455 in
1138 422 1247 475 qua
1283 404 1449 456 etiam
1486 404 1771 457 institores

140 474 386 529 libidinis
422 483 538 528 tam
564 493 787 528 seueros
816 475 933 527 eius
969 475 1218 527 uindices
1258 477 1500 528 euasisse
1528 473 1772 527 animad-
1812 503 1815 508 ·

140 547 436 599 uertimus‘?
1793 560 1815 593 5

249 618 297 671 7.
346 617 605 687 Sequitur
649 615 968 669 excellentis
1010 617 1247 669 nominis
1292 635 1357 668 ac
1400 615 1770 675 memorabilis

139 687 274 740 facti
302 687 630 758 exemplum.
669 687 746 739 M.
775 686 1040 740 Claudius
1067 686 1361 741 Marcellus
1391 687 1584 740 aedilis
1615 706 1771 740 curu-

137 757 206 811 lis
235 758 297 812 O.
326 758 607 812 Scantinio
637 757 952 828 Capitolino
981 759 1202 811 tribuno
1231 758 1306 829 pl.
1330 758 1477 811 diem
1504 758 1575 810 ad
1602 777 1770 830 popu-

137 829 251 881 lum
286 829 454 895 dixit,
494 827 642 900 quod
676 829 850 880 filium
892 848 1050 881 suum
1088 829 1154 882 de
1192 839 1384 900 stupro
1415 828 1766 901 appellasset,

139 918 311 972 eoque
338 907 691 953 asseuerante
718 918 776 952 se
803 900 925 968 cogi
951 919 1060 952 non
1086 919 1247 971 posse
1272 910 1336 953 ut
1362 901 1610 966 adesset,
1639 901 1769 972 quia
1792 917 1834 949 10

139 980 547 1024 sacrosanctam
581 978 910 1041 potestatem
946 971 1199 1038 haberet,
1243 980 1298 1025 et
1332 972 1402 1025 ob
1440 971 1500 1023 id
1534 972 1769 1024 tribuni-

138 1045 286 1094 cium
310 1041 576 1094 auxilium
602 1041 938 1112 inplorante,
980 1051 1160 1095 totum
1196 1042 1487 1113 collegium
1523 1043 1768 1096 tribuno-

137 1132 261 1166 rum
311 1114 536 1183 negauit
586 1131 643 1164 se
666 1140 669 1143 ·
695 1113 1034 1165 intercedere
1085 1132 1190 1184 quo
1241 1115 1423 1166 minus
1467 1114 1767 1184 pudicitiae

137 1185 388 1256 quaestio
415 1191 790 1255 perageretur.
857 1184 1057 1236 citatus
1084 1185 1271 1256 itaque
1299 1185 1611 1238 Scantinius
1639 1204 1764 1237 reus

135 1272 244 1307 uno
281 1263 422 1308 teste
456 1254 551 1325 qui
585 1262 884 1325 temptatus
919 1263 1038 1307 erat
1074 1255 1367 1308 damnatus
1396 1264 1495 1308 est.
1554 1263 1769 1309 constat
1791 1269 1834 1303 15

135 1325 391 1378 iuuenem
416 1325 749 1397 productum
782 1325 841 1376 in
875 1334 1059 1378 rostra
1087 1326 1269 1379 defixo
1297 1327 1354 1378 in
1380 1335 1581 1379 terram
1608 1326 1767 1388 uultu

135 1406 556 1468 perseueranter
602 1397 843 1449 tacuisse
878 1397 1301 1468 uerecundoque
1340 1398 1557 1450 silentio
1595 1396 1764 1468 pluri-

133 1486 284 1520 mum
308 1467 367 1520 in
391 1467 657 1522 ultionem
684 1486 842 1520 suam
867 1467 1126 1521 ualuisse.

242 1539 294 1591 8.
331 1538 587 1592 Metellus
626 1558 854 1609 quoque·
878 1538 1038 1592 Celer
1073 1548 1362 1610 stuprosae
1401 1540 1599 1592 mentis
1636 1558 1765 1592 acer

135 1610 388 1679 poenitor
423 1611 636 1675 extitit,
675 1608 772 1661 Cn.
805 1609 997 1679 Sergio
1029 1610 1140 1664 Silo
1176 1612 1572 1681 promissorum
1598 1611 1763 1664 matri
1786 1626 1828 1658 20

133 1678 379 1731 familiae
404 1698 750 1733 nummorum
774 1682 956 1749 gratia
983 1681 1129 1733 diem
1151 1682 1222 1733 ad
1241 1681 1507 1752 populum
1528 1681 1768 1736 dicendo.

134 1768 367 1820 eumque
386 1749 488 1802 hoc
507 1769 616 1802 uno
638 1751 862 1802 crimine
883 1751 1215 1805 damnando.
1256 1771 1366 1805 non
1386 1754 1532 1804 enim
1551 1753 1762 1804 factum

135 1830 291 1887 tunc,
331 1821 427 1873 sed
452 1823 667 1874 animus
693 1821 748 1872 in
776 1823 1165 1892 quaestionem*
1182 1822 1449 1875 deductus
1477 1831 1584 1887 est,
1613 1822 1760 1894 plus-

134 1910 239 1962 que
255 1891 497 1944 uoluisse
518 1909 747 1963 peccare
767 1894 952 1945 nocuit
970 1912 1135 1963 quam
1145 1911 1253 1945 non
1263 1912 1520 1963 peccasse
1534 1894 1759 1964 profuit.

242 1962 291 2015 9.
333 1963 618 2016 Contionis
647 1963 800 2029 haec,
828 1962 925 2016 illa
951 1964 1134 2016 curiae
1161 1965 1426 2033 grauitas.
1492 1965 1558 2016 T.
1586 1964 1758 2018 Vetu-
1783 1977 1825 2009 25

131 2034 245 2086 rius
261 2073 275 2101 ,
303 2033 448 2085 filius
476 2034 593 2086 eius
620 2034 862 2100 Veturii,
901 2035 993 2106 qui
1017 2036 1075 2093 in
1101 2034 1390 2088 consulatu
1417 2054 1514 2088 suo
1545 2035 1759 2088 Samni-

133 2189 254 2227 stum
281 2196 305 2226 a
331 2181 515 2228 domino
543 2182 692 2229 facere
718 2190 902 2228 coactus
930 2191 1073 2235 esset,
1111 2183 1249 2229 filiam
1277 2198 1429 2234 suam,
1459 2184 1581 2244 quod
1607 2184 1756 2245 stupri
1779 2197 1876 2231 Par.

132 2265 182 2297 se
207 2252 394 2298 crimine
419 2254 820 2314 coinquinauerat,
858 2254 1104 2300 interemit.
1167 2258 1206 2299 8.
1244 2255 1474 2305 Metellus,
1514 2262 1758 2315 stuprosae

134 2325 299 2368 mentis
337 2337 439 2374 acer
465 2327 701 2384 poenitor,
739 2325 816 2369 Cn.
846 2324 1008 2385 Sergio
1037 2325 1131 2371 Silo
1168 2328 1504 2385 promissorum
1532 2327 1665 2371 matri
1691 2326 1757 2371 fa-

132 2392 283 2437 miliae
310 2407 599 2439 nummorum
626 2395 772 2454 gratia
802 2395 917 2440 diem
944 2396 999 2440 ad
1024 2396 1246 2456 populum
1273 2397 1400 2442 dixit.
1461 2399 1502 2441 9.
1541 2397 1591 2441 T.
1620 2396 1754 2442 Vetu-
1778 2412 1825 2444 30

133 2464 230 2508 rius
256 2461 377 2508 filius
404 2466 527 2514 eius,
567 2465 644 2524 qui
681 2467 727 2510 in
755 2465 999 2511 consulatu
1036 2481 1118 2512 suo
1147 2466 1424 2512 Samnitibus
1462 2467 1519 2512 ob
1557 2469 1758 2526 turpiter

249 2616 270 2654 1
294 2616 399 2666 ipsa
418 2617 601 2667 scripsi:
632 2615 699 2655 ita
719 2616 777 2666 B,
804 2629 858 2656 ea
880 2616 903 2656 b
925 2613 945 2670 Π
966 2617 1394 2668 quoinquinauerat
1414 2611 1470 2657 B'
1520 2620 1545 2658 3
1567 2618 1756 2658 institu-

131 2673 256 2712 tores
278 2666 334 2710 B'
413 2674 438 2712 9
480 2672 770 2724 appellasset
792 2694 843 2699 —-
867 2676 1148 2725 potestatem
1179 2671 1277 2726 (om.
1301 2675 1444 2715 uerbis
1476 2677 1526 2714 ut
1548 2674 1752 2726 adesset)

130 2727 174 2767 B
182 2729 238 2768 fin
259 2729 389 2768 litura
409 2729 559 2774 habet;
581 2732 622 2768 z'n
645 2729 878 2782 archetypo
902 2731 1062 2782 aliquot
1082 2730 1216 2770 uerba
1237 2731 1436 2771 uidentur
1457 2732 1728 2772 intercidisse
1739 2748 1752 2778 ,-

131 2796 226 2824 nam
244 2787 574 2838 supplementum
594 2787 777 2838 spatium
799 2799 971 2826 uacuum
992 2789 1168 2827 excedit
1195 2789 1260 2841 *12
1284 2787 1573 2840 inplorante*
1595 2789 1637 2828 B
1700 2791 1751 2830 13

129 2839 424 2939 Ξιξοέὂηέᾓιίιὲ
446 2835 511 2938 gb
555 2844 606 2882 15
629 2845 936 2895 tempestatus
957 2838 1015 2882 B'
1057 2845 1109 2884 16
1131 2843 1291 2885 defixit
1311 2846 1362 2886 in
1380 2848 1551 2886 terram
1573 2846 1752 2885 uultum

245 2955 299 2994 28
321 2955 688 3007 conquinauerat
717 2956 762 2995 V
815 2957 868 2996 29
892 2955 998 2997 silio
1027 2957 1072 2997 V
1126 2959 1178 2998 31
1204 2959 1302 2998 eius
1324 2959 1477 2999 addidi

214 3034 320 3073 vAr..
343 3036 454 3067 qu.
774 3051 777 3057 ·
1429 3028 1492 3082 13
