1878 3132
218 108 287 159 34
934 108 1030 151 Lm.
1074 107 1101 150 1.

213 220 355 272 tonis
395 234 644 270 somnum
680 213 875 281 adtigi,
911 210 1146 264 referam
1180 229 1342 281 quam
1377 211 1543 263 certis
1577 210 1837 280 imagini-⁷

213 289 315 341 bus
335 286 627 338 multorum
648 284 798 353 quies
822 282 1147 334 adumbrata
1167 283 1253 332 sit.
1302 299 1463 351 quem
1482 280 1661 332 locum
1677 281 1822 333 unde

212 357 391 428 potius
429 355 611 406 ordiar
638 371 799 423 quam
837 371 869 403 a
896 350 1009 402 diui
1038 351 1277 420 Augusti
1313 351 1683 404 sacratissima
1715 369 1820 403 me-

213 426 421 479 moria?
460 424 593 475 Eius
621 423 830 474 medico
859 421 1082 474 Artorio
1109 439 1357 474 somnum
1383 420 1620 491 capienti
1645 429 1820 488 nocte,

172 512 192 544 5
250 515 375 549 uam
421 494 535 546 dies
571 494 847 545 insecutus
886 499 994 556 est,
1050 509 1154 561 quo
1198 490 1256 542 in
1290 494 1494 562 campis
1532 489 1821 560 Philippiis

212 517 443 619 {omani
487 565 626 615 inter
661 582 721 627 ⁴se
768 561 1036 614 exercitus
1079 569 1493 628 concurrerunt,
1538 559 1821 614 Mineruae

212 636 418 717 species
449 635 642 686 oborta
668 632 947 702 praecepit
973 639 1033 683 ut
1059 630 1212 682 illum
1238 631 1398 700 graui
1421 631 1610 683 morbo
1648 630 1821 701 impli-

211 715 376 758 citum
402 711 733 761 moneretne
755 709 978 772 propter
1004 701 1292 752 aduersam
1317 700 1674 753 ualitudinem
1698 719 1820 771 pro-

210 778 357 828 ximo
395 773 601 844 proelio
638 792 745 824 non
781 772 1085 824 interesset.
1163 770 1310 840 quod
1345 789 1466 823 cum
1492 770 1695 822 Caesar
1731 789 1821 823 au-

149 861 189 892 10
215 846 411 910 disset,
461 843 653 895 lectica
689 861 745 894 se
780 842 838 892 in
873 843 1042 893 aciem
1080 840 1283 892 deferri
1321 841 1503 893 iussit:
1553 840 1650 893 ubi
1693 840 1822 893 dum
1856 861 1859 863 ·

212 933 377 984 supra
411 916 555 965 uires
594 911 828 982 corporis
870 930 968 981 pro
1007 909 1361 980 adipiscenda
1395 911 1626 963 uictoria
1660 928 1820 962 excu-

210 986 322 1049 bat,
350 992 530 1036 castra
567 983 679 1034 eius
708 1001 739 1033 a
766 982 937 1033 Bruto
964 989 1126 1050 capta
1152 987 1295 1032 sunt.
1347 980 1480 1051 quid
1515 997 1644 1049 ergo
1670 979 1821 1032 aliud

211 1063 466 1125 putamus
516 1071 675 1122 quam
713 1052 897 1103 diuino
934 1051 1152 1103 numine
1190 1051 1440 1102 effectum
1483 1069 1551 1102 ne
1588 1049 1820 1102 destina-

213 1134 327 1177 tum
361 1124 471 1174 iam
504 1122 899 1174 immortalitati
934 1129 1097 1190 caput
1129 1121 1410 1188 indignam
1445 1119 1666 1171 caelesti
1713 1120 1820 1189 spi-

151 1208 190 1241 15
212 1195 320 1246 ritu
345 1193 598 1245 fortunae
625 1192 942 1244 uiolentiam
969 1191 1229 1243 sentiret?
1255 1196 1265 1204 ’

316 1263 367 1313 2.
426 1264 739 1330 Augustum
781 1279 911 1313 uero
954 1270 1170 1331 praeter
1210 1258 1514 1312 naturalem
1557 1258 1724 1310 animi
1764 1260 1822 1310 in

214 1334 462 1386 omnibus
491 1334 651 1384 rebus
676 1331 949 1385 subtiliter
967 1330 1363 1401 perspiciendis
1390 1329 1632 1398 uigorem
1658 1331 1822 1381 etiam

213 1421 397 1455 recens
446 1410 498 1454 et
540 1402 894 1454 domesticum
939 1399 1246 1471 exemplum
1290 1408 1353 1452 ut
1388 1400 1577 1452 Artori
1613 1401 1819 1452 somnio

214 1474 611 1542 obtemperaret
656 1471 953 1524 admonuit.
1029 1470 1320 1522 audiuerat
1365 1470 1509 1522 enim
1554 1469 1668 1521 diui
1713 1468 1821 1520 Iuli

151 1558 192 1590 20
214 1543 382 1613 patris
422 1544 503 1594 sui
538 1561 765 1594 uxorem
801 1541 1153 1611 Calpurniam
1182 1549 1369 1606 nocte,
1451 1558 1576 1591 uam
1615 1539 1662 1590 is
1698 1538 1820 1590 ulti-

213 1631 357 1664 mam
381 1612 436 1663 in
463 1613 622 1664 terris
652 1613 789 1680 egit,
817 1615 874 1663 in
901 1613 1081 1681 quiete
1107 1610 1312 1662 uidisse
1338 1628 1428 1662 mu
1452 1610 1521 1662 tis
1548 1628 1670 1661 eum
1697 1627 1820 1662 con-

213 1682 416 1734 fectum
451 1682 767 1734 uulneribus
804 1682 862 1732 in
900 1701 997 1734 suo
1037 1682 1160 1733 sinu
1197 1681 1489 1747 iacentem,
1542 1679 1820 1750 somnique

214 1754 499 1804 atrocitate
544 1753 891 1804 uehementer
935 1751 1251 1803 exterritam
1284 1768 1475 1818 rogare
1513 1767 1621 1801 non
1657 1749 1820 1801 desti-

214 1824 343 1873 tisse
369 1830 429 1873 ut
454 1823 702 1891 proximo
731 1822 821 1874 die
847 1823 997 1873 curia
1024 1840 1080 1873 se
1107 1821 1428 1873 abstineret:
1467 1828 1523 1872 at
1547 1817 1724 1886 illum,
1753 1837 1819 1870 ne

151 1906 191 1938 25
214 1892 463 1943 muliebri
501 1893 705 1944 somnio
743 1899 922 1944 motus
959 1892 1015 1943 id
1039 1891 1235 1943 fecisse
1270 1892 1697 1954 existimaretur,
1740 1907 1819 1940 se-

215 1970 426 2027 natum⁷
463 1962 519 2012 in
556 1981 660 2031 quo
689 1962 736 2013 ei
763 1962 1160 2031 parricidarum
1196 1978 1388 2012 manus
1424 1958 1639 2011 adlatae
1676 1965 1817 2022 sunt,

214 2029 414 2082 habere
451 2031 810 2083 contendisse.
879 2050 989 2083 non
1025 2039 1108 2083 est
1141 2031 1280 2082 inter
1315 2036 1525 2099 patrem
1562 2036 1616 2080 et
1648 2027 1820 2079 filium

214 2098 376 2151 ullius
411 2102 489 2151 rei
535 2102 973 2170 conparationem
1009 2101 1126 2153 fieri
1159 2099 1479 2170 praesertim
1515 2098 1817 2150 diuinitatis

215 2169 433 2237 fastigio
476 2172 716 2236 iunctos,
768 2171 865 2222 sed
909 2172 1018 2223 iam
1063 2170 1201 2223 alter
1246 2170 1497 2240 operibus
1550 2170 1659 2219 suis
1707 2167 1819 2219 adi—

154 2252 196 2284 30
218 2247 332 2291 tum
359 2240 462 2291 sibi
492 2242 559 2291 ad
586 2239 794 2291 caelum
828 2242 1191 2307 instruxerat,
1230 2239 1386 2292 alteri
1411 2237 1604 2306 longus
1642 2237 1819 2289 adhuc

217 2310 555 2361 terrestrium
589 2310 848 2361 uirtutum
884 2312 1030 2364 orbis
1066 2310 1328 2364 restabat.
1392 2316 1722 2379 quapropter
1749 2307 1818 2359 ab

104 2444 192 2478 Par.
218 2439 281 2483 uti
318 2441 549 2498 Augustus
587 2443 792 2499 quamuis
828 2456 964 2501 aeger
1000 2444 1045 2487 in
1083 2442 1250 2487 bellum
1285 2441 1451 2486 abiret:
1490 2440 1630 2484 fuisse
1668 2445 1816 2484 autem

217 2523 310 2553 cam
340 2524 453 2569 quae
481 2509 678 2560 iusserit,
705 2510 962 2557 Mineruam.
1016 2512 1168 2570 itaque
1194 2513 1352 2557 lectica
1379 2510 1552 2555 delatus
1580 2508 1623 2554 in
1651 2507 1819 2552 bellum

218 2579 480 2636 periculum,
510 2580 630 2639 quod
655 2595 870 2639 passurus
894 2582 1051 2632 suerat,
1080 2583 1253 2640 effugit.
1297 2580 1373 2626 illo
1396 2581 1511 2624 enim
1532 2578 1649 2624 bello
1671 2584 1817 2622 castra

334 2714 354 2751 1
387 2715 608 2754 somnium
627 2717 750 2757 codd.
780 2717 902 2756 Torr.
965 2719 989 2757 5
1018 2717 1271 2769 philipphis
1293 2715 1335 2754 B
1396 2715 1447 2754 18
1476 2712 1640 2754 arteris
1665 2711 1705 2751 B
1765 2713 1816 2752 19
1848 2726 1856 2730 ·’

221 2769 469 2807 ammonuit
496 2764 549 2807 B'
624 2772 677 2810 20
706 2770 839 2810 nocte
868 2772 929 2822 B,
965 2786 1019 2812 ea
1050 2778 1185 2813 nocte
1218 2773 1301 2821 (uel
1327 2783 1369 2810 n.
1404 2769 1476 2819 ea)
1507 2767 1694 2820 Stanyer
1722 2770 1815 2808 coll.

222 2825 263 2870 3,
286 2827 326 2869 2,
353 2827 403 2862 15
462 2826 514 2863 27
536 2825 705 2865 habere
729 2829 829 2866 dett.
854 2830 1031 2879 aliquot:
1064 2828 1225 2868 haberi
1246 2827 1307 2873 B,
1331 2825 1455 2865 adire
1478 2827 1533 2863 al.
1556 2824 1612 2876 ef,
1636 2827 1675 2869 5,
1699 2826 1763 2870 10,
1790 2824 1817 2863 3

220 2881 274 2919 30
290 2883 522 2919 struxerat
534 2880 813 2921 Kellerbauer
830 2886 921 2924 eoll.
942 2884 1040 2923 Tac.
1054 2885 1171 2924 Hist.
1185 2885 1225 2929 3,
1239 2884 1292 2921 49
1351 2883 1400 2921 31
1423 2881 1478 2920 ab
1490 2879 1532 2919 B
1550 2891 1742 2920 corraeoe
1761 2877 1817 2918 ad
