1936 3120
395 7 412 19 7.
475 8 481 20 ,Ι
503 12 505 14 v
518 0 832 29 „flfflnj-*Wff
843 0 905 15 2²11*
913 0 1000 26 Δ·.(Ω,’Τ’
1046 0 1090 30 [⁰3⁷
1102 0 1118 18 ζ’
1147 0 1310 31 Ιῗᾛιῖἓξῌῧὲπ
1335 0 1350 7 ”
1363 0 1383 17 3¹,
1407 2 1414 6 ¹
1435 0 1440 11 Γ
1457 0 1480 9 ““
1543 3 1564 11 '¹⁴
1613 0 1616 2 ³
1664 0 1729 28 §nb-⁴³:
1740 0 1768 15 Ἣ.
1786 4 1790 5 ⁷
1806 0 1936 29 Ὶῆἶώῖἶτ

674 117 791 164 CAP.
818 118 888 171 111,
918 118 948 179 3
975 111 1116 165 5—08'.
1149 119 1247 167 Ext.
1274 121 1304 181 g
1331 125 1370 168 1.
1398 126 1438 169 2.
1720 119 1822 172 447

205 225 386 293 iussit,
413 224 716 298 elephantis
743 227 954 280 cibaria
979 226 1098 280 dari
1118 228 1312 282 uetuit.
1364 230 1561 300 quibus
1581 231 1741 285 factis
1762 241 1824 287 ut

206 296 496 369 cupiditati
532 316 662 350 suae
697 296 954 365 indulsit,
990 298 1071 351 ita
1104 299 1395 370 magnifice
1431 310 1712 370 gestarum
1738 322 1820 356 re-

205 386 327 421 rum
352 366 587 438 gloriam
613 369 857 439 corrupit
880 369 1241 441 meritumque
1267 370 1531 424 honorem
1558 372 1819 445 triumphi

204 439 447 494 hostium
472 457 636 520 quam
660 439 776 493 irae
801 440 996 493 fortior
1019 440 1198 494 uictor
1223 441 1421 494 amisit.

311 511 359 566 8.
400 509 548 576 Quid
573 509 746 578 Sulla,
776 510 905 563 dum
930 510 1057 564 huic
1078 512 1217 565 -uitio
1247 513 1606 584 obtemperat,
1634 533 1813 568 nonne
1834 531 1855 564 5

203 581 373 634 multo
411 579 590 634 alieno
628 581 893 651 sanguine
928 582 1151 653 profuso
1188 582 1260 635 ad
1293 583 1547 636 ultimum
1574 593 1629 638 et
1655 605 1814 638 suum

202 652 489 722 erogauit?
538 652 784 706 Puteolis
827 653 971 705 enim
997 653 1196 706 ardens
1223 654 1626 724 indignatione,
1667 657 1814 728 quod

167 740 170 744 '
202 723 463 790 GraniuS,
491 723 745 795 princeps
773 724 888 776 eius
916 723 1175 791 coloniae,
1203 725 1491 795 pecuniam
1517 745 1548 778 a
1570 726 1812 781 decurio-

199 794 362 848 nibus
402 794 472 847 ad
507 794 862 848 refectionem
899 794 1157 866 Capitolii
1193 796 1518 867 promissam
1555 806 1810 851 cunctan-

0 862 19 947 s,
197 865 307 918 tius
346 866 529 933 daret,
566 866 733 918 animi
767 866 1131 920 concitatione
1166 867 1335 920 nimia
1361 876 1522 938 atque
1548 867 1808 922 immode-
1832 887 1874 919 10

0 947 21 1026 ἐς
198 946 318 990 rato
344 937 495 991 uocis
523 937 730 1007 impetu
758 937 1016 991 conuulso
1053 946 1298 1008 pectore,
1337 939 1587 1008 spiritum
1623 957 1814 993 cruore

0 1019 22 1122 ᾗ,
201 1026 264 1060 ac
289 1008 452 1060 minis
487 1009 721 1061 mixtum
760 1008 1023 1074 euomuit,
1059 1027 1161 1061 nec
1189 1009 1338 1062 senio
1364 1010 1474 1061 iam
1540 1010 1810 1081 rolaPSUS,

0 1089 18 1151 '³
199 1087 392 1150 utpote
419 1080 822 1149 sexagesimum
847 1079 1157 1148 ingrediens
1186 1097 1403 1146 annum,
1432 1099 1489 1132 se
1556 1079 1689 1133 alita
1714 1081 1811 1132 mi-

0 1104 15 1230 Ιῑ
198 1150 354 1203 seriis
381 1151 462 1202 rei
488 1149 742 1222 publicae
768 1151 1074 1221 inpotentia
1099 1150 1307 1210 furens.
1368 1150 1535 1220 igitur
1559 1152 1617 1203 in
1644 1152 1808 1206 dubio

197 1229 279 1274 est
305 1220 525 1274 Sullane
552 1222 703 1292 prior
729 1240 800 1274 an
823 1220 1108 1274 iracundia
1134 1220 1315 1274 Sullae
1345 1222 1414 1274 sit
1440 1223 1701 1275 extincta.
1831 1239 1872 1273 15

301 1297 424 1346 Ext.
453 1291 664 1374 *Neque
704 1293 775 1346 ab
813 1292 1015 1360 ignotis
1056 1291 1305 1363 exempla
1347 1301 1533 1363 petere
1569 1293 1723 1345 iuuat
1757 1301 1812 1346 et

192 1363 449 1416 maximis
486 1363 624 1416 uirls
661 1363 996 1434 exprobrare
1031 1363 1170 1415 uitia
1197 1382 1295 1415 sua
1319 1364 1680 1416 uerecundiae
1708 1375 1808 1417 est.

194 1443 436 1488 ceterum
461 1452 585 1487 cum
609 1434 879 1505 propositi
906 1434 1040 1486 fides
1077 1433 1537 1486 excellentissima
1564 1453 1809 1505 quaeque

192 1504 460 1576 conplecti
496 1515 739 1572 moneat,
785 1504 1041 1558 uoluntas
1080 1506 1230 1575 operi
1266 1505 1449 1571 cedat,
1497 1505 1623 1557 dum
1655 1524 1807 1576 prae-

191 1575 342 1629 clara
391 1575 627 1629 libenter
676 1575 959 1646 probando
1010 1576 1321 1628 necessaria
1369 1576 1632 1628 narrandi
1677 1594 1800 1630 con·
1826 1595 1867 1627 20

194 1647 426 1701 scientia
451 1664 562 1699 non
590 1645 750 1700 desit.

302 1720 347 1770 1.
389 1716 769 1770 Alexandrum
794 1717 1079 1769 iracundia
1106 1735 1203 1769 sua
1230 1716 1624 1788 propemodum
1653 1716 1801 1770 caelo

192 1788 448 1860 deripuit.
499 1806 625 1840 nam
653 1789 786 1860 quid
814 1787 1030 1841 obstitit
1057 1807 1161 1858 quo
1191 1789 1368 1840 minus
1396 1786 1524 1839 illuc
1543 1786 1803 1856 adsurge-

188 1869 272 1914 ret
311 1859 419 1912 nisi
456 1858 821 1930 Lysimachus
866 1857 1010 1912 leoni
1055 1858 1302 1911 obiectus
1343 1866 1395 1910 et
1433 1856 1606 1910 Clitus
1643 1856 1802 1910 hasta
1879 1898 1882 1900 v

188 1931 451 1985 traiectus
490 1938 543 1983 et
570 1928 927 1983 Callisthenes
965 1929 1102 1982 mori
1126 1930 1349 1982 iussus?
1400 1928 1527 1999 quia
1552 1936 1662 1981 tres
1689 1946 1800 1980 ma·
1823 1947 1865 1980 25

189 2002 368 2055 ximas
405 2001 666 2055 uictorias
704 2001 935 2054 totidem
970 2001 1267 2054 amicorum
1294 1999 1512 2052 iniustis
1540 1999 1796 2052 caedibus

188 2073 337 2130 uicto
363 2071 625 2125 reddidit.

295 2143 346 2197 2.
389 2143 569 2211 Quam
595 2143 887 2196 uehemens
912 2141 1109 2194 deinde
1131 2141 1395 2194 aduersus
1415 2139 1675 2212 populum
1695 2139 1800 2194 Ro-

189 2277 324 2309 arcus
355 2271 400 2308 et
426 2264 617 2323 sagittas
644 2263 927 2308 Cretensium
966 2262 1115 2322 frangi
1151 2262 1310 2312 lussit,
1350 2261 1600 2320 elephantis
1629 2260 1794 2306 elbai-la
1818 2263 1910 2298 Par·

185 2334 279 2379 dari
309 2335 468 2379 uetuit.
1820 2331 1860 2364 30

296 2406 334 2448 1.
373 2403 625 2449 Alexander
660 2405 802 2448 iratus
841 2402 1110 2463 Lysimacho
1147 2402 1270 2449 leoni
1307 2415 1406 2446 eum
1445 2401 1632 2452 obiecit,
1679 2400 1794 2445 idem

185 2475 350 2521 Clitum
387 2475 514 2520 hasta
552 2474 754 2519 traiecit:
806 2481 849 2518 et
876 2473 1174 2518 Callisthenes
1203 2472 1256 2517 ah
1295 2471 1453 2516 eodem
1491 2472 1605 2516 mori
1643 2472 1793 2516 iussus

183 2553 267 2592 est.
343 2549 384 2590 2.
425 2544 650 2592 Hamilcar
690 2550 907 2605 quattuor
942 2542 1060 2588 lilios
1089 2542 1279 2602 inpubes
1306 2541 1482 2587 catulos
1509 2541 1716 2587 leoninos
1744 2554 1792 2586 se

295 2657 320 2696 6
342 2655 531 2709 profusfi
553 2646 623 2705 B',
647 2653 749 2695 fuso
778 2654 876 2696 Vat.
950 2654 999 2692 11
1025 2653 1175 2692 cruori
1197 2652 1220 2692 b
1293 2654 1342 2692 13
1367 2649 1482 2691 alita
1500 2644 1556 2690 B‘
1626 2651 1677 2690 15
1700 2649 1791 2702 syl·

179 2712 317 2754 lanae
339 2706 396 2753 B'
476 2714 526 2753 17
551 2710 804 2764 exprobare
831 2709 869 2748 B
948 2711 1002 2750 20
1023 2707 1256 2762 probando
1289 2721 1353 2760 7719
1375 2707 1441 2747 B:
1473 2706 1710 2760 probanda
1732 2706 1789 2755 B,

177 2769 406 2823 probandi
427 2769 450 2810 b
469 2764 491 2823 ss
510 2767 777 2809 necessaria
797 2766 854 2816 B,
877 2767 957 2806 sed
979 2779 1005 2805 a
1027 2772 1219 2806 extrema
1240 2766 1282 2804 in
1303 2777 1391 2804 ras.
1463 2765 1518 2805 23
1540 2762 1730 2816 diripuit
1751 2762 1793 2801 B

177 2827 234 2868 24
254 2826 519 2880 lysymacus
539 2824 582 2865 B
602 2821 621 2876 Η
641 2823 767 2864 leoni
788 2836 901 2865 corr.
926 2835 946 2862 e
969 2822 1088 2863 lenis
1112 2821 1166 2873 (5³)
1191 2821 1231 2861 B
1251 2818 1270 2875 Η
1300 2820 1421 2860 ditus
1444 2820 1485 2859 B
1561 2820 1615 2860 25
1650 2818 1792 2859 chali-

180 2886 337 2924 stenes
358 2884 415 2936 B,
441 2881 723 2924 calisthenes
745 2880 768 2920 b
828 2881 881 2920 27
902 2880 1053 2920 uictor
1075 2878 1217 2920 edidit
1241 2877 1295 2926 B,
1319 2890 1395 2919 em.
1419 2878 1562 2920 Periz.

291 2942 344 2982 32
370 2941 531 2982 critum
561 2938 603 2978 V
622 2951 737 2980 corr.
759 2949 781 2977 e
806 2937 967 2977 critem
