1924 3152
141 143 245 196 268
797 215 800 219 ⁷
852 148 946 192 uss.
986 147 1033 191 v.

164 261 264 308 DE
298 257 774 317 PARENTIBVS,
820 257 945 315 QVI
984 257 1267 307 OBITVM
1301 257 1733 309 LIBERORVM

480 327 695 376 FORTI
732 327 962 376 ANIMO
1005 328 1406 378 TVLERVNT.

251 425 297 474 1.
336 422 600 475 Horatius
629 421 924 488 Puluillus,
963 441 1081 474 cum
1120 424 1177 474 in
1203 422 1473 493 Capitolio
1501 424 1621 476 Ioui
1658 441 1750 493 op-

140 495 273 547 timo
300 493 537 544 maximo
566 492 758 544 aedem
778 492 1027 563 pontifex
1051 493 1328 546 dedicaret
1349 493 1598 564 interque
1616 512 1749 545 nun-

95 583 116 616 5
140 564 481 633 cupationem
504 561 843 615 sollemnium
860 563 1151 616 uerborum
1174 572 1385 633 postem
1406 571 1591 615 tenens
1611 581 1751 616 mor-

140 641 294 685 tuum
339 651 458 685 esse
509 633 682 684 filium
725 651 883 684 suum
925 634 1194 699 audisset,
1240 652 1416 704 neque
1463 652 1681 685 manum
1719 651 1750 685 a

138 711 293 774 poste
330 704 587 769 remouit,
639 722 705 755 ne
749 704 888 755 tanti
924 703 1109 772 templi
1149 703 1549 756 dedicationem
1586 703 1749 755 inter-

137 781 427 844 rumperet,
454 793 626 844 neque
653 772 864 825 uultum
891 792 923 825 a
949 773 1169 842 publica
1193 773 1454 842 religione
1482 772 1551 825 ad
1571 773 1750 843 priua-

138 852 256 896 tum
280 844 520 898 dolorem
543 843 784 909 deflexit,
809 862 875 894 ne
894 844 1065 913 patris
1090 845 1265 912 magis
1290 862 1450 914 quam
1476 842 1749 913 pontificis

76 935 116 966 ιο
139 924 324 985 partes
354 914 529 983 egisse
560 913 850 967 uideretur.

245 985 295 1036 2.
336 984 560 1037 Clarum
596 983 929 1053 exemplum,
967 1002 1066 1035 nec
1099 983 1274 1034 minus
1313 992 1496 1036 tamen
1521 981 1749 1035 inlustre

139 1055 287 1126 quod
323 1055 583 1125 sequitur.
652 1053 918 1105 Aemilius
964 1052 1193 1120 PauluS,
1239 1072 1382 1106 nunc
1419 1052 1746 1119 felicissimi,

138 1143 284 1177 nunc
319 1124 601 1176 miserrimi
637 1125 808 1194 patris
847 1122 1150 1176 clarissima
1185 1123 1642 1194 repraesentatio,
1682 1141 1752 1175 ex

108 1251 113 1255 ,
139 1203 399 1265 quattuor
425 1194 550 1246 filiis
575 1194 781 1246 formae
808 1194 1037 1263 insignis
1054 1233 1067 1259 ,
1107 1195 1360 1262 egregiae
1385 1193 1584 1246 indolis
1614 1193 1749 1246 duos

77 1278 117 1309 15
139 1266 255 1317 iure
316 1266 620 1335 adoptionis
661 1265 727 1331 ,in
778 1263 1090 1316 Corneliam
1139 1264 1476 1334 Fabiamque
1533 1272 1752 1332 gentem

138 1334 435 1389 translatos
465 1335 570 1387 sibi
596 1335 713 1404 ipse
742 1334 1055 1403 denegauit:
1087 1333 1222 1386 duos
1251 1335 1299 1385 ei
1316 1333 1541 1387 fortuna
1567 1334 1749 1386 abstu-

136 1404 217 1458 lit.
272 1423 503 1476 quorum
529 1404 667 1457 alter
692 1403 1029 1474 triumphum
1053 1404 1224 1473 patris
1251 1403 1441 1455 funere
1468 1421 1564 1455 suo
1593 1421 1749 1472 quar-

137 1484 255 1527 tum
290 1483 416 1527 ante
454 1476 597 1527 diem
633 1474 956 1544 praecessit,
995 1473 1133 1526 alter
1159 1475 1215 1524 in
1242 1472 1561 1544 triumphali
1587 1491 1750 1524 curru

139 1553 460 1615 conspectus
499 1553 622 1614 post
659 1544 804 1596 diem
841 1545 1061 1596 tertium
1098 1544 1389 1614 expirauit.
1437 1545 1514 1595 ita
1549 1543 1640 1613 qui
1679 1542 1751 1594 ad

69 1629 115 1660 20
140 1615 427 1668 donandos
455 1633 624 1685 usque
651 1614 848 1667 liberos
878 1613 1286 1680 abundauerat,
1315 1614 1371 1664 in
1398 1613 1636 1666 orbitate
1663 1631 1750 1664 su-

136 1686 252 1739 bito
291 1685 587 1737 destitutus
626 1693 725 1737 est.
791 1703 950 1755 quem
986 1703 1175 1736 casum
1211 1703 1315 1754 quo
1352 1683 1549 1737 robore
1584 1681 1751 1734 animi

138 1755 458 1808 sustinuerit
485 1755 749 1820 oratione,
788 1773 951 1825 quam
979 1753 1044 1806 de
1071 1755 1233 1806 rebus
1263 1772 1295 1805 a
1322 1772 1379 1806 se
1405 1753 1575 1822 gestis
1604 1752 1749 1823 apud
1781 1779 1788 1785 ⁷

136 1825 397 1896 populum
422 1825 640 1891 habuit,
669 1824 809 1877 hanc
836 1823 1124 1877 adiciendo
1154 1823 1453 1876 clausulam
1478 1821 1615 1874 nulli
1642 1840 1749 1873 am-

135 1897 367 1966 biguum
392 1895 635 1966 reliquit:
680 1901 832 1947 ecum
867 1894 924 1946 in
958 1896 1196 1946 maximo
1224 1902 1494 1964 prouentu
1519 1891 1751 1945 felicita-

70 1980 116 2012 25
139 1967 211 2019 tis
239 1974 486 2031 nostrae,
526 1965 767 2031 Quirites
784 2005 797 2030 ,
840 1965 1085 2017 timerem
1110 1983 1178 2017 ne
1216 1964 1349 2034 quid
1376 1963 1506 2016 mali
1532 1963 1752 2015 fortuna

137 2035 444 2101 moliretur,
496 2035 683 2087 Iouem
730 2035 991 2104 optimum
1036 2035 1332 2086 maximum
1378 2033 1751 2104 Iunonemque

137 2106 387 2174 reginam
424 2113 476 2157 et
510 2105 816 2156 Mineruam
842 2112 1095 2174 precatus
1132 2122 1252 2154 sum
1289 2111 1374 2168 ut,
1413 2104 1459 2154 si
1492 2102 1622 2172 quid
1657 2100 1749 2153 ad-

138 2175 286 2228 uersi
311 2174 511 2245 populo
538 2175 781 2227 Romano
809 2174 1125 2239 inmineret,
1164 2181 1338 2226 totum
1373 2173 1429 2223 in
1454 2190 1630 2223 meam
1656 2171 1748 2224 do-

21 2298 115 2334 Par.
249 2292 374 2347 QVI
395 2291 660 2338 OBITVM
690 2291 917 2338 FILIOR
935 2290 1025 2336 VM
1061 2291 1272 2337 FORTI
1301 2289 1511 2335 ANIMO
1555 2289 1749 2334 TVLE-

73 2373 116 2406 30
140 2362 318 2410 RINT.
381 2366 417 2408 1.
457 2362 668 2408 Horatius
703 2362 925 2407 Puluillus
962 2376 1060 2407 cum
1101 2363 1146 2407 in
1183 2361 1403 2421 Capitolio
1439 2361 1534 2406 Ioui
1575 2360 1748 2419 optimo

139 2436 329 2479 maximo
359 2434 507 2478 aedem
530 2433 734 2494 pontifex
761 2432 987 2478 dedicaret
1013 2434 1223 2492 interque
1249 2433 1631 2491 nuncupationem
1660 2429 1751 2476 sol-

138 2504 331 2550 lemnem
363 2503 607 2549 uerborum
636 2509 866 2548 mortuum
894 2502 1035 2548 filium
1064 2516 1192 2548 suum
1221 2502 1446 2552 audisset,
1486 2500 1653 2546 ‘tolle'
1682 2501 1749 2545 in-

139 2576 239 2635 quit
267 2572 515 2620 ‘cadauer’.
563 2579 605 2618 2.
633 2574 848 2618 Aemilius
869 2573 1049 2624 Paulus,
1078 2587 1178 2618 cum
1201 2573 1313 2617 duos
1328 2571 1454 2616 filios
1474 2571 1519 2615 in
1544 2571 1750 2630 adoptio-

139 2658 241 2690 nem
276 2645 497 2706 dedisset,
535 2645 633 2705 ipse
670 2644 784 2690 duos
821 2644 1030 2694 haberet,
1069 2656 1209 2689 unum
1246 2649 1349 2687 ante
1382 2642 1501 2687 diem
1538 2645 1748 2700 quartum

252 2769 278 2808 3
301 2765 357 2806 cii
377 2768 423 2806 in
446 2767 487 2806 B
509 2780 623 2808 corr.
648 2781 669 2807 e
694 2780 794 2806 cum
871 2768 898 2806 4
921 2767 1131 2818 interque
1154 2765 1242 2805 Pb:
1273 2764 1410 2816 inque
1435 2763 1474 2802 B
1556 2762 1605 2801 12
1627 2773 1747 2800 nunc

140 2823 181 2863 B
203 2836 316 2866 corr.
340 2835 362 2862 e
384 2836 470 2863 nec
538 2825 590 2863 14
618 2822 704 2863 duo
727 2816 796 2874 B'‚
820 2836 932 2864 corr.
957 2824 981 2862 1
1004 2836 1055 2866 m.
1077 2827 1121 2862 ut
1140 2821 1307 2861 uidetur
1376 2821 1426 2860 19
1458 2818 1525 2858 ita
1547 2817 1627 2869 qui
1647 2829 1746 2857 nos:

139 2880 255 2931 itaq.
278 2879 357 2931 qui
378 2878 420 2918 B
497 2881 552 2919 20
575 2879 894 2919 ambulauerat
916 2878 958 2918 B

254 2937 305 2976 31
328 2937 444 2975 immo
467 2934 759 2975 sollemnium
