1878 3132
719 106 838 153 cAP.
866 106 951 158 vn,
993 105 1022 165 3
1049 108 1218 151 5—7.-
1700 99 1767 152 87

140 210 419 284 sanctum,
470 215 697 283 fortem,
724 223 1026 268 ‘amantem
1059 214 1143 267 tui
1189 213 1398 285 pariter
1437 232 1502 267 ac
1535 213 1768 286 patriae,

144 289 276 361 quia
302 307 414 341 non
437 295 530 341 tuo
556 287 711 339 iussu
739 286 835 338 sed
862 304 961 338 sua
988 293 1185 355 sponte
1209 284 1488 355 praesidio
1515 303 1768 356 progres-

143 380 240 415 sus
282 358 455 414 hostis
491 357 738 424 fuderat,
789 356 1054 409 uictorem
1082 356 1260 408 securi
1294 355 1449 408 feriri
1482 355 1694 409 iussisti
1718 364 1772 410 et

146 431 221 484 ad
255 431 359 485 hoc
391 427 765 500 peragendum
798 426 1088 497 imperium
1122 434 1387 497 paternae
1422 427 1574 480 uocis
1612 427 1768 480 mini-

145 501 312 556 sterio
358 499 613 553 sufficere
654 497 902 551 ualuisti.
988 515 1117 549 nam
1158 497 1342 551 oculos
1387 505 1510 551 tuos
1561 506 1813 551 certum5

144 573 278 640 sci0,
307 570 616 624 clarissima
639 570 698 621 111
713 569 833 622 luce
860 568 1101 622 tenebris
1130 568 1357 636 offUSOS,
1384 568 1575 639 ingens
1603 569 1770 622 animi

143 661 283 714 opus
319 641 524 694 intueri
557 640 892 711 nequiuisse.
967 649 1028 694 tu
1062 640 1214 706 item,
1265 638 1440 692 Manli
1467 640 1768 711 Torquate,

143 713 347 767 Latino
384 710 529 766 bello
566 710 759 764 consul
794 710 994 778 filium,
1032 710 1179 782 quod
1215 718 1548 781 prouocatus
1589 730 1620 763 a
1663 711 1770 764 Gre-

143 785 292 837 mino
319 782 558 850 Maecio,
607 782 743 834 duce
770 781 1241 850 Tusculanorum,
1289 781 1361 834 ad
1397 780 1771 835 dimicandum

144 862 200 907 te
235 855 428 924 ignaro
464 851 854 920 descenderat,
900 852 1197 922 gloriosam
1231 852 1524 906 uictoriam
1559 862 1613 906 et
1650 872 1768 924 spe·
1792 871 1834 904 10

144 925 297 978 ciosa
335 923 511 995 spolia
536 925 865 976 referentem
901 923 1079 994 abripi
1106 942 1139 975 a
1163 922 1357 977 lictore
1385 931 1438 976 et
1463 924 1520 975 in
1546 923 1770 976 modum

143 995 360 1048 hostiae
385 994 615 1048 mactari
638 994 880 1060 iussisti,
920 994 1093 1047 satius
1122 1013 1242 1047 esse
1277 995 1527 1047 iudicans
1556 1004 1770 1065 patrem

143 1065 277 1120 forti
302 1064 412 1118 filio
440 1083 603 1135 quam
628 1065 866 1134 patriam
891 1064 1120 1122 militari
1147 1063 1441 1135 disciplina
1467 1084 1672 1118 carere.
1707 1111 1710 1113 ,

251 1136 299 1188 7.
347 1136 495 1204 Age,
534 1142 739 1212 quanto
781 1136 977 1206 spiritu
1013 1142 1271 1205 putamus
1307 1154 1468 1187 usum
1501 1136 1567 1189 L.
1598 1136 1767 1203 Quin-

142 1207 278 1259 tium
313 1205 699 1258 Cincinnatum
739 1205 1066 1259 dictatorem
1110 1225 1172 1258 eo
1207 1213 1476 1276 tempore,
1530 1225 1636 1277 quo
1675 1207 1765 1260 (10-
1791 1224 1833 1258 15

141 1277 302 1329 uictis
330 1276 414 1329 Ae
453 1276 540 1329 uis
576 1284 631 1329 et
657 1276 760 1330 sub
795 1276 988 1347 iugum
1013 1275 1194 1328 missis
1221 1277 1286 1329 L.
1313 1277 1618 1330 Minucium
1645 1295 1768 1331 con·
1844 1333 1850 1341 ¹

142 1346 380 1400 sulatum
474 1365 502 1399 e
545 1365 711 1400 onere
762 1348 968 1417 coegit,
1021 1346 1170 1418 quod
1220 1356 1404 1401 castra
1456 1348 1570 1400 eius
1620 1348 1770 1401 idem

139 1417 326 1471 hostes
355 1417 488 1471 obse
533 1418 727 1471 erant?
778 1419 1069 1488 indignum
1096 1418 1242 1471 enim
1267 1418 1508 1472 maximo
1534 1419 1765 1490 imperio

142 1487 402 1555 credidit,
447 1507 606 1559 quem
637 1508 749 1542 non
788 1509 890 1542 sua
923 1490 1099 1542 uirtus
1136 1489 1232 1542 sed.
1266 1489 1418 1542 fossa
1452 1489 1768 1561 uallumque

141 1566 322 1612 tutum
364 1559 742 1629 praestiterat,
795 1560 990 1642 cuique
1035 1560 1405 1613 uerecundiae
1441 1580 1551 1615 non
1585 1560 1769 1613 fuerat
1790 1578 1832 1611 20

142 1647 294 1681 arma
318 1629 565 1682 Romana
596 1638 747 1683 metu
782 1630 1000 1702 treplda
1034 1629 1236 1683 clausis
1271 1632 1443 1701 portis
1482 1632 1767 1685 contineri.

146 1717 277 1768 ergo
313 1699 750 1769 imperiosissimi
786 1715 870 1752 ΧΠ
899 1702 1110 1766 fasceS,
1163 1720 1329 1772 penes
1369 1719 1503 1772 quos
1542 1711 1765 1755 senatus

143 1778 198 1823 et
226 1770 493 1840 equestris
531 1770 736 1823 ordinis
773 1779 826 1823 et
851 1771 1143 1823 uniuersae
1168 1771 1346 1842 plebis
1376 1785 1648 1825 summum
1675 1772 1766 1824 de-

142 1858 239 1893 cus
285 1849 403 1892 erat
482 1858 783 1911 uorumque
818 1846 955 1893 nutu
990 1842 1213 1894 Latium
1258 1860 1324 1895 ac
1358 1843 1528 1895 totius
1566 1841 1766 1895 Italiae

140 1911 287 1977 uires
326 1859 678 1979 rege‘iiantur,
721 1912 941 1965 contusi
966 1920 1132 1982 atque
1158 1911 1323 1964 fracti
1351 1912 1678 1965 dictatoriae
1707 1931 1764 1965 se
1788 1931 1831 1964 25

141 1980 608 2033 animaduersioni
653 1982 1094 2035 substrauerunt.
1183 2001 1247 2034 ac
1290 2002 1358 2036 ne
1400 1982 1578 2036 inulta
1620 1983 1766 2037 foret

139 2049 290 2103 laesa
315 2049 491 2120 gloria
510 2051 782 2120 militariS,
810 2051 998 2105 consul
1022 2051 1207 2106 delicti
1233 2054 1407 2106 omnis
1434 2054 1643 2108 uindex
1667 2074 1765 2126 pu-

138 2121 287 2175 nitus
316 2129 414 2174 est.
462 2121 575 2189 his,
602 2129 666 2175 ut
690 2123 769 2176 ita
795 2123 1002 2191 dicam,
1030 2123 1263 2194 piaculis
1280 2165 1293 2191 ,
1330 2125 1481 2178 Mars
1498 2166 1511 2192 ,
1549 2126 1765 2196 imperii

141 2262 299 2315 cussit.
331 2293 392 2301 —
432 2269 691 2329 Torquatus
716 2270 878 2316 Latino
906 2270 1027 2316 bello
1056 2271 1217 2317 consul
1244 2271 1410 2323 filium,
1440 2273 1563 2333 quod
1590 2287 1759 2333 prouo-
1783 2282 1878 2316 Par.

139 2345 270 2384 catus
297 2354 322 2384 a
349 2335 535 2384 Gemino
563 2340 730 2386 Maecio
758 2341 873 2387 duce
899 2341 1264 2388 Tusculanorum
1301 2343 1355 2389 ad
1382 2343 1686 2390 dimicandum
1715 2357 1762 2388 se
1786 2355 1828 2387 30

141 2407 302 2466 ignaro
330 2409 637 2462 descenderat,
666 2412 891 2457 uictorem
917 2412 1068 2458 securi
1093 2414 1334 2472 percussit.
1395 2418 1434 2459 7.
1473 2414 1520 2459 L.
1550 2413 1763 2469 Quintius

141 2476 432 2524 Cincinnatus
467 2479 665 2526 dictator
699 2481 890 2527 deuictis
915 2483 1086 2542 Aequis
1121 2483 1168 2528 L.
1197 2483 1441 2529 Minucium
1476 2483 1764 2530 consulatum

141 2547 371 2608 deponere
409 2548 583 2607 coegit,
633 2551 756 2610 quod
791 2558 938 2598 castra
976 2553 1074 2598 eius
1111 2553 1229 2598 idem
1266 2554 1425 2598 hostes
1477 2547 1763 2599 obsederant.

256 2687 280 2725 7
312 2689 361 2724 tu
388 2685 501 2725 item
529 2684 673 2725 manli
701 2685 744 2725 B
773 2689 815 2726 in
843 2700 955 2734 ras„
994 2691 1044 2727 tu
1073 2688 1186 2728 item
1214 2689 1415 2740 postumi
1441 2691 1545 2730 dett.
1576 2693 1768 2732 nonnulli

141 2740 168 2781 8
198 2744 502 2793 prouocatam
530 2741 573 2781 B
602 2739 621 2795 ΙΙ
656 2743 839 2795 gemino
868 2743 955 2783 Pb:
998 2743 1199 2796 geminio
1229 2744 1272 2784 B
1334 2747 1387 2786 10
1414 2745 1577 2798 ignaro
1611 2746 1687 2800 (ro
1719 2750 1762 2787 in

140 2795 249 2845 ras.)
277 2797 320 2836 B
388 2800 439 2838 16
478 2798 792 2850 aequicurulis
821 2799 876 2847 B,
928 2800 1185 2852 aequicolis
1221 2802 1317 2842 cod.
1349 2802 1491 2844 Periz.
1533 2803 1763 2856 equiculis

141 2852 261 2900 dett„
294 2866 370 2896 em.
393 2866 415 2894 e
436 2854 478 2893 P
494 2851 513 2908 Η
534 2855 771 2895 minicium
793 2849 848 2895 B'
908 2857 961 2896 27
983 2855 1112 2898 laeta
1132 2856 1174 2897 B
1234 2859 1288 2899 28
1309 2858 1486 2912 piaculi
1505 2853 1563 2899 B'
1707 2868 1722 2881 ·

257 2911 311 2950 30
333 2909 534 2962 geminio
563 2912 606 2951 V
623 2925 738 2952 corr.
