1924 3152
148 170 257 226 ,206
850 175 949 223 LIB.
989 177 1076 222 1111.
1118 139 1119 142 Ἴ

259 284 310 336 5.
349 283 551 335 Lucius
589 301 800 353 quoque
836 283 1130 336 Petronius
1167 283 1395 338 huiusce
1430 283 1614 347 laudis
1648 304 1775 341 con·

154 355 451 406 soi-tionem
487 353 680 406 merito
715 353 985 407 uindicat:
1026 353 1181 425 paria
1206 354 1351 408 enim
1385 355 1442 408 in
1469 353 1617 409 cultu
1641 357 1774 409 ami-

153 423 314 477 citiae
352 440 484 475 auso
519 442 620 494 par
645 423 854 493 gloriae
880 425 1061 495 portio
1097 424 1403 478 adserenda
1437 433 1537 478 est.
1589 425 1774 479 admo-

154 496 283 547 dum
331 493 526 547 humili
568 493 687 548 loco
737 504 897 548 natus
950 495 1021 548 ad
1072 505 1378 566 equestrem
1425 495 1674 549 ordinem
1719 503 1779 549 et·

111 579 131 612 5
156 563 474 635 splendidae
509 564 737 618 militiae
771 565 1044 636 stipendia
1077 566 1137 619 P.
1169 565 1322 619 Caeli
1353 565 1619 620 beneficio
1651 584 1773 637 per-

153 643 398 688 uenerat.
463 635 552 688 cui
577 644 796 705 gratum
824 636 1090 703 animum,
1128 638 1255 707 quia
1280 635 1426 690 laeta
1459 636 1518 688 in
1542 636 1777 690 materia

154 704 414 759 exhibere
439 724 550 759 non
576 707 894 776 contigerat,
922 707 980 758 in
1006 725 1089 773 ea,
1118 725 1283 777 quam
1306 707 1525 760 unicam
1548 706 1773 760 fortuna

154 795 275 829 esse
300 774 503 843 uoluit,
540 795 662 828 cum
687 776 861 829 multa
885 777 993 829 fide
1018 777 1310 846 praestitit.
1370 784 1488 830 erat
1512 777 1583 831 ab
1611 775 1776 831 Octa-

152 848 244 900 uio
270 845 493 900 consule
518 846 831 900 Placentiae
856 847 1202 917 praepositus
1225 845 1461 900 Caelius.
1549 863 1624 899 ua
1649 846 1777 899 Oin-

90 933 130 965 10
152 935 296 971 nano
326 917 572 970 exercitu
598 926 762 988 capta
787 925 841 970 et
866 917 1046 971 senior
1071 918 1181 969 iam
1207 924 1261 970 et
1285 917 1444 987 graui
1468 935 1541 969 ua
1566 915 1774 969 'tudine

153 986 403 1041 adfectus
418 1027 432 1054 ,
460 1006 528 1040 ne
553 988 611 1040 in
636 995 966 1058 potestatem
990 987 1230 1042 hostium
1252 988 1494 1054 ueniret,
1522 986 1595 1040 ad
1620 987 1777 1039 auxi-

151 1058 286 1111 lium
313 1058 576 1111 dexterae
602 1058 826 1112 Petroni
850 1058 1118 1128 confugit.
1183 1077 1343 1129 quem
1376 1059 1424 1112 is
1452 1057 1521 1111 ab
1556 1057 1777 1127 incepto

153 1127 383 1183 consilio
411 1129 618 1182 frustra
643 1137 870 1183 conatus
908 1128 1254 1195 abstrahere,
1291 1129 1349 1181 in‘
1382 1127 1558 1180 isdem
1593 1145 1774 1198 perse-

151 1207 437 1252 uerantem
486 1200 742 1269 precibus
792 1200 1093 1266 interemit,
1146 1198 1409 1271 caedique
1459 1199 1576 1251 eius
1618 1215 1775 1250 suam

89 1284 130 1318 15
154 1269 361 1336 iunxit,
400 1288 469 1322 ne
496 1288 557 1322 eo
584 1271 823 1336 iacente,
860 1288 957 1340 per
983 1288 1144 1340 quem
1173 1269 1355 1322 omnia
1381 1267 1666 1337 dignitatis
1693 1269 1773 1319 in—

155 1348 430 1394 crementa
464 1340 755 1394 adsecutus
791 1340 1002 1406 fuerat,
1040 1347 1365 1410 superesset.
1436 1338 1515 1392 ita
1549 1337 1775 1390 alterius-

153 1411 269 1464 fato
295 1410 651 1478 uerecundia,
691 1409 915 1463 alterius
942 1411 1119 1480 pietas
1148 1428 1369 1462 causam
1393 1408 1666 1480 praebuit.

260 1481 311 1533 6.
350 1480 671 1550 Iungendus
699 1481 957 1534 Petronio
986 1481 1100 1534 Ser.
1132 1480 1427 1533 Terentius
1455 1487 1557 1546 est,
1585 1496 1771 1549 quam·

155 1569 318 1622 quam
354 1551 430 1618 ei,
480 1550 623 1604 sicut
657 1551 930 1621 cupierat,
974 1570 1072 1621 pro
1110 1551 1282 1603 amico
1319 1568 1416 1603 suo
1454 1549 1631 1619 perire
1664 1566 1775 1601 non

90 1637 132 1671 20
155 1622 404 1691 contigit.
455 1621 673 1692 incepto
699 1640 934 1692 namque
961 1622 1181 1690 egregio
1197 1660 1211 1686 ,
1248 1640 1356 1674 non
1380 1620 1547 1673 inrito
1574 1627 1775 1672 euentu

154 1692 434 1746 aestimari
469 1692 657 1759 debet,
697 1692 852 1762 quia,
889 1699 1157 1762 quantum
1190 1691 1248 1742 in
1273 1690 1365 1743 illo
1392 1690 1527 1757 fuit,
1566 1697 1620 1742 et
1653 1689 1776 1759 ipse

154 1761 431 1816 extinctus
468 1771 552 1816 est
588 1769 642 1816 et
670 1762 743 1815 D.
771 1763 978 1815 Brutus
1014 1761 1317 1832 periculum
1352 1760 1538 1814 euasit·
1561 1759 1774 1814 mortis·

153 1833 248 1904 qui
273 1832 490 1902 fugiens
518 1850 551 1886 a
573 1832 805 1900 Mutina,
832 1840 894 1885 ut
920 1832 991 1885 ad
1018 1851 1075 1884 se
1101 1831 1540 1885 interficiendum
1565 1830 1634 1883 ab
1661 1831 1775 1882 An-

153 1903 303 1958 tonio
341 1904 537 1956 missos
565 1903 775 1974 equites
803 1902 1097 1956 aduenisse
1123 1901 1408 1972 cognouit,
1480 1900 1682 1954 uodam
1715 1899 1776 1951 in

89 1989 131 2023 25
152 1973 271 2028 loco
307 1973 483 2027 iustae
516 1992 727 2044 poenae
764 1974 1013 2028 debitum
1038 1973 1293 2044 spiritum
1329 1980 1454 2026 tene
1495 1971 1572 2023 ris
1598 1968 1775 2022 furari

154 2045 489 2111 conabatur,
541 2063 714 2115 eoque
755 2043 867 2095 iam
908 2044 1059 2096 facta
1103 2044 1229 2095 inru
1270 2044 1417 2096 tione
1463 2039 1776 2104 TerentiuS,

155 2113 305 2166 fideli
332 2114 616 2168 mendacio
644 2114 976 2167 obscuritate
1000 2114 1126 2185 ipsa
1152 2132 1216 2166 su
1259 2119 1518 2181 ragante,
1542 2110 1775 2164 Brutum

44 2260 135 2293 Par.
163 2254 346 2309 sumpto
380 2259 634 2307 superesse.
697 2249 738 2291 5.
774 2246 838 2290 Ti.
876 2244 1055 2290 Coelius
1094 2243 1148 2290 ab
1176 2242 1362 2290 Octauio
1390 2257 1483 2289 cos.
1517 2241 1778 2288 Placentiae·

157 2318 465 2380 praepositus,
494 2323 653 2378 captus
681 2331 705 2362 a
726 2315 951 2362 Cassianis
977 2314 1199 2361 militibus
1225 2313 1342 2375 petit
1369 2328 1393 2360 a
1412 2314 1459 2359 L.
1480 2313 1695 2358 Petronio
1723 2318 1775 2357 ut

93 2402 134 2435 3ο
159 2402 208 2435 se
236 2387 477 2437 occideret.
538 2387 615 2448 qui
642 2386 814 2433 frustra
840 2393 1053 2447 rogatum
1090 2392 1141 2431 ut
1166 2385 1345 2431 uiueret
1370 2398 1474 2430 mox
1501 2397 1602 2429 cum
1637 2384 1778 2428 inter-

156 2459 364 2513 emisset,
393 2472 518 2506 suam
546 2460 585 2503 ei
611 2464 806 2504 mortem
834 2459 992 2503 iunxit.
1053 2459 1096 2504 ὃ.
1134 2455 1321 2502 Seruius
1348 2454 1611 2505 Terentius,
1647 2453 1776 2500 Bruti

272 2585 297 2623 2
326 2584 458 2636 paria
489 2583 610 2623 enim
639 2581 687 2621 in
720 2582 848 2622 cultu
879 2581 1018 2623 Andr.
1043 2579 1264 2621 Schottus:
1295 2579 1430 2632 paria
1461 2576 1582 2618 enim
1610 2575 1777 2638 inclitu

157 2640 214 2684 B,
245 2641 351 2692 pari
371 2639 542 2680 etenim
563 2638 767 2690 inclytae
790 2639 813 2678 b
873 2641 899 2679 5
919 2636 1185 2694 publicoleli
1205 2636 1260 2682 B,
1292 2635 1425 2688 publi
1447 2633 1568 2674 coeli
1587 2632 1612 2672 b
1672 2634 1695 2672 7
1720 2643 1779 2694 ea

156 2690 213 2735 B'
241 2693 261 2749 Η
288 2697 474 2736 unicam
503 2695 570 2736 B:
602 2695 809 2747 iniquam
832 2695 854 2735 b
883 2691 901 2748 ll
931 2694 1162 2734 fortunam
1183 2687 1239 2732 B'
1303 2693 1330 2732 8
1360 2694 1461 2732 erat
1481 2687 1696 2753 boctauio
1719 2685 1760 2725 B

159 2751 211 2791 12
241 2752 448 2803 petronis
477 2751 541 2799 B,
582 2751 784 2804 petronii
812 2751 835 2791 b
913 2752 965 2792 16
996 2749 1076 2794 alt.
1107 2749 1204 2790 fato
1234 2760 1384 2790 uerec.
1415 2759 1492 2787 om.
1524 2742 1594 2791 B,
1625 2743 1669 2782 in
1695 2755 1777 2795 my.

157 2810 295 2860 suppl.
322 2807 402 2848 alt,
426 2807 458 2848 f.
482 2807 864 2861 magnanimitaS,
895 2808 976 2848 sed
993 2819 1085 2847 uoc.
1109 2817 1324 2859 magnan.
1346 2804 1389 2843 in
1411 2803 1540 2843 litura
1607 2799 1659 2838 18
1682 2809 1779 2838 ser-

157 2862 262 2904 uius
290 2863 334 2903 B
404 2864 455 2903 19
484 2876 574 2904 non
594 2866 637 2904 in
659 2864 701 2903 B
722 2876 756 2905 S.
781 2867 806 2905 l.
877 2864 930 2903 22
963 2863 1114 2903 euasit
1132 2860 1291 2902 mortis
1321 2859 1384 2908 B,
1425 2857 1556 2910 siqnis
1577 2860 1776 2906 transpo-

159 2921 289 2961 nendi
308 2921 470 2961 additis
529 2921 583 2960 25
605 2933 753 2972 penae
774 2913 829 2960 B'
850 2916 870 2974 Η
890 2919 1096 2959 funerari
1117 2911 1185 2965 B',
1219 2915 1452 2957 foenerari
1471 2913 1578 2953 coni.
1601 2912 1779 2963 Lipsius

275 2977 330 3018 29
353 2990 380 3019 a
402 2975 625 3018 Cinnanis
648 2978 756 3019 coni.
779 2976 875 3017 Mai
931 2978 985 3017 30
1008 2976 1118 3028 quin
1139 2974 1312 3014 frustra
1334 2982 1497 3024 rogare
1526 2969 1569 3010 V
1638 2999 1641 3001 -
