<?xml version="1.0" encoding="UTF-8"?>
<!DOCTYPE html PUBLIC "-//W3C//DTD XHTML 1.0 Transitional//EN"
    "http://www.w3.org/TR/xhtml1/DTD/xhtml1-transitional.dtd">
<html xmlns="http://www.w3.org/1999/xhtml" xml:lang="en" lang="en">
 <head>
  <title>
</title>
<meta http-equiv="Content-Type" content="text/html;charset=utf-8" />
  <meta name='ocr-system' content='tesseract 3.04.00' />
  <meta name='ocr-capabilities' content='ocr_page ocr_carea ocr_par ocr_line ocrx_word'/>
</head>
<body>
  <div class='ocr_page' id='page_1' title='image "./factorumetdictor00valeuoft_0358.png"; bbox 0 0 1924 3152; ppageno 0'>
   <div class='ocr_carea' id='block_1_1' title="bbox 1203 0 1922 122">
    <p class='ocr_par' dir='ltr' id='par_1_1' title="bbox 1203 0 1922 122">
     <span class='ocr_line' id='line_1_1' title="bbox 1203 0 1922 122; baseline 0 3030"><span class='ocrx_word' id='word_1_1' title='bbox 1203 0 1922 122; x_wconf 95' lang='lat' dir='ltr'> </span> 
     </span>
    </p>
   </div>
   <div class='ocr_carea' id='block_1_2' title="bbox 131 125 1127 180">
    <p class='ocr_par' dir='ltr' id='par_1_2' title="bbox 131 125 1127 180">
     <span class='ocr_line' id='line_1_2' title="bbox 131 125 1127 180; baseline 0.002 -2"><span class='ocrx_word' id='word_1_2' title='bbox 131 125 241 179; x_wconf 84' lang='lat'>330</span> <span class='ocrx_word' id='word_1_3' title='bbox 830 134 927 179; x_wconf 91' lang='lat' dir='ltr'><strong>LIB.</strong></span> <span class='ocrx_word' id='word_1_4' title='bbox 968 135 1053 180; x_wconf 85' lang='lat' dir='ltr'>Vll.</span> <span class='ocrx_word' id='word_1_5' title='bbox 1123 134 1127 138; x_wconf 79' lang='grc'><em>“</em></span> 
     </span>
    </p>
   </div>
   <div class='ocr_carea' id='block_1_3' title="bbox 50 237 1746 2000">
    <p class='ocr_par' dir='ltr' id='par_1_3' title="bbox 133 237 1746 523">
     <span class='ocr_line' id='line_1_3' title="bbox 242 237 1746 315; baseline 0.007 -25"><span class='ocrx_word' id='word_1_6' title='bbox 242 238 512 303; x_wconf 79' lang='lat' dir='ltr'>SocrateS,</span> <span class='ocrx_word' id='word_1_7' title='bbox 540 237 809 292; x_wconf 86' lang='lat' dir='ltr'>humanae</span> <span class='ocrx_word' id='word_1_8' title='bbox 840 241 1139 310; x_wconf 80' lang='lat' dir='ltr'>sapientiae</span> <span class='ocrx_word' id='word_1_9' title='bbox 1203 244 1324 296; x_wconf 90' lang='lat' dir='ltr'>uasi</span> <span class='ocrx_word' id='word_1_10' title='bbox 1349 245 1623 315; x_wconf 83' lang='lat' dir='ltr'>quoddam</span> <span class='ocrx_word' id='word_1_11' title='bbox 1639 256 1746 300; x_wconf 87' lang='lat' dir='ltr'>ter·</span> 
     </span>
     <span class='ocr_line' id='line_1_4' title="bbox 133 308 1742 382; baseline 0.007 -23"><span class='ocrx_word' id='word_1_12' title='bbox 133 317 305 359; x_wconf 86' lang='lat' dir='ltr'>restre</span> <span class='ocrx_word' id='word_1_13' title='bbox 332 308 637 372; x_wconf 88' lang='lat' dir='ltr'>oraculum,</span> <span class='ocrx_word' id='word_1_14' title='bbox 666 309 801 362; x_wconf 90' lang='lat' dir='ltr'>nihil</span> <span class='ocrx_word' id='word_1_15' title='bbox 826 310 970 362; x_wconf 90' lang='lat' dir='ltr'>ultra</span> <span class='ocrx_word' id='word_1_16' title='bbox 995 319 1155 382; x_wconf 87' lang='lat' dir='ltr'>peten</span> <span class='ocrx_word' id='word_1_17' title='bbox 1197 333 1288 365; x_wconf 91' lang='lat' dir='ltr'>um</span> <span class='ocrx_word' id='word_1_18' title='bbox 1314 333 1346 366; x_wconf 89' lang='lat' dir='ltr'>a</span> <span class='ocrx_word' id='word_1_19' title='bbox 1372 314 1456 368; x_wconf 89' lang='lat' dir='ltr'>dis</span> <span class='ocrx_word' id='word_1_20' title='bbox 1484 317 1742 371; x_wconf 84' lang='lat' dir='ltr'>inmorta-</span> 
     </span>
     <span class='ocr_line' id='line_1_5' title="bbox 134 375 1744 459; baseline 0.008 -31"><span class='ocrx_word' id='word_1_21' title='bbox 134 377 276 429; x_wconf 81' lang='lat' dir='ltr'>libus</span> <span class='ocrx_word' id='word_1_22' title='bbox 305 378 675 431; x_wconf 84' lang='lat' dir='ltr'>arbitrabatur</span> <span class='ocrx_word' id='word_1_23' title='bbox 711 399 874 450; x_wconf 91' lang='lat' dir='ltr'>quam</span> <span class='ocrx_word' id='word_1_24' title='bbox 907 389 967 433; x_wconf 87' lang='lat' dir='ltr'>ut</span> <span class='ocrx_word' id='word_1_25' title='bbox 1000 382 1144 435; x_wconf 87' lang='lat' dir='ltr'>bona</span> <span class='ocrx_word' id='word_1_26' title='bbox 1181 375 1510 453; x_wconf 70' lang='lat' dir='ltr'>tribuerent,</span> <span class='ocrx_word' id='word_1_27' title='bbox 1550 389 1678 459; x_wconf 88' lang='lat' dir='ltr'>quia</span> <span class='ocrx_word' id='word_1_28' title='bbox 1703 389 1744 439; x_wconf 94' lang='lat' dir='ltr'>ii</span> 
     </span>
     <span class='ocr_line' id='line_1_6' title="bbox 134 449 1744 523; baseline 0.007 -23"><span class='ocrx_word' id='word_1_29' title='bbox 134 449 349 500; x_wconf 91' lang='lat' dir='ltr'>demum</span> <span class='ocrx_word' id='word_1_30' title='bbox 377 449 579 502; x_wconf 89' lang='lat' dir='ltr'>scirent</span> <span class='ocrx_word' id='word_1_31' title='bbox 605 451 735 520; x_wconf 86' lang='lat' dir='ltr'>quid</span> <span class='ocrx_word' id='word_1_32' title='bbox 763 453 856 503; x_wconf 89' lang='lat' dir='ltr'>uni</span> <span class='ocrx_word' id='word_1_33' title='bbox 883 453 1075 523; x_wconf 89' lang='lat' dir='ltr'>cuique</span> <span class='ocrx_word' id='word_1_34' title='bbox 1095 462 1241 507; x_wconf 88' lang='lat' dir='ltr'>esset</span> <span class='ocrx_word' id='word_1_35' title='bbox 1259 455 1408 522; x_wconf 85' lang='lat' dir='ltr'>utile,</span> <span class='ocrx_word' id='word_1_36' title='bbox 1436 475 1534 511; x_wconf 89' lang='lat' dir='ltr'>nos</span> <span class='ocrx_word' id='word_1_37' title='bbox 1558 466 1744 511; x_wconf 89' lang='lat' dir='ltr'>autem</span> 
     </span>
    </p>

    <p class='ocr_par' dir='ltr' id='par_1_4' title="bbox 84 517 1742 878">
     <span class='ocr_line' id='line_1_7' title="bbox 84 517 1742 608; baseline 0.008 -40"><span class='ocrx_word' id='word_1_38' title='bbox 84 535 109 566; x_wconf 75' lang='lat'>5</span> <span class='ocrx_word' id='word_1_39' title='bbox 132 517 447 589; x_wconf 90' lang='lat' dir='ltr'>plerumque</span> <span class='ocrx_word' id='word_1_40' title='bbox 474 520 531 572; x_wconf 90' lang='lat' dir='ltr'>id</span> <span class='ocrx_word' id='word_1_41' title='bbox 557 522 698 573; x_wconf 87' lang='lat' dir='ltr'>uotis</span> <span class='ocrx_word' id='word_1_42' title='bbox 719 531 1116 592; x_wconf 76' lang='lat' dir='ltr'>expeteremuS,</span> <span class='ocrx_word' id='word_1_43' title='bbox 1145 525 1290 595; x_wconf 89' lang='lat' dir='ltr'>quod</span> <span class='ocrx_word' id='word_1_44' title='bbox 1309 544 1419 578; x_wconf 90' lang='lat' dir='ltr'>non</span> <span class='ocrx_word' id='word_1_45' title='bbox 1436 528 1742 608; x_wconf 83' lang='lat' dir='ltr'>inpetrasse</span> 
     </span>
     <span class='ocr_line' id='line_1_8' title="bbox 131 589 1741 651; baseline 0.007 -12"><span class='ocrx_word' id='word_1_46' title='bbox 131 590 325 640; x_wconf 92' lang='lat' dir='ltr'>melius</span> <span class='ocrx_word' id='word_1_47' title='bbox 363 589 523 642; x_wconf 89' lang='lat' dir='ltr'>foret.</span> <span class='ocrx_word' id='word_1_48' title='bbox 586 592 785 643; x_wconf 88' lang='lat' dir='ltr'>etenim</span> <span class='ocrx_word' id='word_1_49' title='bbox 822 594 1162 646; x_wconf 89' lang='lat' dir='ltr'>densissimis</span> <span class='ocrx_word' id='word_1_50' title='bbox 1208 596 1449 649; x_wconf 89' lang='lat' dir='ltr'>tenebris</span> <span class='ocrx_word' id='word_1_51' title='bbox 1494 598 1741 651; x_wconf 91' lang='lat' dir='ltr'>1nuoluta</span> 
     </span>
     <span class='ocr_line' id='line_1_9' title="bbox 131 659 1739 733; baseline 0.007 -23"><span class='ocrx_word' id='word_1_52' title='bbox 131 659 442 712; x_wconf 85' lang='lat' dir='ltr'>mortalium</span> <span class='ocrx_word' id='word_1_53' title='bbox 468 679 619 713; x_wconf 91' lang='lat' dir='ltr'>mens</span> <span class='ocrx_word' id='word_1_54' title='bbox 626 701 640 727; x_wconf 92' lang='lat'>,</span> <span class='ocrx_word' id='word_1_55' title='bbox 668 662 726 713; x_wconf 89' lang='lat' dir='ltr'>in</span> <span class='ocrx_word' id='word_1_56' title='bbox 753 682 912 733; x_wconf 90' lang='lat' dir='ltr'>quam</span> <span class='ocrx_word' id='word_1_57' title='bbox 932 665 1043 716; x_wconf 91' lang='lat' dir='ltr'>late</span> <span class='ocrx_word' id='word_1_58' title='bbox 1065 672 1342 733; x_wconf 88' lang='lat' dir='ltr'>patentem</span> <span class='ocrx_word' id='word_1_59' title='bbox 1363 685 1601 720; x_wconf 89' lang='lat' dir='ltr'>errorem</span> <span class='ocrx_word' id='word_1_60' title='bbox 1621 687 1739 721; x_wconf 87' lang='lat' dir='ltr'>cae-</span> 
     </span>
     <span class='ocr_line' id='line_1_10' title="bbox 130 731 1739 809; baseline 0.006 -28"><span class='ocrx_word' id='word_1_61' title='bbox 130 748 220 781; x_wconf 91' lang='lat' dir='ltr'>cas</span> <span class='ocrx_word' id='word_1_62' title='bbox 257 731 599 800; x_wconf 83' lang='lat' dir='ltr'>precationes</span> <span class='ocrx_word' id='word_1_63' title='bbox 638 741 760 784; x_wconf 87' lang='lat' dir='ltr'>tuas</span> <span class='ocrx_word' id='word_1_64' title='bbox 797 752 820 784; x_wconf 90' lang='lat' dir='ltr'>s</span> <span class='ocrx_word' id='word_1_65' title='bbox 866 735 1038 803; x_wconf 83' lang='lat' dir='ltr'>argis!</span> <span class='ocrx_word' id='word_1_66' title='bbox 1081 734 1300 787; x_wconf 90' lang='lat' dir='ltr'>diuitias</span> <span class='ocrx_word' id='word_1_67' title='bbox 1330 737 1571 806; x_wconf 83' lang='lat' dir='ltr'>adpetis,</span> <span class='ocrx_word' id='word_1_68' title='bbox 1600 757 1739 809; x_wconf 87' lang='lat' dir='ltr'>quae</span> 
     </span>
     <span class='ocr_line' id='line_1_11' title="bbox 127 799 1737 878; baseline 0.006 -27"><span class='ocrx_word' id='word_1_69' title='bbox 127 799 311 852; x_wconf 85' lang='lat' dir='ltr'>multis</span> <span class='ocrx_word' id='word_1_70' title='bbox 341 802 509 854; x_wconf 82' lang='lat' dir='ltr'>exitio</span> <span class='ocrx_word' id='word_1_71' title='bbox 537 802 781 855; x_wconf 83' lang='lat' dir='ltr'>fuerunt:</span> <span class='ocrx_word' id='word_1_72' title='bbox 872 823 1062 856; x_wconf 89' lang='lat' dir='ltr'>onores</span> <span class='ocrx_word' id='word_1_73' title='bbox 1092 806 1456 875; x_wconf 78' lang='lat' dir='ltr'>concupiscis,</span> <span class='ocrx_word' id='word_1_74' title='bbox 1499 809 1591 878; x_wconf 89' lang='lat' dir='ltr'>qui</span> <span class='ocrx_word' id='word_1_75' title='bbox 1617 826 1737 861; x_wconf 89' lang='lat' dir='ltr'>con·</span> 
     </span>
    </p>

    <p class='ocr_par' dir='ltr' id='par_1_5' title="bbox 65 870 1738 1222">
     <span class='ocr_line' id='line_1_12' title="bbox 65 870 1736 947; baseline 0.005 -27"><span class='ocrx_word' id='word_1_76' title='bbox 65 888 107 919; x_wconf 80' lang='lat'>10</span> <span class='ocrx_word' id='word_1_77' title='bbox 130 870 310 940; x_wconf 92' lang='lat' dir='ltr'>plures</span> <span class='ocrx_word' id='word_1_78' title='bbox 350 891 570 942; x_wconf 90' lang='lat' dir='ltr'>pessum</span> <span class='ocrx_word' id='word_1_79' title='bbox 606 873 893 926; x_wconf 90' lang='lat' dir='ltr'>dederunt:</span> <span class='ocrx_word' id='word_1_80' title='bbox 949 893 1118 943; x_wconf 84' lang='lat' dir='ltr'>regna</span> <span class='ocrx_word' id='word_1_81' title='bbox 1155 882 1333 927; x_wconf 88' lang='lat' dir='ltr'>tecum</span> <span class='ocrx_word' id='word_1_82' title='bbox 1376 877 1497 947; x_wconf 88' lang='lat' dir='ltr'>ipsa</span> <span class='ocrx_word' id='word_1_83' title='bbox 1540 876 1736 945; x_wconf 90' lang='lat' dir='ltr'>uoluis,</span> 
     </span>
     <span class='ocr_line' id='line_1_13' title="bbox 129 943 1736 1013; baseline 0.005 -21"><span class='ocrx_word' id='word_1_84' title='bbox 129 959 358 1011; x_wconf 90' lang='lat' dir='ltr'>quorum</span> <span class='ocrx_word' id='word_1_85' title='bbox 387 943 568 995; x_wconf 80' lang='lat' dir='ltr'>exitus</span> <span class='ocrx_word' id='word_1_86' title='bbox 597 962 759 1013; x_wconf 90' lang='lat' dir='ltr'>saepe</span> <span class='ocrx_word' id='word_1_87' title='bbox 786 963 1009 997; x_wconf 89' lang='lat' dir='ltr'>numero</span> <span class='ocrx_word' id='word_1_88' title='bbox 1049 945 1389 998; x_wconf 88' lang='lat' dir='ltr'>miserabiles</span> <span class='ocrx_word' id='word_1_89' title='bbox 1418 956 1736 1000; x_wconf 89' lang='lat' dir='ltr'>cernuntur:</span> 
     </span>
     <span class='ocr_line' id='line_1_14' title="bbox 128 1011 1738 1082; baseline 0.005 -20"><span class='ocrx_word' id='word_1_90' title='bbox 128 1011 426 1082; x_wconf 88' lang='lat' dir='ltr'>splendidis</span> <span class='ocrx_word' id='word_1_91' title='bbox 475 1013 742 1082; x_wconf 85' lang='lat' dir='ltr'>coniugiis</span> <span class='ocrx_word' id='word_1_92' title='bbox 784 1014 941 1066; x_wconf 90' lang='lat' dir='ltr'>inicis</span> <span class='ocrx_word' id='word_1_93' title='bbox 986 1034 1202 1067; x_wconf 86' lang='lat' dir='ltr'>manus:</span> <span class='ocrx_word' id='word_1_94' title='bbox 1264 1024 1320 1068; x_wconf 90' lang='lat' dir='ltr'>at</span> <span class='ocrx_word' id='word_1_95' title='bbox 1363 1016 1498 1069; x_wconf 91' lang='lat' dir='ltr'>haec</span> <span class='ocrx_word' id='word_1_96' title='bbox 1545 1025 1605 1070; x_wconf 90' lang='lat' dir='ltr'>ut</span> <span class='ocrx_word' id='word_1_97' title='bbox 1632 1017 1738 1070; x_wconf 79' lang='lat' dir='ltr'>ali-</span> 
     </span>
     <span class='ocr_line' id='line_1_15' title="bbox 126 1082 1737 1155; baseline 0.005 -23"><span class='ocrx_word' id='word_1_98' title='bbox 126 1082 344 1152; x_wconf 89' lang='lat' dir='ltr'>quando</span> <span class='ocrx_word' id='word_1_99' title='bbox 372 1084 691 1149; x_wconf 76' lang='lat' dir='ltr'>inlustrant,</span> <span class='ocrx_word' id='word_1_100' title='bbox 730 1084 808 1136; x_wconf 91' lang='lat' dir='ltr'>ita</span> <span class='ocrx_word' id='word_1_101' title='bbox 833 1103 1238 1155; x_wconf 88' lang='lat' dir='ltr'>nonnumquam</span> <span class='ocrx_word' id='word_1_102' title='bbox 1274 1087 1522 1140; x_wconf 88' lang='lat' dir='ltr'>funditus</span> <span class='ocrx_word' id='word_1_103' title='bbox 1551 1088 1737 1140; x_wconf 89' lang='lat' dir='ltr'>domos</span> 
     </span>
     <span class='ocr_line' id='line_1_16' title="bbox 127 1154 1738 1222; baseline 0.005 -19"><span class='ocrx_word' id='word_1_104' title='bbox 127 1161 395 1205; x_wconf 86' lang='lat' dir='ltr'>euertunt.</span> <span class='ocrx_word' id='word_1_105' title='bbox 458 1154 646 1206; x_wconf 90' lang='lat' dir='ltr'>desine</span> <span class='ocrx_word' id='word_1_106' title='bbox 681 1155 854 1222; x_wconf 85' lang='lat' dir='ltr'>igitur</span> <span class='ocrx_word' id='word_1_107' title='bbox 889 1155 1058 1208; x_wconf 89' lang='lat' dir='ltr'>stulta</span> <span class='ocrx_word' id='word_1_108' title='bbox 1091 1155 1292 1208; x_wconf 88' lang='lat' dir='ltr'>futuris</span> <span class='ocrx_word' id='word_1_109' title='bbox 1330 1156 1594 1210; x_wconf 89' lang='lat' dir='ltr'>malorum</span> <span class='ocrx_word' id='word_1_110' title='bbox 1621 1167 1738 1211; x_wconf 92' lang='lat' dir='ltr'>tuo—</span> 
     </span>
    </p>

    <p class='ocr_par' dir='ltr' id='par_1_6' title="bbox 63 1224 1737 1438">
     <span class='ocr_line' id='line_1_17' title="bbox 63 1224 1737 1295; baseline 0.007 -25"><span class='ocrx_word' id='word_1_111' title='bbox 63 1238 106 1270; x_wconf 78' lang='lat'>¹5</span> <span class='ocrx_word' id='word_1_112' title='bbox 129 1241 249 1274; x_wconf 92' lang='lat' dir='ltr'>rum</span> <span class='ocrx_word' id='word_1_113' title='bbox 287 1226 465 1276; x_wconf 90' lang='lat' dir='ltr'>causis</span> <span class='ocrx_word' id='word_1_114' title='bbox 504 1225 660 1295; x_wconf 91' lang='lat' dir='ltr'>quasi</span> <span class='ocrx_word' id='word_1_115' title='bbox 697 1224 1027 1278; x_wconf 87' lang='lat' dir='ltr'>felicissimis</span> <span class='ocrx_word' id='word_1_116' title='bbox 1065 1226 1228 1279; x_wconf 89' lang='lat' dir='ltr'>rebus</span> <span class='ocrx_word' id='word_1_117' title='bbox 1265 1227 1475 1280; x_wconf 85' lang='lat' dir='ltr'>inhiare</span> <span class='ocrx_word' id='word_1_118' title='bbox 1503 1237 1555 1280; x_wconf 86' lang='lat' dir='ltr'>et</span> <span class='ocrx_word' id='word_1_119' title='bbox 1582 1237 1634 1280; x_wconf 85' lang='lat' dir='ltr'>te</span> <span class='ocrx_word' id='word_1_120' title='bbox 1659 1237 1737 1282; x_wconf 79' lang='lat' dir='ltr'>to-</span> 
     </span>
     <span class='ocr_line' id='line_1_18' title="bbox 125 1293 1736 1368; baseline 0.003 -23"><span class='ocrx_word' id='word_1_121' title='bbox 125 1301 236 1345; x_wconf 90' lang='lat' dir='ltr'>tam</span> <span class='ocrx_word' id='word_1_122' title='bbox 273 1293 589 1346; x_wconf 88' lang='lat' dir='ltr'>caelestium</span> <span class='ocrx_word' id='word_1_123' title='bbox 625 1295 851 1348; x_wconf 87' lang='lat' dir='ltr'>arbitrio</span> <span class='ocrx_word' id='word_1_124' title='bbox 890 1298 1172 1366; x_wconf 87' lang='lat' dir='ltr'>permitte,</span> <span class='ocrx_word' id='word_1_125' title='bbox 1212 1298 1340 1367; x_wconf 88' lang='lat' dir='ltr'>quia</span> <span class='ocrx_word' id='word_1_126' title='bbox 1375 1300 1468 1368; x_wconf 91' lang='lat' dir='ltr'>qui</span> <span class='ocrx_word' id='word_1_127' title='bbox 1495 1298 1736 1351; x_wconf 92' lang='lat' dir='ltr'>tribuere</span> 
     </span>
     <span class='ocr_line' id='line_1_19' title="bbox 123 1364 1733 1438; baseline 0.003 -22"><span class='ocrx_word' id='word_1_128' title='bbox 123 1364 269 1416; x_wconf 90' lang='lat' dir='ltr'>bona</span> <span class='ocrx_word' id='word_1_129' title='bbox 289 1383 358 1416; x_wconf 85' lang='lat' dir='ltr'>ex</span> <span class='ocrx_word' id='word_1_130' title='bbox 377 1364 528 1416; x_wconf 88' lang='lat' dir='ltr'>facili</span> <span class='ocrx_word' id='word_1_131' title='bbox 548 1364 740 1431; x_wconf 91' lang='lat' dir='ltr'>solent,</span> <span class='ocrx_word' id='word_1_132' title='bbox 770 1366 936 1417; x_wconf 91' lang='lat' dir='ltr'>etiam</span> <span class='ocrx_word' id='word_1_133' title='bbox 958 1365 1156 1435; x_wconf 84' lang='lat' dir='ltr'>eligere</span> <span class='ocrx_word' id='word_1_134' title='bbox 1181 1368 1467 1436; x_wconf 89' lang='lat' dir='ltr'>aptissime</span> <span class='ocrx_word' id='word_1_135' title='bbox 1489 1376 1733 1438; x_wconf 87' lang='lat' dir='ltr'>possunt.</span> 
     </span>
    </p>

    <p class='ocr_par' dir='ltr' id='par_1_7' title="bbox 120 1434 1735 1578">
     <span class='ocr_line' id='line_1_20' title="bbox 229 1434 1735 1507; baseline 0.002 -21"><span class='ocrx_word' id='word_1_136' title='bbox 229 1434 382 1486; x_wconf 90' lang='lat' dir='ltr'>Idem</span> <span class='ocrx_word' id='word_1_137' title='bbox 411 1435 670 1504; x_wconf 80' lang='lat' dir='ltr'>expedita</span> <span class='ocrx_word' id='word_1_138' title='bbox 697 1444 751 1487; x_wconf 89' lang='lat' dir='ltr'>et</span> <span class='ocrx_word' id='word_1_139' title='bbox 778 1436 1170 1505; x_wconf 89' lang='lat' dir='ltr'>conpendiaria</span> <span class='ocrx_word' id='word_1_140' title='bbox 1188 1437 1276 1488; x_wconf 90' lang='lat' dir='ltr'>uia</span> <span class='ocrx_word' id='word_1_141' title='bbox 1298 1455 1386 1489; x_wconf 91' lang='lat' dir='ltr'>eos</span> <span class='ocrx_word' id='word_1_142' title='bbox 1410 1438 1480 1490; x_wconf 89' lang='lat' dir='ltr'>ad</span> <span class='ocrx_word' id='word_1_143' title='bbox 1500 1437 1735 1507; x_wconf 85' lang='lat' dir='ltr'>gloriam</span> 
     </span>
     <span class='ocr_line' id='line_1_21' title="bbox 120 1505 1735 1578; baseline 0.002 -22"><span class='ocrx_word' id='word_1_144' title='bbox 120 1505 408 1574; x_wconf 91' lang='lat' dir='ltr'>peruenire</span> <span class='ocrx_word' id='word_1_145' title='bbox 445 1505 690 1571; x_wconf 89' lang='lat' dir='ltr'>dicebat,</span> <span class='ocrx_word' id='word_1_146' title='bbox 737 1507 831 1576; x_wconf 91' lang='lat' dir='ltr'>qui</span> <span class='ocrx_word' id='word_1_147' title='bbox 865 1506 923 1557; x_wconf 91' lang='lat' dir='ltr'>id</span> <span class='ocrx_word' id='word_1_148' title='bbox 967 1515 1192 1575; x_wconf 84' lang='lat' dir='ltr'>agerent</span> <span class='ocrx_word' id='word_1_149' title='bbox 1225 1516 1286 1559; x_wconf 87' lang='lat' dir='ltr'>ut</span> <span class='ocrx_word' id='word_1_150' title='bbox 1324 1507 1510 1578; x_wconf 89' lang='lat' dir='ltr'>quales</span> <span class='ocrx_word' id='word_1_151' title='bbox 1555 1507 1735 1560; x_wconf 89' lang='lat' dir='ltr'>uideri</span> 
     </span>
    </p>

    <p class='ocr_par' dir='ltr' id='par_1_8' title="bbox 50 1573 1736 1786">
     <span class='ocr_line' id='line_1_22' title="bbox 50 1573 1736 1647; baseline 0.005 -25"><span class='ocrx_word' id='word_1_152' title='bbox 50 1589 97 1622; x_wconf 78' lang='lat'>20</span> <span class='ocrx_word' id='word_1_153' title='bbox 120 1573 324 1627; x_wconf 89' lang='lat' dir='ltr'>uellent</span> <span class='ocrx_word' id='word_1_154' title='bbox 350 1575 486 1627; x_wconf 87' lang='lat' dir='ltr'>tales</span> <span class='ocrx_word' id='word_1_155' title='bbox 514 1576 678 1628; x_wconf 92' lang='lat' dir='ltr'>etiam</span> <span class='ocrx_word' id='word_1_156' title='bbox 706 1584 905 1628; x_wconf 90' lang='lat' dir='ltr'>essent.</span> <span class='ocrx_word' id='word_1_157' title='bbox 957 1595 1064 1646; x_wconf 90' lang='lat' dir='ltr'>qua</span> <span class='ocrx_word' id='word_1_158' title='bbox 1084 1577 1303 1647; x_wconf 89' lang='lat' dir='ltr'>quidem</span> <span class='ocrx_word' id='word_1_159' title='bbox 1329 1577 1736 1647; x_wconf 88' lang='lat' dir='ltr'>praedicatione</span> 
     </span>
     <span class='ocr_line' id='line_1_23' title="bbox 121 1646 1732 1718; baseline 0.003 -23"><span class='ocrx_word' id='word_1_160' title='bbox 121 1654 305 1711; x_wconf 87' lang='lat' dir='ltr'>aperte</span> <span class='ocrx_word' id='word_1_161' title='bbox 345 1646 600 1699; x_wconf 88' lang='lat' dir='ltr'>monebat</span> <span class='ocrx_word' id='word_1_162' title='bbox 639 1654 699 1698; x_wconf 90' lang='lat' dir='ltr'>ut</span> <span class='ocrx_word' id='word_1_163' title='bbox 739 1646 982 1699; x_wconf 90' lang='lat' dir='ltr'>homines</span> <span class='ocrx_word' id='word_1_164' title='bbox 1027 1648 1203 1717; x_wconf 87' lang='lat' dir='ltr'>ipsam</span> <span class='ocrx_word' id='word_1_165' title='bbox 1247 1649 1428 1718; x_wconf 90' lang='lat' dir='ltr'>potius</span> <span class='ocrx_word' id='word_1_166' title='bbox 1473 1647 1732 1700; x_wconf 86' lang='lat' dir='ltr'>uirtutem</span> 
     </span>
     <span class='ocr_line' id='line_1_24' title="bbox 119 1714 1499 1786; baseline 0.004 -21"><span class='ocrx_word' id='word_1_167' title='bbox 119 1714 401 1768; x_wconf 82' lang='lat' dir='ltr'>haurirent</span> <span class='ocrx_word' id='word_1_168' title='bbox 427 1735 589 1786; x_wconf 91' lang='lat' dir='ltr'>quam</span> <span class='ocrx_word' id='word_1_169' title='bbox 614 1717 868 1769; x_wconf 87' lang='lat' dir='ltr'>umbram</span> <span class='ocrx_word' id='word_1_170' title='bbox 895 1718 1010 1769; x_wconf 91' lang='lat' dir='ltr'>eius</span> <span class='ocrx_word' id='word_1_171' title='bbox 1038 1727 1499 1771; x_wconf 87' lang='lat' dir='ltr'>consectarentur.</span> 
     </span>
    </p>

    <p class='ocr_par' dir='ltr' id='par_1_9' title="bbox 118 1785 1733 1926">
     <span class='ocr_line' id='line_1_25' title="bbox 226 1785 1733 1859; baseline 0.002 -22"><span class='ocrx_word' id='word_1_172' title='bbox 226 1785 381 1838; x_wconf 91' lang='lat' dir='ltr'>Idem</span> <span class='ocrx_word' id='word_1_173' title='bbox 419 1787 488 1838; x_wconf 87' lang='lat' dir='ltr'>ab</span> <span class='ocrx_word' id='word_1_174' title='bbox 528 1785 935 1840; x_wconf 91' lang='lat' dir='ltr'>adulescentulo</span> <span class='ocrx_word' id='word_1_175' title='bbox 973 1787 1209 1859; x_wconf 91' lang='lat' dir='ltr'>quodam</span> <span class='ocrx_word' id='word_1_176' title='bbox 1244 1791 1523 1842; x_wconf 88' lang='lat' dir='ltr'>consultus</span> <span class='ocrx_word' id='word_1_177' title='bbox 1550 1796 1733 1842; x_wconf 87' lang='lat' dir='ltr'>utrum</span> 
     </span>
     <span class='ocr_line' id='line_1_26' title="bbox 118 1856 1731 1926; baseline 0.004 -20"><span class='ocrx_word' id='word_1_178' title='bbox 118 1874 347 1909; x_wconf 80' lang='lat' dir='ltr'>uxorem</span> <span class='ocrx_word' id='word_1_179' title='bbox 387 1856 608 1909; x_wconf 88' lang='lat' dir='ltr'>duceret</span> <span class='ocrx_word' id='word_1_180' title='bbox 644 1876 713 1908; x_wconf 84' lang='lat' dir='ltr'>an</span> <span class='ocrx_word' id='word_1_181' title='bbox 750 1876 807 1909; x_wconf 90' lang='lat' dir='ltr'>se</span> <span class='ocrx_word' id='word_1_182' title='bbox 848 1859 995 1909; x_wconf 91' lang='lat' dir='ltr'>omni</span> <span class='ocrx_word' id='word_1_183' title='bbox 1030 1859 1376 1911; x_wconf 89' lang='lat' dir='ltr'>matrimonio</span> <span class='ocrx_word' id='word_1_184' title='bbox 1412 1860 1731 1926; x_wconf 89' lang='lat' dir='ltr'>abstineret,</span> 
     </span>
    </p>

    <p class='ocr_par' dir='ltr' id='par_1_10' title="bbox 54 1927 1730 2000">
     <span class='ocr_line' id='line_1_27' title="bbox 54 1927 1730 2000; baseline 0 -19"><span class='ocrx_word' id='word_1_185' title='bbox 54 1948 97 1981; x_wconf 86' lang='lat'>25</span> <span class='ocrx_word' id='word_1_186' title='bbox 119 1927 434 1997; x_wconf 86' lang='lat' dir='ltr'>respondit,</span> <span class='ocrx_word' id='word_1_187' title='bbox 474 1935 658 1980; x_wconf 89' lang='lat' dir='ltr'>utrum</span> <span class='ocrx_word' id='word_1_188' title='bbox 686 1947 874 1981; x_wconf 92' lang='lat' dir='ltr'>eorum</span> <span class='ocrx_word' id='word_1_189' title='bbox 901 1928 1150 1996; x_wconf 88' lang='lat' dir='ltr'>fecisset,</span> <span class='ocrx_word' id='word_1_190' title='bbox 1179 1936 1426 1982; x_wconf 89' lang='lat' dir='ltr'>acturum</span> <span class='ocrx_word' id='word_1_191' title='bbox 1454 1929 1730 2000; x_wconf 87' lang='lat' dir='ltr'>paeniten-</span> 
     </span>
    </p>
   </div>
   <div class='ocr_carea' id='block_1_4' title="bbox 0 2038 1730 2528">
    <p class='ocr_par' dir='ltr' id='par_1_11' title="bbox 0 2038 1730 2317">
     <span class='ocr_line' id='line_1_28' title="bbox 0 2038 1730 2107; baseline -0.001 -14"><span class='ocrx_word' id='word_1_192' title='bbox 0 2059 95 2094; x_wconf 79' lang='lat' dir='ltr'>Par.</span> <span class='ocrx_word' id='word_1_193' title='bbox 231 2047 269 2088; x_wconf 94' lang='grc'>1.</span> <span class='ocrx_word' id='word_1_194' title='bbox 310 2038 522 2091; x_wconf 81' lang='lat' dir='ltr'>Socrates</span> <span class='ocrx_word' id='word_1_195' title='bbox 559 2046 863 2106; x_wconf 83' lang='lat' dir='ltr'>philosophus</span> <span class='ocrx_word' id='word_1_196' title='bbox 902 2047 1012 2092; x_wconf 84' lang='lat' dir='ltr'>nihil</span> <span class='ocrx_word' id='word_1_197' title='bbox 1049 2047 1166 2092; x_wconf 84' lang='lat' dir='ltr'>ultra</span> <span class='ocrx_word' id='word_1_198' title='bbox 1203 2048 1444 2107; x_wconf 86' lang='lat' dir='ltr'>petendum</span> <span class='ocrx_word' id='word_1_199' title='bbox 1473 2062 1496 2093; x_wconf 90' lang='lat' dir='ltr'>a</span> <span class='ocrx_word' id='word_1_200' title='bbox 1523 2047 1610 2092; x_wconf 90' lang='lat' dir='ltr'>diis</span> <span class='ocrx_word' id='word_1_201' title='bbox 1647 2046 1730 2091; x_wconf 92' lang='lat' dir='ltr'>im-</span> 
     </span>
     <span class='ocr_line' id='line_1_29' title="bbox 116 2114 1727 2176; baseline 0.002 -18"><span class='ocrx_word' id='word_1_202' title='bbox 116 2114 387 2160; x_wconf 81' lang='lat' dir='ltr'>mortalibus</span> <span class='ocrx_word' id='word_1_203' title='bbox 415 2115 717 2161; x_wconf 76' lang='lat' dir='ltr'>arbitrabatur</span> <span class='ocrx_word' id='word_1_204' title='bbox 746 2131 878 2176; x_wconf 90' lang='lat' dir='ltr'>quam</span> <span class='ocrx_word' id='word_1_205' title='bbox 915 2123 965 2161; x_wconf 92' lang='lat' dir='ltr'>ut</span> <span class='ocrx_word' id='word_1_206' title='bbox 998 2117 1115 2162; x_wconf 86' lang='lat' dir='ltr'>bona</span> <span class='ocrx_word' id='word_1_207' title='bbox 1154 2117 1429 2166; x_wconf 87' lang='lat' dir='ltr'>tribuerent,</span> <span class='ocrx_word' id='word_1_208' title='bbox 1469 2118 1569 2176; x_wconf 90' lang='lat' dir='ltr'>quia</span> <span class='ocrx_word' id='word_1_209' title='bbox 1612 2116 1727 2162; x_wconf 89' lang='lat' dir='ltr'>idem</span> 
     </span>
     <span class='ocr_line' id='line_1_30' title="bbox 118 2184 1726 2246; baseline 0.001 -16"><span class='ocrx_word' id='word_1_210' title='bbox 118 2184 287 2230; x_wconf 88' lang='lat' dir='ltr'>scirent</span> <span class='ocrx_word' id='word_1_211' title='bbox 315 2185 422 2244; x_wconf 88' lang='lat' dir='ltr'>quid</span> <span class='ocrx_word' id='word_1_212' title='bbox 449 2187 524 2229; x_wconf 90' lang='lat' dir='ltr'>uni</span> <span class='ocrx_word' id='word_1_213' title='bbox 554 2187 717 2245; x_wconf 84' lang='lat' dir='ltr'>cuique</span> <span class='ocrx_word' id='word_1_214' title='bbox 743 2193 864 2231; x_wconf 87' lang='lat' dir='ltr'>esset</span> <span class='ocrx_word' id='word_1_215' title='bbox 889 2186 1016 2231; x_wconf 84' lang='lat' dir='ltr'>utile.</span> <span class='ocrx_word' id='word_1_216' title='bbox 1060 2211 1121 2219; x_wconf 93' lang='lat'>—-</span> <span class='ocrx_word' id='word_1_217' title='bbox 1162 2187 1282 2231; x_wconf 87' lang='lat' dir='ltr'>Idem</span> <span class='ocrx_word' id='word_1_218' title='bbox 1310 2186 1627 2246; x_wconf 85' lang='lat' dir='ltr'>conpendiaria</span> <span class='ocrx_word' id='word_1_219' title='bbox 1654 2189 1726 2232; x_wconf 87' lang='lat' dir='ltr'>uia</span> 
     </span>
     <span class='ocr_line' id='line_1_31' title="bbox 116 2254 1726 2317; baseline 0.002 -18"><span class='ocrx_word' id='word_1_220' title='bbox 116 2254 308 2300; x_wconf 86' lang='lat' dir='ltr'>iuuenes</span> <span class='ocrx_word' id='word_1_221' title='bbox 335 2256 387 2300; x_wconf 87' lang='lat' dir='ltr'>ad</span> <span class='ocrx_word' id='word_1_222' title='bbox 415 2256 603 2314; x_wconf 81' lang='lat' dir='ltr'>gloriam</span> <span class='ocrx_word' id='word_1_223' title='bbox 633 2257 872 2316; x_wconf 87' lang='lat' dir='ltr'>peruenire</span> <span class='ocrx_word' id='word_1_224' title='bbox 898 2256 1087 2308; x_wconf 85' lang='lat' dir='ltr'>dicebat,</span> <span class='ocrx_word' id='word_1_225' title='bbox 1117 2258 1192 2317; x_wconf 90' lang='lat' dir='ltr'>qui</span> <span class='ocrx_word' id='word_1_226' title='bbox 1221 2257 1280 2301; x_wconf 87' lang='lat' dir='ltr'>ita</span> <span class='ocrx_word' id='word_1_227' title='bbox 1309 2264 1511 2317; x_wconf 85' lang='lat' dir='ltr'>agerent,</span> <span class='ocrx_word' id='word_1_228' title='bbox 1543 2264 1591 2302; x_wconf 90' lang='lat' dir='ltr'>ut</span> <span class='ocrx_word' id='word_1_229' title='bbox 1619 2271 1726 2317; x_wconf 81' lang='lat' dir='ltr'>qua-</span> 
     </span>
    </p>

    <p class='ocr_par' dir='ltr' id='par_1_12' title="bbox 44 2324 1725 2528">
     <span class='ocr_line' id='line_1_32' title="bbox 44 2324 1724 2387; baseline 0 -15"><span class='ocrx_word' id='word_1_230' title='bbox 44 2339 96 2372; x_wconf 75' lang='lat'>30</span> <span class='ocrx_word' id='word_1_231' title='bbox 117 2324 184 2387; x_wconf 80' lang='lat' dir='ltr'>les</span> <span class='ocrx_word' id='word_1_232' title='bbox 209 2325 356 2371; x_wconf 88' lang='lat' dir='ltr'>uideri</span> <span class='ocrx_word' id='word_1_233' title='bbox 384 2324 555 2371; x_wconf 85' lang='lat' dir='ltr'>uellent</span> <span class='ocrx_word' id='word_1_234' title='bbox 582 2326 694 2371; x_wconf 88' lang='lat' dir='ltr'>tales</span> <span class='ocrx_word' id='word_1_235' title='bbox 723 2326 856 2372; x_wconf 84' lang='lat' dir='ltr'>etiam</span> <span class='ocrx_word' id='word_1_236' title='bbox 885 2334 1051 2373; x_wconf 85' lang='lat' dir='ltr'>essent.</span> <span class='ocrx_word' id='word_1_237' title='bbox 1076 2354 1132 2360; x_wconf 91' lang='lat'>—-</span> <span class='ocrx_word' id='word_1_238' title='bbox 1156 2327 1274 2372; x_wconf 89' lang='lat' dir='ltr'>Idem</span> <span class='ocrx_word' id='word_1_239' title='bbox 1304 2328 1358 2373; x_wconf 90' lang='lat' dir='ltr'>ab</span> <span class='ocrx_word' id='word_1_240' title='bbox 1385 2327 1724 2374; x_wconf 88' lang='lat' dir='ltr'>adulescentulo</span> 
     </span>
     <span class='ocr_line' id='line_1_33' title="bbox 116 2396 1725 2455; baseline 0.001 -15"><span class='ocrx_word' id='word_1_241' title='bbox 116 2396 311 2455; x_wconf 85' lang='lat' dir='ltr'>quodam</span> <span class='ocrx_word' id='word_1_242' title='bbox 337 2396 600 2446; x_wconf 87' lang='lat' dir='ltr'>consultus,</span> <span class='ocrx_word' id='word_1_243' title='bbox 636 2403 788 2442; x_wconf 90' lang='lat' dir='ltr'>utrum</span> <span class='ocrx_word' id='word_1_244' title='bbox 826 2411 1010 2443; x_wconf 82' lang='lat' dir='ltr'>uxorem</span> <span class='ocrx_word' id='word_1_245' title='bbox 1048 2399 1235 2444; x_wconf 88' lang='lat' dir='ltr'>duceret</span> <span class='ocrx_word' id='word_1_246' title='bbox 1262 2412 1314 2442; x_wconf 86' lang='lat' dir='ltr'>an</span> <span class='ocrx_word' id='word_1_247' title='bbox 1346 2412 1394 2443; x_wconf 89' lang='lat' dir='ltr'>se</span> <span class='ocrx_word' id='word_1_248' title='bbox 1422 2399 1541 2443; x_wconf 89' lang='lat' dir='ltr'>omni</span> <span class='ocrx_word' id='word_1_249' title='bbox 1570 2397 1725 2443; x_wconf 88' lang='lat' dir='ltr'>matri-</span> 
     </span>
     <span class='ocr_line' id='line_1_34' title="bbox 117 2466 1723 2528; baseline 0.002 -19"><span class='ocrx_word' id='word_1_250' title='bbox 117 2466 269 2512; x_wconf 87' lang='lat' dir='ltr'>monio</span> <span class='ocrx_word' id='word_1_251' title='bbox 308 2466 582 2518; x_wconf 87' lang='lat' dir='ltr'>abstineret,</span> <span class='ocrx_word' id='word_1_252' title='bbox 620 2468 881 2528; x_wconf 84' lang='lat' dir='ltr'>respondit,</span> <span class='ocrx_word' id='word_1_253' title='bbox 921 2476 1072 2514; x_wconf 86' lang='lat' dir='ltr'>utrum</span> <span class='ocrx_word' id='word_1_254' title='bbox 1110 2482 1266 2514; x_wconf 85' lang='lat' dir='ltr'>eorum</span> <span class='ocrx_word' id='word_1_255' title='bbox 1295 2469 1480 2517; x_wconf 77' lang='lat' dir='ltr'>fecerit.</span> <span class='ocrx_word' id='word_1_256' title='bbox 1517 2474 1723 2514; x_wconf 90' lang='lat' dir='ltr'>acturum</span> 
     </span>
    </p>
   </div>
   <div class='ocr_carea' id='block_1_5' title="bbox 107 2586 1721 2982">
    <p class='ocr_par' dir='ltr' id='par_1_13' title="bbox 107 2586 1721 2914">
     <span class='ocr_line' id='line_1_35' title="bbox 227 2586 1721 2646; baseline -0.001 -15"><span class='ocrx_word' id='word_1_257' title='bbox 227 2592 253 2631; x_wconf 88' lang='lat'><strong>3</strong></span> <span class='ocrx_word' id='word_1_258' title='bbox 295 2590 576 2642; x_wconf 84' lang='lat' dir='ltr'>quia*idem*</span> <span class='ocrx_word' id='word_1_259' title='bbox 614 2590 660 2642; x_wconf 74' lang='lat' dir='ltr'>(fi</span> <span class='ocrx_word' id='word_1_260' title='bbox 686 2586 818 2643; x_wconf 63' lang='lat' dir='ltr'>eras.)</span> <span class='ocrx_word' id='word_1_261' title='bbox 843 2592 883 2631; x_wconf 86' lang='lat' dir='ltr'><em>B</em></span> <span class='ocrx_word' id='word_1_262' title='bbox 962 2594 986 2632; x_wconf 85' lang='lat'>5</span> <span class='ocrx_word' id='word_1_263' title='bbox 1029 2596 1344 2646; x_wconf 83' lang='lat' dir='ltr'>expeteremus</span> <span class='ocrx_word' id='word_1_264' title='bbox 1366 2591 1473 2632; x_wconf 78' lang='lat' dir='ltr'><strong><em>BP.-</em></strong></span> <span class='ocrx_word' id='word_1_265' title='bbox 1506 2593 1721 2643; x_wconf 81' lang='lat' dir='ltr'>expetere</span> 
     </span>
     <span class='ocr_line' id='line_1_36' title="bbox 108 2643 1717 2701; baseline 0 -16"><span class='ocrx_word' id='word_1_266' title='bbox 108 2647 216 2695; x_wconf 74' lang='lat' dir='ltr'>dett,</span> <span class='ocrx_word' id='word_1_267' title='bbox 249 2651 465 2699; x_wconf 87' lang='lat' dir='ltr'>expetere</span> <span class='ocrx_word' id='word_1_268' title='bbox 496 2649 665 2688; x_wconf 82' lang='lat' dir='ltr'>scimus</span> <span class='ocrx_word' id='word_1_269' title='bbox 694 2662 732 2687; x_wconf 89' lang='lat' dir='ltr'>m</span> <span class='ocrx_word' id='word_1_270' title='bbox 809 2649 833 2687; x_wconf 93' lang='lat'><strong>7</strong></span> <span class='ocrx_word' id='word_1_271' title='bbox 876 2651 953 2688; x_wconf 76' lang='lat' dir='ltr'>litt.</span> <span class='ocrx_word' id='word_1_272' title='bbox 985 2662 1024 2687; x_wconf 89' lang='lat' dir='ltr'>m</span> <span class='ocrx_word' id='word_1_273' title='bbox 1062 2649 1154 2688; x_wconf 86' lang='lat' dir='ltr'>late</span> <span class='ocrx_word' id='word_1_274' title='bbox 1175 2648 1299 2701; x_wconf 83' lang='lat' dir='ltr'>paB</span> <span class='ocrx_word' id='word_1_275' title='bbox 1319 2649 1362 2687; x_wconf 83' lang='lat' dir='ltr'>in</span> <span class='ocrx_word' id='word_1_276' title='bbox 1381 2661 1471 2689; x_wconf 81' lang='lat' dir='ltr'>ras.</span> <span class='ocrx_word' id='word_1_277' title='bbox 1552 2649 1578 2688; x_wconf 89' lang='lat'>9</span> <span class='ocrx_word' id='word_1_278' title='bbox 1619 2643 1717 2698; x_wconf 88' lang='lat' dir='ltr'>qui]</span> 
     </span>
     <span class='ocr_line' id='line_1_37' title="bbox 112 2698 1720 2758; baseline 0.001 -17"><span class='ocrx_word' id='word_1_279' title='bbox 112 2714 236 2754; x_wconf 86' lang='lat' dir='ltr'>quae</span> <span class='ocrx_word' id='word_1_280' title='bbox 263 2703 302 2742; x_wconf 89' lang='lat' dir='ltr'><em>B</em></span> <span class='ocrx_word' id='word_1_281' title='bbox 363 2706 413 2743; x_wconf 84' lang='lat'>12</span> <span class='ocrx_word' id='word_1_282' title='bbox 438 2705 645 2758; x_wconf 85' lang='lat' dir='ltr'>coniugis</span> <span class='ocrx_word' id='word_1_283' title='bbox 669 2699 728 2743; x_wconf 90' lang='lat' dir='ltr'>B&#39;</span> <span class='ocrx_word' id='word_1_284' title='bbox 777 2706 829 2743; x_wconf 87' lang='lat'>14</span> <span class='ocrx_word' id='word_1_285' title='bbox 852 2705 964 2744; x_wconf 87' lang='lat' dir='ltr'>furis</span> <span class='ocrx_word' id='word_1_286' title='bbox 988 2698 1042 2744; x_wconf 88' lang='lat' dir='ltr'>B&#39;</span> <span class='ocrx_word' id='word_1_287' title='bbox 1092 2706 1143 2745; x_wconf 87' lang='lat'>15</span> <span class='ocrx_word' id='word_1_288' title='bbox 1166 2705 1251 2744; x_wconf 87' lang='lat' dir='ltr'>mis</span> <span class='ocrx_word' id='word_1_289' title='bbox 1273 2704 1407 2744; x_wconf 86' lang='lat' dir='ltr'>rebus</span> <span class='ocrx_word' id='word_1_290' title='bbox 1428 2703 1605 2743; x_wconf 85' lang='lat' dir='ltr'>inhiare</span> <span class='ocrx_word' id='word_1_291' title='bbox 1626 2705 1720 2753; x_wconf 84' lang='lat' dir='ltr'>teq.</span> 
     </span>
     <span class='ocr_line' id='line_1_38' title="bbox 115 2755 1719 2810; baseline -0.001 -13"><span class='ocrx_word' id='word_1_292' title='bbox 115 2755 220 2802; x_wconf 62' lang='lat' dir='ltr'>toth</span> <span class='ocrx_word' id='word_1_293' title='bbox 245 2758 345 2810; x_wconf 76' lang='lat' dir='ltr'>(sic)</span> <span class='ocrx_word' id='word_1_294' title='bbox 380 2760 654 2801; x_wconf 83' lang='lat' dir='ltr'>caelestium</span> <span class='ocrx_word' id='word_1_295' title='bbox 675 2760 717 2800; x_wconf 91' lang='lat' dir='ltr'><em>B</em></span> <span class='ocrx_word' id='word_1_296' title='bbox 738 2762 782 2800; x_wconf 85' lang='lat' dir='ltr'>in</span> <span class='ocrx_word' id='word_1_297' title='bbox 802 2774 891 2801; x_wconf 77' lang='lat' dir='ltr'>ras.</span> <span class='ocrx_word' id='word_1_298' title='bbox 924 2763 989 2809; x_wconf 88' lang='lat' dir='ltr'>(et</span> <span class='ocrx_word' id='word_1_299' title='bbox 1010 2764 1054 2801; x_wconf 86' lang='lat' dir='ltr'>te</span> <span class='ocrx_word' id='word_1_300' title='bbox 1079 2764 1221 2801; x_wconf 87' lang='lat' dir='ltr'>totam</span> <span class='ocrx_word' id='word_1_301' title='bbox 1243 2762 1325 2800; x_wconf 86' lang='lat' dir='ltr'>iam</span> <span class='ocrx_word' id='word_1_302' title='bbox 1345 2761 1471 2800; x_wconf 78' lang='lat' dir='ltr'>habet</span> <span class='ocrx_word' id='word_1_303' title='bbox 1491 2760 1557 2799; x_wconf 86' lang='lat' dir='ltr'>ed.</span> <span class='ocrx_word' id='word_1_304' title='bbox 1582 2758 1719 2810; x_wconf 71' lang='lat' dir='ltr'>Moy.)</span> 
     </span>
     <span class='ocr_line' id='line_1_39' title="bbox 117 2815 1717 2868; baseline 0 -14"><span class='ocrx_word' id='word_1_305' title='bbox 117 2816 174 2855; x_wconf 64' lang='lat' dir='ltr'>fl</span> <span class='ocrx_word' id='word_1_306' title='bbox 207 2815 445 2868; x_wconf 80' lang='lat' dir='ltr'>aptissime</span> <span class='ocrx_word' id='word_1_307' title='bbox 491 2815 613 2866; x_wconf 81' lang='lat' dir='ltr'>(add.</span> <span class='ocrx_word' id='word_1_308' title='bbox 653 2830 680 2857; x_wconf 88' lang='lat' dir='ltr'>a</span> <span class='ocrx_word' id='word_1_309' title='bbox 713 2830 846 2868; x_wconf 75' lang='lat' dir='ltr'>super</span> <span class='ocrx_word' id='word_1_310' title='bbox 883 2815 927 2868; x_wconf 88' lang='lat' dir='ltr'>e)</span> <span class='ocrx_word' id='word_1_311' title='bbox 958 2817 999 2856; x_wconf 90' lang='lat' dir='ltr'><em>B</em></span> <span class='ocrx_word' id='word_1_312' title='bbox 1080 2819 1131 2857; x_wconf 84' lang='lat'>19</span> <span class='ocrx_word' id='word_1_313' title='bbox 1171 2816 1216 2855; x_wconf 87' lang='lat' dir='ltr'>id</span> <span class='ocrx_word' id='word_1_314' title='bbox 1251 2816 1317 2856; x_wconf 85' lang='lat' dir='ltr'>B.-</span> <span class='ocrx_word' id='word_1_315' title='bbox 1349 2817 1416 2856; x_wconf 83' lang='lat' dir='ltr'>ita</span> <span class='ocrx_word' id='word_1_316' title='bbox 1451 2816 1493 2855; x_wconf 92' lang='lat' dir='ltr'><em>P</em></span> <span class='ocrx_word' id='word_1_317' title='bbox 1564 2815 1618 2854; x_wconf 88' lang='grc'>23</span> <span class='ocrx_word' id='word_1_318' title='bbox 1661 2815 1717 2854; x_wconf 87' lang='lat' dir='ltr'>ab</span> 
     </span>
     <span class='ocr_line' id='line_1_40' title="bbox 107 2871 1058 2914; baseline 0.002 -3"><span class='ocrx_word' id='word_1_319' title='bbox 107 2871 407 2912; x_wconf 82' lang='lat' dir='ltr'>ulescentulo</span> <span class='ocrx_word' id='word_1_320' title='bbox 428 2872 471 2912; x_wconf 90' lang='lat' dir='ltr'><em>B</em></span> <span class='ocrx_word' id='word_1_321' title='bbox 529 2875 584 2912; x_wconf 86' lang='grc'>24</span> <span class='ocrx_word' id='word_1_322' title='bbox 605 2873 726 2914; x_wconf 91' lang='lat' dir='ltr'>omni</span> <span class='ocrx_word' id='word_1_323' title='bbox 747 2874 809 2913; x_wconf 90' lang='lat' dir='ltr'>P:</span> <span class='ocrx_word' id='word_1_324' title='bbox 842 2871 996 2913; x_wconf 82' lang='lat' dir='ltr'>omniii</span> <span class='ocrx_word' id='word_1_325' title='bbox 1016 2873 1058 2913; x_wconf 89' lang='lat' dir='ltr'><em>B</em></span> 
     </span>
    </p>

    <p class='ocr_par' dir='ltr' id='par_1_14' title="bbox 228 2922 1088 2982">
     <span class='ocr_line' id='line_1_41' title="bbox 228 2922 1088 2982; baseline 0 -14"><span class='ocrx_word' id='word_1_326' title='bbox 228 2930 282 2968; x_wconf 84' lang='grc'>29</span> <span class='ocrx_word' id='word_1_327' title='bbox 303 2925 391 2982; x_wconf 85' lang='lat' dir='ltr'>ita]</span> <span class='ocrx_word' id='word_1_328' title='bbox 416 2930 531 2968; x_wconf 81' lang='lat' dir='ltr'>immo</span> <span class='ocrx_word' id='word_1_329' title='bbox 556 2929 600 2968; x_wconf 87' lang='lat' dir='ltr'>id</span> <span class='ocrx_word' id='word_1_330' title='bbox 667 2931 720 2970; x_wconf 86' lang='grc'>32</span> <span class='ocrx_word' id='word_1_331' title='bbox 744 2942 897 2969; x_wconf 87' lang='lat' dir='ltr'>eorum</span> <span class='ocrx_word' id='word_1_332' title='bbox 920 2943 996 2972; x_wconf 88' lang='lat' dir='ltr'>om.</span> <span class='ocrx_word' id='word_1_333' title='bbox 1028 2922 1088 2968; x_wconf 91' lang='lat' dir='ltr'>V&#39;</span> 
     </span>
    </p>
   </div>
  </div>
 </body>
</html>
