1936 3120
277 129 383 181 444
948 133 1048 179 Lm.
1088 133 1213 183 vnn.
1238 109 1247 113 s

389 243 436 292 1.
477 240 613 292 Cum
650 240 913 292 aduersus
950 239 1359 294 Hasdrubalem
1393 241 1586 294 Liuius
1614 241 1886 298 Salinator

278 310 481 363 bellum
528 317 782 379 gesturus
832 311 968 363 urbe
1005 307 1382 381 egrederetur,
1426 321 1680 366 monente
1711 313 1884 381 Fabio

277 381 522 433 Maximo
548 399 616 432 ne
642 390 769 434 ante
797 380 1150 434 descenderet
1175 383 1232 433 in
1259 382 1431 434 aciem
1457 401 1620 453 quam
1643 382 1882 437 hostium

277 451 421 503 uires
445 451 791 522 animumque
813 460 1115 521 cognosset,
1143 453 1377 522 primam
1398 454 1735 507 occasionem
1753 473 1884 525 pug-

236 538 255 570 5
278 521 447 574 nandi
481 539 589 573 non
626 522 954 575 omissurum
982 541 1039 575 se
1066 523 1374 593 respondit,
1410 523 1885 596 interrogatusque

278 592 347 644 ab
376 593 564 645 eodem
591 592 720 663 quid
746 593 823 644 ita
848 600 962 644 tam
989 593 1316 646 festinanter
1350 612 1573 646 manum
1596 606 1884 648 vconserere

276 662 460 730 uellet,
492 668 568 714 ‘ut
595 682 756 733 quam
785 662 1078 715 celerrime'
1106 664 1285 734 inquit
1311 671 1427 718 ‘aut
1451 663 1679 733 gloriam
1702 684 1771 718 ex
1789 666 1882 719 ho-

279 733 455 786 stibus
502 742 596 785 aut
634 752 703 786 ex
742 734 953 787 ciuibus
997 735 1284 804 prostratis
1329 735 1588 803 gaudium
1632 737 1882 806 capiam'.

278 805 360 856 ira
386 812 514 857 tunc
542 813 596 856 et
620 804 795 856 uirtus
826 823 1126 858 sermonem
1165 805 1277 857 eius
1304 804 1447 857 inter
1475 823 1530 857 se
1558 805 1885 873 diuiserunt,

212 894 253 925 10
277 873 371 927 illa
398 875 634 927 iniustae
662 875 1025 928 damnationis
1054 894 1285 940 memor,
1325 874 1750 947 haec-triumphi
1774 877 1883 946 glo-

275 946 389 998 riae
415 945 642 998 intenta.
698 945 795 998 sed
820 947 1004 999 nescio
1034 964 1105 998 an
1132 945 1376 998 eiusdem
1397 945 1564 999 fuerit
1581 945 1683 1000 hoc
1709 947 1886 1000 dicere

278 1024 333 1068 et
361 1016 437 1068 sic
464 1018 701 1069 uincere.

384 1114 434 1166 2.
475 1114 736 1168 Ardentis
784 1115 1007 1186 spiritus
1051 1117 1232 1167 uirum
1277 1124 1330 1168 et
1371 1114 1583 1169 bellicis
1628 1116 1882 1187 operibus

277 1185 566 1248 adsuetum
609 1186 715 1238 huc
754 1185 1068 1238 iracundiae
1113 1187 1319 1238 stimuli
1364 1195 1613 1255 egerunt:
1681 1186 1883 1239 Gaium

212 1272 252 1305 15
277 1265 457 1309 autem
482 1257 738 1325 Figulum
764 1257 1294 1324 mansuetissimum,
1322 1266 1515 1327 pacato
1542 1257 1677 1309 iuris
1704 1256 1883 1309 ciuilis

275 1327 476 1380 iudicio
521 1327 965 1393 celeberrimum,
1016 1327 1342 1397 prudentiae
1385 1326 1881 1398 moderationisque

274 1398 627 1450 inmemorem
653 1397 1026 1450 reddiderunt.
1105 1397 1415 1450 consulatus
1457 1397 1598 1449 enim
1634 1396 1884 1468 repulsae

276 1467 463 1521 dolore
500 1486 788 1534 accensuS,
827 1486 888 1520 eo
927 1467 1146 1538 quidem
1181 1468 1390 1536 magis,
1429 1467 1574 1538 quod
1609 1467 1761 1519 illum
1795 1468 1881 1521 bis

274 1539 419 1609 patri
446 1556 542 1590 suo
572 1538 758 1590 datum
785 1538 1123 1604 meminerat,
1152 1557 1273 1590 cum
1300 1538 1370 1590 ad
1405 1556 1530 1590 eum
1555 1546 1771 1608 postero
1801 1556 1887 1590 co-

211 1625 253 1657 20
275 1610 555 1662 mitiorum
582 1609 668 1661 die
695 1608 853 1661 multi
880 1607 1199 1661 consulendi
1227 1627 1392 1661 causa
1430 1608 1737 1675 uenissent,
1776 1626 1883 1660 om—

275 1698 368 1732 nes
397 1679 622 1747 dimisit,
650 1678 929 1749 praefatus
959 1685 1048 1730 ‘an
1073 1698 1171 1731 uos
1202 1677 1480 1732 consulere
1503 1679 1670 1745 scitis,
1698 1697 1885 1732 consu-

275 1750 381 1803 lem
408 1751 590 1803 facere
616 1750 913 1803 nescitis?'
967 1750 1173 1804 dictum
1199 1749 1442 1819 grauiter
1467 1758 1522 1802 et
1547 1750 1759 1816 merito,
1787 1748 1886 1801 sed

163 1919 251 1953 l’ar.
383 1912 477 1957 DE
510 1912 627 1957 IRA
665 1912 806 1957 AVT
839 1910 1006 1957 ODIO.
1087 1914 1125 1955 1.
1167 1911 1275 1956 Cum
1314 1911 1530 1956 aduersus
1561 1910 1884 1956 Hasdrubalem

273 1983 429 2028 Liuius
458 1982 688 2028 Salinator
714 1984 880 2027 missus
909 1989 1051 2031 esset,
1079 1981 1217 2026 Fabio
1245 1988 1456 2026 monente
1483 1995 1539 2026 ne
1569 1989 1734 2027 temere
1762 1994 1887 2026 com·

212 2062 253 2095 25
278 2055 479 2099 mitteret
514 2055 675 2103 aciem,
714 2052 950 2113 respondit
984 2053 1178 2112 primam
1205 2065 1253 2096 se
1278 2051 1560 2097 occasionem
1586 2065 1763 2111 pugnae
1789 2064 1881 2095 non

275 2125 575 2174 omissurum,
614 2124 1034 2183 interrogatusque,
1073 2122 1178 2182 quid
1204 2121 1265 2166 ita
1291 2129 1380 2166 tam
1409 2122 1679 2166 festinanter
1703 2134 1885 2166 manum

273 2207 515 2240 conserere
542 2194 705 2244 uellet,
744 2190 814 2238 ‘ut
841 2207 974 2252 quam
1002 2191 1256 2237 celerrime'
1296 2191 1445 2252 inquit
1483 2190 1579 2238 eaut
1615 2190 1806 2251 gloriam
1833 2204 1885 2235 ex

274 2264 486 2310 hostibus
526 2266 663 2310 uictis
708 2271 786 2309 aut
821 2277 872 2308 ex
909 2262 1085 2309 ciuibus
1130 2264 1372 2322 prostratis
1416 2263 1627 2321 gaudium
1671 2261 1882 2322 capiam'.

274 2337 589 2394 miscuitssunc
610 2336 675 2380 ira
699 2336 931 2384 uirtutem,
960 2334 1213 2394 repetentis
1242 2341 1288 2378 et
1318 2334 1530 2379 iniustam
1554 2333 1884 2378 damnationem

208 2415 250 2448 30
275 2414 319 2452 et
355 2407 574 2466 triumphi
612 2406 800 2465 gloriam
838 2405 1111 2464 quaerentis
1196 2408 1238 2449 2.
1287 2402 1331 2448 C.
1369 2404 1558 2462 Figulus
1598 2402 1881 2450 consulatum

198 2526 207 2530 „
274 2491 365 2523 non
393 2477 606 2537 adeptus,
649 2491 751 2522 cum
778 2476 832 2521 ad
860 2488 960 2520 eum
988 2482 1174 2535 postero
1203 2475 1272 2520 die
1299 2474 1564 2519 consulendi
1592 2470 1724 2520 causa
1750 2471 1880 2518 multi

273 2549 523 2598 uenissent,
555 2547 725 2592 dimisit
751 2546 817 2592 sic
842 2546 1100 2606 praefatus:
1141 2546 1217 2590 ‘an
1238 2559 1322 2591 uos
1343 2543 1584 2591 consulere
1607 2545 1749 2594 scitis,
1772 2556 1880 2589 con-

389 2715 410 2752 1
433 2714 572 2754 libius
593 2713 636 2753 B
712 2714 740 2753 4
769 2714 1031 2753 ocasionem
1051 2733 1107 2739 —
1130 2712 1375 2752 omisurum
1395 2710 1439 2751 B
1516 2712 1542 2752 9
1572 2712 1617 2751 et
1644 2708 1768 2749 Vat..·
1801 2710 1882 2746 aut

272 2769 327 2818 B,
354 2773 446 2821 atq.
470 2770 493 2809 b
533 2767 551 2823 Η
593 2769 788 2810 diuisere
818 2770 916 2809 Vat.
1000 2770 1049 2808 11
1074 2780 1132 2808 an
1157 2767 1221 2807 B:
1252 2773 1401 2807 utrum
1430 2767 1530 2807 Vat.
1613 2766 1665 2805 14
1693 2764 1815 2804 hunc
1838 2763 1880 2802 B

275 2828 324 2867 17
348 2824 473 2866 coxis.
498 2826 540 2865 B
621 2828 673 2867 19
697 2826 992 2866 comiciorum
1014 2824 1112 2866 die*
1134 2823 1176 2863 B
1255 2826 1307 2864 21
1333 2836 1392 2864 an
1413 2836 1495 2864 uos
1516 2823 1557 2863 P
1575 2822 1678 2862 etin
1699 2833 1785 2860 ras.
1811 2819 1882 2860 B:

277 2895 438 2980 Omngg
459 2884 665 2992 iigptentis
694 2940 744 2987 V,
769 2952 841 2979 em.
865 2939 962 2979 *Mai
1025 2939 1078 2979 32
1100 2937 1276 2978 dimisit
1297 2949 1374 2978 om.
1403 2935 1443 2976 V
