1936 3120
33 58 35 62 ι
280 38 281 42 ,
412 42 420 45 e
514 42 515 46 ,
893 56 895 58 q
928 42 931 47 >
1000 39 1050 59 μμ,
1104 37 1147 56 τῃ.
1162 40 1201 62 :4⁴ss
1217 39 1344 71 nime»
1405 44 1437 61 fr„
1466 55 1467 58 ,

245 140 350 195 512
765 147 1058 194 naporum
1089 122 1329 195 ΕΡΙΤΟΜΑ
1488 109 1489 112 ¹
1555 110 1576 127 ³

249 259 439 320 amplexi
479 260 708 305 dexteram
743 259 967 320 Scipionis
1006 260 1174 308 osculis
1214 262 1483 322 coluerunt,
1526 278 1578 311 ac
1621 265 1848 328 reliquere

245 331 361 376 dona
388 337 616 390 tamquam
642 330 726 376 deo
759 331 903 376 dicata
939 338 983 376 et
1010 331 1115 377 laeti
1142 332 1225 378 hac
1258 333 1535 380 beatitudine
1569 349 1695 382 suam
1733 339 1847 385 clas·

248 414 341 446 sem
369 401 744 446 conscenderunt.

74 647 234 680 vam-m
618 578 748 631 XX·
802 579 897 632 De
934 578 1163 632 indole
1201 581 1467 652 puerili.

140 689 225 738 1,2
354 684 393 727 1.
433 682 553 727 Idem
589 682 695 728 Cato
736 697 836 728 cum
874 684 1232 744 proscriptorum
1269 687 1435 732 ciuium
1469 689 1614 748 capita
1650 689 1695 734 in
1731 690 1845 735 atrio
1868 703 1889 735 5

245 750 394 798 Sullae
430 753 628 804 uideret,
665 754 970 814 interrogauit
1008 753 1313 815 Sarpedonem
1351 772 1484 803 suum
1518 759 1844 819 paedagogum,

247 837 327 868 cur
354 829 441 868 tam
471 830 707 869 cruentum
738 831 976 884 tyrannum
1013 825 1165 871 nullus
1208 827 1451 874 occideret.
1512 829 1746 890 respondit
1772 829 1847 875 de-

245 908 346 940 esse
372 893 634 939 uolentibus
672 895 949 942 facultatem.
1025 895 1118 940 dari
1155 896 1239 942 sibi
1267 897 1374 944 Cato
1413 898 1582 944 ferrum
1609 915 1633 944 a
1658 901 1846 961 proprio

243 964 519 1026 pedissequo
554 967 789 1025 poposcit,
837 980 890 1011 eo
933 965 1051 1026 quod
1090 967 1237 1012 timeri
1282 969 1336 1013 ad
1370 969 1482 1015 haec
1519 970 1720 1015 audenda
1754 984 1845 1016 non

243 1041 414 1095 posset.
490 1043 648 1095 postea
697 1037 990 1097 paedagogus
1039 1050 1285 1097 numquam
1329 1040 1576 1085 intromisit
1617 1039 1842 1092 Catonem,
1870 1056 1910 1087 10

247 1106 355 1166 quin
381 1105 508 1166 prius
538 1107 685 1152 sinum
714 1108 812 1152 eius
838 1114 1218 1167 perscrutaretur.

134 1178 173 1226 1,
198 1178 223 1217 3
352 1180 392 1220 2.
431 1176 625 1222 Faustus
666 1177 783 1223 filius
813 1177 963 1223 Sullae
1001 1179 1046 1222 in
1074 1178 1228 1224 schola
1256 1180 1426 1240 degens
1452 1187 1624 1241 patrem
1650 1183 1849 1242 proscri-

245 1246 427 1292 bentem
454 1255 610 1307 aperta
637 1262 769 1309 saepe
796 1263 909 1294 uoce
935 1248 1169 1300 laudabat,
1208 1250 1362 1296 dicens
1389 1251 1505 1296 idem
1533 1266 1582 1297 se
1607 1251 1845 1302 facturum,

245 1331 346 1362 cum
372 1320 547 1378 potitus
574 1332 725 1364 rerum
751 1319 927 1364 fuisset.
980 1319 1104 1363 audit
1131 1319 1181 1363 G.
1210 1320 1388 1366 Cassius
1416 1322 1772 1382 condiscipulum
1801 1330 1846 1367 et

243 1388 434 1448 colapho
455 1388 573 1433 serit.
623 1404 648 1434 o
677 1404 853 1434 manum
880 1391 965 1434 iam
992 1390 1336 1448 tyrannicidam!
1870 1404 1908 1436 15

133 1459 219 1507 1,1
349 1461 388 1502 3.
429 1459 647 1504 Aemilius
686 1459 881 1519 Lepidus
918 1461 991 1504 uix
1033 1459 1177 1518 pubes
1222 1461 1268 1504 in
1312 1462 1406 1506 acie
1445 1461 1622 1507 hostem
1665 1463 1843 1512 strauit,

243 1535 339 1573 tum
367 1542 467 1573 cum
493 1543 567 1574 res
595 1529 803 1575 militaris
831 1530 928 1575 sola
954 1530 1075 1574 laudi
1105 1537 1223 1580 erat,
1262 1538 1307 1576 et
1342 1532 1486 1576 ciuem
1523 1533 1735 1591 protexit.
1787 1531 1844 1577 ob

245 1612 359 1659 quae
385 1600 543 1645 merita
571 1614 623 1645 ex
649 1607 831 1645 senatus
869 1600 1079 1646 consulto
1117 1607 1265 1646 statua
1301 1603 1396 1646 eius
1423 1602 1572 1662 posita
1600 1608 1670 1647 est
1695 1603 1741 1647 in
1767 1602 1846 1648 Ca-

243 1669 405 1729 pitolio
434 1683 533 1715 cum
559 1669 681 1716 bulla
709 1677 844 1731 atque
870 1677 1115 1731 praetexta.

661 1848 824 1900 XXI.
863 1849 958 1901 De
996 1850 1425 1903 fortitudine.
1866 1867 1908 1898 20

131 1961 219 2011 2,1
350 1954 387 1997 1.
427 1952 639 1998 Horatius
675 1953 856 2003 Cocles,
901 1969 999 1999 cum
1035 1955 1211 2000 Etrusci
1247 1956 1291 1999 in
1322 1955 1480 2015 urbem
1514 1955 1698 2001 Romam
1734 1956 1846 2000 insi·

245 2028 419 2067 stenter
461 2024 686 2068 irruerent
732 2038 813 2084 per
852 2032 1037 2084 pontem
1081 2025 1321 2070 sublicium
1357 2025 1556 2077 Tiberis,
1601 2027 1647 2071 in
1689 2027 1843 2086 pontis

244 2093 395 2138 fronte
421 2093 544 2139 hosti
573 2094 753 2139 obstitit
779 2095 927 2146 solus,
965 2096 1110 2141 donec
1146 2096 1268 2155 quod
1292 2109 1411 2155 pone
1439 2109 1487 2140 se
1515 2102 1611 2141 erat
1645 2095 1844 2142 diruere-

244 2171 332 2209 tur.
383 2163 580 2224 denique
607 2165 755 2210 soluta
783 2178 999 2225 compage
1027 2180 1108 2225 per
1135 2167 1272 2216 ciues,
1302 2164 1377 2210 uhi
1407 2167 1580 2225 accepit
1602 2165 1842 2226 fragorem,

246 2248 345 2279 cum
373 2235 507 2279 armis
534 2248 582 2279 se
610 2236 654 2279 in
672 2234 867 2279 Tiberim
894 2236 1029 2286 dedit,
1059 2250 1110 2281 ac
1134 2237 1304 2295 pariter
1330 2242 1375 2280 et
1401 2235 1601 2281 hostium
1627 2237 1777 2282 uictor
1797 2242 1840 2282 et
1863 2245 1906 2277 25

246 2305 441 2350 fluminis
468 2305 724 2365 superiecta
749 2305 1042 2351 Etruscorum
1069 2306 1157 2351 tela
1186 2307 1364 2351 uitauit.

132 2385 173 2433 2,
197 2383 221 2422 2
348 2379 387 2420 2.
429 2375 595 2421 Cloelia
641 2377 772 2435 uirgo
819 2376 936 2421 haud
971 2377 1202 2422 dissimilis
1237 2377 1343 2422 sacti
1379 2383 1424 2422 et
1459 2378 1658 2422 uirtutis.
1733 2377 1844 2422 haec

243 2452 350 2506 post
376 2447 586 2506 exiguum
623 2448 842 2507 temporis
881 2447 1172 2493 interuallum
1207 2460 1288 2507 per
1314 2447 1502 2492 eundem
1530 2447 1709 2493 alueum
1735 2461 1843 2508 rup-

245 2517 304 2561 tis
340 2516 536 2562 uinculis
573 2516 810 2563 innatauit.
875 2518 1008 2563 obses
1047 2519 1214 2578 quippe
1250 2517 1506 2563 Porsennae
1542 2517 1642 2563 data
1679 2517 1842 2578 uigiles

358 2669 383 2708 2
424 2667 512 2708 hac
541 2669 609 2708 Du
637 2668 765 2708 Rieu:
798 2681 853 2708 ac
886 2669 920 2709 C
994 2670 1019 2708 5
1059 2667 1201 2721 Idem]
1230 2669 1446 2709 intercidit
1473 2670 1703 2720 ecc-emplum
1732 2667 1844 2721 quod

247 2725 363 2777 apud
388 2725 600 2764 Valerium
617 2726 846 2778 praecedit
903 2726 952 2764 11
978 2726 1053 2777 qui
1074 2726 1199 2777 prius
1226 2726 1259 2766 C
1315 2726 1367 2764 14
1389 2737 1488 2764 cum
1511 2728 1674 2777 pontus
1700 2723 1734 2764 0
1788 2723 1839 2762 19

243 2779 501 2834 praetexta]
525 2781 726 2834 pretexit
750 2781 782 2821 C
836 2782 887 2820 21
913 2782 1048 2822 codes
1074 2781 1107 2821 0
1141 2778 1160 2835 Η
1199 2783 1374 2822 romani
1396 2781 1430 2821 G
1485 2782 1537 2820 22
1558 2779 1840 2820 subsilicium

246 2837 420 2877 tiberus
446 2837 479 2878 0
553 2840 606 2879 23
646 2851 762 2890 pone
785 2850 833 2878 se
858 2835 930 2888 (an
953 2850 1052 2878 eum
1073 2838 1110 2887 52)
1136 2839 1298 2878 Christ:
1321 2838 1451 2878 leone
1475 2837 1516 2884 0,
1539 2839 1645 2889 post
1663 2838 1841 2888 tergum

248 2893 346 2933 Mai
390 2895 443 2935 27
465 2891 602 2948 haec]
626 2894 759 2934 huice
784 2894 817 2934 0
854 2895 908 2935 28
929 2895 1073 2947 raptis
1094 2894 1292 2935 uinculis
1314 2892 1558 2934 innotauit.
1580 2891 1713 2933 obses
1736 2891 1844 2943 quid

244 2962 468 3003 persenne
493 2950 527 2990 C
