1878 3132
186 152 254 203 64
445 135 448 138 ’
893 153 991 196 113.
1032 152 1079 195 11.

186 263 302 314 fieri
341 262 589 324 noluisti,
627 258 815 322 credo,
852 275 919 308 ne
957 256 1263 325 alienigena
1298 256 1503 325 ingenii
1529 257 1792 310 exercita·

186 334 332 384 tione
359 332 526 401 patrii
552 330 687 379 ritus
717 346 867 382 serus
897 327 1185 395 transfuga
1213 327 1494 378 existeres
1523 328 1641 397 quis
1663 345 1790 396 ergo

184 402 308 453 huic
337 397 733 463 consuetudini,
763 415 870 467 qua
895 416 1037 449 nunc
1061 397 1286 454 Graecis
1308 397 1612 450 actionibus
1634 415 1791 449 aures

186 471 366 523 curiae
406 468 795 531 exsurdantur,
850 468 1070 519 ianuam
1159 467 1417 520 atefecit‘?
1478 475 1538 519 ut
1580 468 1793 538 opinor,

143 560 160 599 ,ιη
184 541 328 593 Molo
372 539 581 605 rhetor,
635 538 727 615 qui
772 538 955 589 studia
998 537 1072 588 M.
1162 538 1393 591 iceronis
1445 540 1614 590 acuit:
1668 556 1791 590 eum

121 911 158 937 h·

182 629 410 680 namque
461 617 585 660 ante
630 626 815 660 omnes
862 615 1171 659 exterarum
1213 608 1455 677 gentium
1496 609 1552 660 in
1597 617 1792 662 senatu

183 683 297 733 sine
325 683 614 750 interprete
642 679 889 730 auditum
927 686 1158 731 constat.
1210 696 1368 749 quem
1396 678 1655 732 honorem.
1681 698 1789 732 non

182 752 430 803 inmerito
458 750 617 820 oepit,
657 749 912 818 quoniam
939 767 1208 800 summam
1233 750 1346 800 uim
1373 749 1654 800 Romanae
1680 749 1790 801 elo-

183 822 431 892 quentiae
475 821 775 871 adiuuerat.
832 819 1164 889 conspicuae
1214 819 1498 871 felicitatis
1549 820 1789 889 Arpinas

183 892 552 961 municipium,
593 891 706 941 siue
741 889 1047 941 litterarum
1074 890 1528 957 gloriosissimum
1554 898 1790 957 contem-

180 972 390 1031 ptorem
419 962 532 1012 siue
560 959 1093 1012 abundantissimum
1119 961 1326 1012 fontem
1354 961 1553 1011 intueri
1578 960 1734 1012 uelis.
1785 993 1787 995 ·
1840 974 1857 987 ⁴

285 1046 334 1097 4.
375 1045 619 1096 Maxima
659 1051 841 1095 autem
886 1043 1174 1112 diligentia
1216 1044 1449 1095 maiores
1493 1043 1636 1096 hunc
1677 1062 1790 1097 mo»

182 1136 296 1168 rem
322 1117 683 1180 retinuerunt,
720 1133 787 1166 ne
824 1115 944 1184 quis
973 1133 1029 1165 36
1057 1115 1198 1166 inter
1225 1114 1502 1167 consulem
1529 1121 1582 1166 et
1606 1115 1790 1184 proxi-

179 1205 326 1237 mum
364 1187 634 1251 lictorem,
673 1185 921 1255 quamuis
959 1183 1127 1236 officii
1163 1203 1327 1236 causa
1347 1203 1470 1236 una
1495 1185 1787 1254 progrede-

141 1274 158 1300 r.
183 1266 351 1321 retur,
390 1257 777 1325 interponeret.
842 1254 954 1307 filio
993 1254 1280 1307 dumtaxat
1305 1263 1358 1307 et
1385 1255 1433 1306 ei
1459 1272 1628 1324 puero
1661 1263 1788 1306 ante

180 1337 389 1397 patrem
415 1325 698 1395 consulem
719 1322 1038 1378 ambulandi
1064 1326 1146 1376 ius
1186 1333 1319 1377 erat.
1406 1345 1461 1376 111
1497 1343 1612 1377 mos
1651 1323 1786 1377 adeo

177 1398 529 1467 pertinaciter
550 1404 793 1448 retentus
815 1403 914 1462 est,
941 1403 1002 1447 ut
1023 1396 1089 1462 Ω.
1111 1396 1316 1448 Fabius
1335 1344 1612 1447 Bilaximus
1636 1396 1787 1466 quin—

179 1469 328 1538 quies
358 1466 566 1531 consul,
609 1469 694 1518 uir
721 1475 775 1519 et
799 1467 910 1518 iam
936 1467 1148 1536 pridem
1177 1485 1419 1518 summae
1445 1466 1786 1518 auctoritatis

180 1548 232 1590 et
270 1547 396 1589 tunc
429 1538 652 1590 ultimae
692 1537 1014 1603 senectutis,
1053 1555 1084 1587 a
1119 1536 1230 1588 filio
1271 1535 1489 1588 consule
1523 1536 1786 1587 inuitatus

116 1626 155 1652 τυ
179 1616 238 1660 ut
264 1609 404 1659 inter
431 1627 486 1659 se
514 1616 567 1660 et
593 1608 841 1661 lictorem
876 1606 1223 1677 procederet,
1260 1626 1327 1658 ne
1361 1606 1600 1659 hostium
1636 1605 1787 1658 Sam-

179 1679 371 1730 nitium
397 1679 584 1744 turba,
624 1681 686 1730 ad
723 1696 951 1749 quorum
989 1677 1336 1747 conloquium
1363 1675 1785 1742 descendebant,
1859 1727 1874 1738 χ

180 1748 487 1814 elideretur,
516 1749 696 1802 facere
723 1748 781 1800 id
806 1748 1061 1800 noluerit.

283 1818 437 1870 Idem
464 1839 494 1870 a
522 1828 716 1871 senatu
751 1818 963 1888 legatus
1002 1818 1071 1870 ad
1107 1817 1279 1868 filium
1314 1816 1591 1869 consulem
1626 1815 1786 1868 Sues-

180 1907 294 1940 sam
319 1891 515 1941 missus
523 1930 535 1955 ,
568 1898 857 1960 postquam
884 1888 1273 1940 animaduertit
1299 1904 1418 1939 eum
1447 1887 1514 1939 ad
1542 1886 1785 1938 officium

115 1974 154 2003 25»
180 1978 334 2009 suum
376 1969 532 2012 extra
575 1979 790 2021 moenia
835 1959 1021 2028 oppidi
1056 1957 1414 2028 processisse,
1467 1956 1784 2024 indignatus

89 2114 154 2144 ’mu
184 2112 341 2149 senatu
378 2106 470 2151 sine
507 2109 754 2166 interprete
790 2105 970 2151 auditus
1006 2111 1086 2148 est.
1147 2107 1185 2148 4.
1226 2103 1415 2155 Maiores
1456 2103 1576 2147 hunc
1611 2115 1813 2174 morem—

179 2176 366 2219 maxime
406 2178 670 2227 seruabant,
708 2190 764 2221 ne
792 2177 893 2236 quis
929 2176 1047 2219 inter
1073 2172 1303 2219 consulem
1336 2181 1380 2218 61
1408 2173 1616 2218 lictorem
1644 2187 1692 2218 se
1719 2172 1785 2216 in-

181 2251 453 2303 terponeret.
514 2250 666 2308 itaque
703 2245 751 2302 Q.
781 2245 945 2291 Fabius
983 2244 1195 2289 Maximus
1236 2244 1307 2288 uir
1340 2242 1591 2288 consularis
1628 2258 1650 2288 a
1689 2241 1781 2287 filio
1844 2295 1853 2302 ι

180 2328 270 2358 603.
309 2317 549 2367 inuitatus,
588 2325 638 2362 ut
675 2319 794 2362 inter
831 2331 878 2361 se
915 2323 960 2360 61
984 2315 1189 2359 lictorem
1217 2314 1505 2374 procederet,
1542 2326 1602 2357 ne
1627 2313 1781 2358 hostili

115 2394 121 2418 ἑ
151 2399 156 2417 ι
183 2383 446 2430 Samnitium
475 2388 627 2438 turba,
665 2388 718 2432 ad
746 2401 942 2447 quorum
969 2383 1262 2443 conloquium
1291 2380 1608 2432 descenderat,
1647 2381 1782 2428 elide·
1820 2384 1856 2401 “’

180 2462 322 2505 161111,
350 2456 494 2500 facere
522 2458 683 2502 noluit.
716 2483 776 2489 —-
817 2457 935 2501 Idem
965 2455 1018 2500 ab
1045 2461 1204 2499 senatu
1234 2454 1284 2499 ad
1315 2453 1453 2499 filium
1482 2467 1575 2498 cos.
1602 2452 1782 2513 legatus

176 2526 341 2570 missus
378 2522 584 2572 Suessam
620 2527 866 2572 Pometiam
904 2526 1164 2584 indignatus
1199 2531 1290 2575 est,
1331 2524 1452 2584 quod
1477 2536 1609 2568 nemo
1647 2536 1695 2568 36
1731 2536 1784 2567 ex

290 2662 314 2698 2
354 2673 511 2702 seruus
549 2664 792 2717 transfuga
833 2664 1054 2704 existeret
1081 2663 1139 2708 B,
1180 2675 1255 2703 em.
1284 2661 1459 2713 Lipsius
1525 2661 1551 2699 9
1590 2656 1781 2698 adiuua-

177 2718 249 2753 rat
266 2715 305 2753 B
322 2715 338 2765 {³
353 2717 571 2768 Arpinum
591 2720 623 2759 C
683 2723 733 2760 10
754 2720 1053 2772 municipium
1071 2719 1342 2759 Perizonius:
1363 2717 1548 2755 unicum
1571 2714 1613 2754 B
1627 2710 1644 2768 11
1661 2727 1781 2753 com-

179 2783 332 2822 porem
365 2772 404 2809 B
433 2774 474 2811 in
503 2788 593 2814 ras.
622 2778 779 2816 maiore
809 2791 858 2815 m.
894 2779 921 2816 3
983 2777 1034 2814 17
1067 2776 1118 2825 Q.
1148 2775 1190 2814 Β
1218 2776 1261 2814 in
1288 2785 1378 2813 ras,
1448 2773 1500 2811 18
1531 2774 1576 2810 et
1607 2771 1698 2810 iam
1731 2770 1780 2809 b:

180 2827 320 2865 etiam
350 2827 391 2865 B
450 2829 502 2867 20
531 2829 690 2869 hostili
712 2833 765 2878 P,
801 2833 913 2884 quod
932 2845 1073 2872 uerum
1095 2832 1262 2871 uidetur
1328 2831 1378 2868 21
1412 2826 1715 2867 descenderat
1745 2826 1784 2865 P

176 2884 229 2922 23
252 2881 310 2922 ab
333 2886 498 2922 senatu
520 2885 557 2923 P
574 2881 592 2937 Η
615 2886 825 2926 Suessam
849 2888 1103 2928 Pometiam
1127 2887 1165 2926 P

289 2939 340 2978 31
363 2938 486 2978 Idem
510 2941 625 2980 Mai:
659 2954 756 2980 cum
787 2944 827 2981 V
