1936 3120
273 141 393 210 430*
947 162 1049 208 121ss.
1087 161 1208 209 v1111.

276 271 396 339 ipso
430 268 659 320 introitu
693 268 874 320 ruenti
908 266 1162 322 luxuriae
1197 269 1556 325 obstitissent.
1626 270 1725 324 sed
1759 272 1892 354 quid

276 357 376 407 ego
418 338 485 390 de
519 337 738 390 feminis
774 337 1003 391 ulterius
1038 338 1270 410 loquor?
1308 342 1444 411 quas
1482 348 1537 394 et
1560 341 1888 397 inbecilhtas

273 408 472 461 mentis
498 417 552 461 et
577 409 897 477 grauiorum
923 427 1150 479 operum
1176 419 1377 480 negata
1402 411 1702 465 adfectatio
1730 431 1887 466 omne

276 478 516 531 studium
544 478 614 531 ad
641 478 996 532 curiosiorem
1017 481 1102 532 sui
1123 480 1328 534 cultum
1352 480 1604 536 hortatur
1623 482 1888 550 conferre,

231 563 250 596 5
274 568 394 601 cum
431 558 741 619 temporum
777 550 1119 619 superiorum
1155 559 1209 604 et
1242 551 1477 605 nominis
1516 560 1570 605 et
1603 553 1771 604 animi
1798 572 1888 606 ex-

274 619 521 672 cellentis
555 619 703 672 uiros
738 620 796 671 in
831 619 932 671 hoc
968 621 1182 690 priseae
1228 620 1597 675 continentiae
1640 624 1889 692 ignotum

275 689 672 742 deuerticulum
707 689 992 760 prolapsos
1031 690 1274 743 uideam:
1325 691 1492 762 idque
1527 693 1707 762 iurgio
1745 694 1888 764 ipso-

273 779 394 813 rum
419 768 626 831 pateat.
1684 768 1690 774 ’

378 830 430 883 4.
471 830 571 883 Cn.
599 830 880 883 Domitius
916 831 980 883 L.
1013 830 1213 884 Crasso
1250 831 1492 901 collegae
1527 851 1626 886 suo
1666 833 1888 886 alterca-

209 917 250 948 10
273 901 420 954 tione
446 908 566 954 orta
593 901 821 967 obiecit,
860 901 1007 971 quod
1034 900 1314 954 columnas
1341 902 1640 973 Hymettas
1674 904 1733 955 in
1765 921 1886 974 por-

271 972 384 1025 ticu
421 972 615 1024 domus
652 971 899 1023 haberet.
954 990 1112 1042 quem
1146 972 1401 1025 continuo
1435 973 1665 1026 Crassus
1696 974 1886 1044 quanti

270 1043 389 1112 ipse
428 1041 646 1094 domum
683 1060 837 1093 suam
864 1042 1180 1096 aestimaret
1204 1044 1592 1112 interrogauit,
1638 1051 1800 1114 atque
1823 1052 1886 1097 ut

269 1111 554 1182 respondit
591 1112 862 1180 ‘sexagies
891 1114 1183 1181 sestertio'‚
1213 1121 1436 1184 ‘quanto
1474 1131 1603 1183 ergo
1631 1121 1769 1167 eam'
1807 1115 1884 1166 in-

270 1184 412 1253 quit,
458 1183 702 1234 ‘minoris
741 1183 858 1235 fore
895 1183 1209 1251 existimaS,
1258 1185 1305 1236 si
1340 1184 1526 1236 decem
1563 1184 1882 1238 arbusculas

205 1269 246 1301 15
269 1253 399 1305 inde
436 1253 789 1306 succide1·o‘?'
867 1253 1005 1323 ‘ipso
1052 1254 1236 1307 tricies
1276 1255 1549 1308 sestertio'
1587 1254 1884 1308 Domitius,

269 1333 399 1377 tunc
426 1323 685 1376 Crassus:
730 1329 871 1375 ‘uter
894 1323 1064 1392 igitur
1089 1324 1422 1377 luxuriosior
1447 1332 1548 1390 est,
1578 1343 1764 1394 egone,
1793 1325 1885 1395 qui

273 1394 460 1447 decem
496 1393 773 1446 columnas
810 1401 1027 1446 centum
1061 1394 1282 1447 milibus
1318 1413 1599 1446 nummum
1634 1394 1768 1460 emi,
1814 1413 1885 1446 an

270 1473 359 1531 tn,
396 1464 489 1534 qui
516 1465 701 1516 decem
737 1462 1157 1517 arbuscularum
1189 1465 1443 1518 umbram
1469 1465 1655 1518 tricies
1685 1473 1879 1517 sester-

268 1536 407 1587 tium
434 1552 648 1586 summa
682 1534 1054 1604 conpensasP'
1106 1553 1408 1588 sermonem
1445 1534 1676 1589 oblitum
1700 1535 1882 1606 Pyrri,

204 1622 245 1654 20
267 1606 623 1658 inmemorem
649 1602 982 1657 Hannibalis
1018 1604 1235 1675 iamque
1272 1606 1765 1659 transmarinorum
1791 1605 1882 1658 sti-

270 1675 598 1746 pendiorum
626 1673 969 1728 abundantia
995 1677 1343 1728 oscitantem!
1393 1684 1446 1728 et
1473 1683 1675 1747 quanto
1702 1683 1882 1728 tamen

268 1745 672 1816 insequentium
699 1745 1040 1798 saeculorum
1080 1745 1343 1799 aedificiis
1373 1754 1427 1799 et
1450 1746 1764 1799 nemoribus
1791 1764 1884 1798 an-

153 1922 243 1958 Par.
270 1907 484 1968 ponebat,
508 1915 731 1967 acetoque
752 1906 952 1966 Hquatos
972 1920 1162 1968 magnae
1178 1921 1378 1953 summae
1390 1909 1583 1953 uniones
1601 1906 1883 1952 exsorbebat.

267 1984 308 2023 4.
331 1978 644 2024 Cn.Domitius
666 1977 711 2023 L.
730 1977 889 2023 Crasso
912 1977 1208 2023 altercatione
1230 1985 1329 2024 orta
1353 1978 1534 2029 obiecit,
1568 1978 1690 2038 quod
1711 1976 1882 2023 colum-

203 2066 245 2099 25
268 2049 594 2108 nasHymettas
622 2050 666 2093 in
694 2049 877 2108 porticu
904 2048 1062 2094 domus
1091 2048 1291 2094 haberet.
1346 2063 1480 2109 quem
1507 2049 1726 2094 continuo
1754 2047 1881 2093 Cras-

268 2134 346 2165 sus
370 2121 527 2179 quanti
556 2120 655 2178 ipse
679 2119 862 2164 domum
889 2133 1015 2164 suam
1043 2120 1304 2164 aestimaret
1323 2119 1643 2178 interrogauit,
1669 2107 1806 2177 atqsle
1828 2124 1879 2162 ut

266 2189 504 2250 respondit
545 2189 656 2234 ‘Hs
685 2189 803 2240 LX',
840 2186 1039 2248 ‘quanto
1069 2189 1208 2248 ergo'
1236 2189 1385 2248 inquit
1413 2188 1537 2233 ‘eam
1564 2189 1752 2233 minoris
1778 2187 1878 2232 fore

268 2261 511 2310 existimas,
541 2261 578 2305 si
605 2260 759 2304 decem
785 2258 1048 2305 arbusculas
1076 2259 1178 2304 inde
1212 2259 1507 2305 succidero‘?'
1547 2257 1691 2319 ‘ipso,
1729 2258 1878 2317 inquit

266 2331 487 2376 Domitius
518 2330 631 2376 ‘Hs
660 2329 813 2377 XXX3.
875 2338 982 2375 tunc
1008 2330 1221 2375 Crassus:
1263 2330 1396 2375 ‘uter
1430 2330 1573 2390 igitur
1598 2329 1875 2374 luxuriosior

146 2404 151 2408 ”
201 2418 243 2451 80
267 2409 360 2453 est,
398 2414 567 2462 egone,
609 2404 686 2461 qui
725 2401 878 2447 decem
915 2401 1148 2446 columnas
1177 2408 1358 2447 centum
1385 2400 1567 2446 milibus
1594 2411 1879 2445 nummorum

378 2571 404 2609 3
426 2580 565 2621 opera
586 2560 642 2607 B'
719 2568 747 2607 4
769 2568 1064 2609 curiosiorem
1086 2567 1142 2619 B,
1164 2569 1244 2608 sed
1263 2568 1430 2608 siorem
1450 2569 1493 2607 in
1514 2579 1603 2606 ras.
1678 2565 1704 2605 5
1726 2563 1873 2604 excel-

264 2625 404 2666 lentis
426 2637 527 2666 nos:
561 2623 847 2665 excellentes
868 2624 911 2664 B
954 2626 1006 2665 10
1026 2623 1255 2677 hymetias
1277 2624 1325 2664 in
1346 2623 1388 2663 B
1409 2625 1451 2663 in
1473 2636 1578 2671 ras„
1601 2623 1696 2662 item
1715 2619 1792 2660 iou
1815 2620 1874 2671 (in

263 2680 467 2733 porticu)
529 2683 579 2720 11
604 2679 739 2732 quesn*
759 2681 802 2721 B
881 2682 933 2720 12
956 2681 1264 2732 interrogauit
1283 2680 1327 2720 B
1347 2683 1390 2720 in
1410 2693 1497 2722 ras.
1524 2677 1677 2731 (quem
1700 2688 1799 2716 cum
1818 2697 1875 2704 ——

264 2737 575 2791 interrogaret
596 2737 722 2791 dett.)
802 2739 855 2779 13
878 2738 1098 2779 sextertio
1119 2732 1190 2789 B'‚
1212 2739 1310 2777 item
1331 2736 1450 2788 infra
1468 2735 1640 2788 saepius
1659 2729 1678 2786 ΙΙ
1700 2735 1872 2784 quanto

265 2793 440 2845 Piylzius
461 2807 482 2834 e
505 2795 600 2837 cod.
627 2795 889 2835 Cauchiano:
922 2806 1011 2845 quo
1033 2793 1119 2833 BP
1197 2794 1250 2834 14
1271 2793 1446 2834 minore
1468 2784 1529 2831 B'
1594 2789 1645 2829 18
1665 2787 1872 2828 umbram

265 2850 426 2890 tricies
455 2849 509 2898 B,
541 2851 622 2890 sed
648 2864 691 2891 m
712 2851 773 2892 tri
802 2852 844 2891 in
865 2863 954 2892 ras.
977 2846 996 2903 ΙΙ
1037 2850 1308 2890 sextertium
1329 2861 1502 2891 summa
1523 2847 1580 2898 B,
1612 2845 1872 2887 sestertium

265 2904 440 2947 summa
461 2905 498 2954 b,
522 2908 727 2948 sestertii
748 2919 923 2948 summa
943 2906 1109 2959 Kempl'

379 2964 433 3004 25
455 2962 685 3015 hymetias
715 2965 760 3005 V
812 2965 865 3005 27
889 2960 1079 3016 quanto]
1105 2975 1193 3015 quo
1222 2963 1268 3004 V
