1936 3120
583 93 1150 194 cAP.11‚Ext.§6s-11.
1189 117 1256 181 11'1.
1620 129 1725 184 443

223 241 308 294 10,
335 239 421 295 Ac
444 259 514 294 ne
538 239 763 323 Etrusci
788 241 1007 313 quidem
1031 260 1225 313 parum
1244 242 1452 296 feroces
1473 243 1531 295 in
1550 260 1726 314 poena

0 307 38 359 »s
113 310 480 382 excogitanda
491 352 517 394 ,ο
545 314 638 385 qui
673 331 928 366 uiuorum
965 330 1196 384 corpora
1232 312 1594 367 cadaueribus
1634 315 1722 367 ad-

112 401 277 437 uersa
301 381 549 442 aduersis
577 382 803 453 alligata
829 391 988 454 atque
1014 383 1327 451 constricta,
1354 384 1432 436 ita
1456 391 1518 436 ut
1543 385 1724 453 singu-

113 454 199 507 lae
232 453 600 507 membrorum
634 462 819 524 partes
858 453 1088 524 singulis
1124 463 1306 507 essent
1344 454 1724 509 adcommoda-

113 534 221 593 tae,
247 524 530 605 tabescere
557 524 1120 596 simubpatiebantur,
1148 525 1319 578 amari
1342 526 1491 578 uitae
1516 526 1724 597 pariter
1746 538 1767 572 5

117 613 183 651 ae
207 602 398 647 mortis
425 602 676 648 tortores.

222 696 305 746 11.
347 694 499 747 Sicut
517 694 599 746 illi
619 694 859 762 barbari,
889 713 1023 766 quos
1046 694 1231 748 ferunt
1254 702 1614 748 mactatarum
1634 714 1723 765 pe-

112 764 314 819 cudum
350 766 626 818 intestinis
663 765 716 818 et
740 765 1043 819 uisceribus
1079 765 1281 834 egestis
1316 765 1557 818 homines
1584 766 1724 818 inse-

112 854 258 902 rere,
298 835 377 888 ita
400 843 462 888 ut
487 836 759 907 capitibus
788 835 1161 889 tantummodo
1190 836 1480 902 emineant,
1509 853 1722 907 eosque,

75 920 77 922 ’
111 915 176 959 ut
202 906 407 960 diutius
436 909 642 977 poenae
671 906 965 974 sufficiant,
994 907 1114 959 cibo
1137 915 1190 959 et
1203 907 1424 977 potione
1450 905 1723 959 infelicem
1748 920 1789 953 10

114 977 367 1048 spiritum
401 995 734 1048 prorogare,·
772 977 945 1031 donec
980 979 1125 1030 intus
1161 978 1456 1048 putrefacti
1494 976 1725 1031 laniatui

113 1051 222 1101 sint
248 1047 575 1100 animalibus
593 1088 607 1114 ,
635 1067 773 1119 quae
800 1048 1004 1101 tabidis
1032 1048 1088 1098 in
1115 1047 1434 1118 corporibus
1462 1049 1615 1104 nasci
1642 1067 1722 1101 so·
1762 1099 1777 1118 ,

112 1118 243 1190 lent.⁴
294 1137 588 1190 queramur
622 1138 767 1171 nunc
802 1137 925 1171 cum
960 1137 1142 1170 rerum
1175 1127 1400 1184 natura,
1447 1119 1592 1188 quod
1626 1138 1723 1172 nos

112 1189 301 1243 multis
339 1198 393 1242 et
431 1190 637 1260 asperis
684 1189 950 1242 aduersae
993 1188 1322 1242 ualetudinis
1367 1189 1722 1242 incommodis

114 1260 382 1315 obnoxios
396 1278 529 1330 ,esse
554 1259 816 1326 uoluerit,
852 1259 1207 1330 habitumque
1235 1258 1483 1312 caelestis
1510 1259 1721 1313 roboris
1746 1271 1786 1305 15

113 1331 380 1383 humanae
399 1330 710 1384 condicioni
731 1330 1060 1400 denegatum
1078 1331 1306 1383 moleste
1321 1329 1579 1396 feramuS‚
1601 1349 1724 1382 cum

113 1409 196 1456 tot
221 1401 492 1455 cruciatus
523 1401 743 1454 sibimet
769 1402 891 1472 ipsa
916 1400 1220 1454 mortalitas
1247 1399 1468 1471 inpulsu
1493 1400 1722 1454 crudeli-

117 1473 247 1525 tatis
275 1472 690 1541 excogitauerit.

512 1640 619 1694 III.
670 1644 767 1692 DE
800 1644 925 1692 IRA
963 1643 1113 1693 AVT
1147 1642 1322 1692 ODIO.

217 1754 310 1807 Ira
336 1772 548 1826 quoque
577 1760 670 1805 aut
696 1753 881 1806 odium
901 1753 956 1804 in
971 1753 1286 1823 pectoribus
1306 1752 1554 1804 humanis
1575 1769 1721 1819 mag·
1745 1766 1787 1798 20

117 1844 216 1879 nos
243 1824 440 1878 fluctus
468 1825 738 1889 excitant,
776 1842 1039 1893 procursu
1066 1824 1293 1875 celerior
1330 1821 1451 1889 illa,
1489 1821 1723 1874 nocendi

119 1896 376 1967 cupidine
426 1895 529 1948 hoc
578 1894 911 1965 pertinacius
929 1934 942 1960 ,
994 1902 1220 1964 uterque
1271 1892 1721 1945 consternationis

153 1967 305 2020 lenus
341 1965 568 2019 affectus
606 1983 669 2017 ac
703 1983 1000 2035 numquam
1035 1964 1149 2016 sine
1185 1971 1450 2017 tormento
1491 1963 1574 2014 sui
1608 1963 1722 2014 uio-

136 2045 312 2103 entuS,
340 2036 469 2107 quia
486 2035 744 2101 dolorem,
766 2054 891 2088 cum
910 2035 1110 2087 inferre
1130 2034 1265 2101 uult,
1285 2035 1510 2104 patitur,
1538 2050 1722 2084 amara

114 2107 484 2163 sollicitudine
510 2125 578 2159 ne
605 2125 714 2159 non
741 2106 1022 2175 contingat
1047 2105 1182 2158 ultio
1211 2104 1422 2156 anxius,
1478 2103 1576 2155 sed.
1600 2121 1720 2173 pro·
1745 2111 1788 2144 25

115 2179 365 2261 prietatis
403 2196 591 2231 eorum
629 2176 964 2230 certissimae
1002 2184 1127 2228 sunt
1162 2175 1450 2244 imagines,
1498 2192 1630 2244 quas
1670 2173 1725 2224 di

114 2251 223 2320 1psi
258 2250 314 2300 in
348 2247 509 2300 claris
547 2248 794 2318 personis
831 2255 926 2299 aut
962 2247 1109 2299 dicto
1139 2245 1316 2317 aliquo
1344 2253 1437 2297 aut
1462 2244 1607 2296 facto
1635 2262 1724 2296 ue-

115 2319 450 2372 hementiore
477 2319 719 2388 conspici
744 2316 1049 2370 uoluerunt.

116 2481 280 2526 merito
307 2479 545 2524 dedicauit.
623 2481 687 2522 11.
730 2477 954 2533 Quosdam
991 2475 1208 2522 barbaros
1245 2475 1394 2520 ferunt
1429 2480 1720 2519 mactatarum
1747 2477 1836 2511 Par.

116 2550 340 2613 pecudum
367 2549 593 2594 intestinis
622 2555 665 2592 et
692 2547 943 2592 uisceribus
983 2546 1151 2606 egestis
1187 2546 1391 2591 homines
1418 2546 1617 2589 inserere
1645 2545 1720 2593 ita,
1746 2549 1787 2582 30

115 2620 417 2682 ut'capitibus
445 2618 759 2664 tantummodo
787 2618 1022 2663 emineant.

230 2774 257 2813 2
280 2773 481 2812 uirorum
504 2770 558 2820 B,
582 2783 657 2813 em.
680 2769 855 2821 Pighius
876 2782 897 2808 e
919 2769 1044 2808 codd.
1067 2769 1153 2807 suis
1211 2769 1236 2807 9
1259 2778 1427 2817 eosque
1450 2769 1501 2804 ut
1523 2765 1622 2806 Vae.
1646 2763 1721 2815 (ef.

116 2829 346 2882 adp.431,
359 2828 402 2879 7)
414 2842 428 2868 .·
452 2839 631 2879 quoque
653 2825 770 2874 utB,
796 2837 976 2876 quoque
1002 2823 1096 2873 (om.
1110 2825 1176 2874 ut)
1191 2824 1333 2863 Periz.
1378 2824 1428 2862 10
1440 2834 1616 2873 paenae
1629 2821 1723 2861 suf-

118 2884 249 2925 ficiat
269 2881 338 2936 B'‚
361 2896 478 2938 pene
502 2882 737 2924 sufficiant
765 2882 863 2921 Vat.
888 2878 906 2934 Η
926 2884 1035 2933 potu
1054 2880 1152 2922 Vat.
1195 2881 1244 2919 12
1267 2880 1315 2918 in
1336 2878 1508 2918 tabidis
1533 2879 1629 2918 Vat.
1671 2878 1723 2916 13

117 2952 396 2994 quaeramus
418 2935 474 2980 B'
532 2941 587 2980 20
608 2941 654 2980 et
676 2937 827 2985 odium
849 2938 972 2990 Piylz.
1039 2939 1093 2978 26
1115 2935 1180 2976 dii
1200 2936 1237 2986 b,
1263 2949 1338 2978 om.
1361 2934 1402 2974 B
1460 2935 1514 2975 27
1536 2933 1662 2973 dictu
1683 2931 1724 2972 B
