1924 3152
176 143 288 197 210
872 144 972 190 LIB.
1010 143 1098 189 llll.

179 255 421 311 omnium
448 250 855 306 commodorum
889 250 1225 303 incrementa
1255 249 1399 303 ultro
1433 251 1620 314 oblata
1652 254 1793 324 cepi,

176 345 275 398 per
347 342 470 377 uem
505 321 677 392 tutior
711 321 975 373 aduersus
1003 338 1158 373 casus
1186 322 1332 389 steti,
1360 323 1454 393 qui
1489 321 1672 375 studia
1695 342 1790 376 no—

178 404 294 449 stra
311 344 478 447 ductu
504 400 559 445 et
577 391 836 462 auspiciis
865 390 978 443 suis
1004 389 1275 445 lucidiora
1301 400 1355 446 et
1381 391 1648 446 alacriora
1671 393 1791 446 red·

178 465 338 518 didit.
392 464 580 534 itaque
604 463 737 532 paui
760 460 1027 513 inuidiam
1047 461 1387 532 quorundam
1414 463 1607 534 optimi
1631 462 1794 515 amici

138 560 159 592 5
179 537 412 601 iactura,
439 531 699 586 uidelicet
723 533 852 602 quia
870 531 1113 586 fructum
1132 540 1416 600 torseram,
1443 552 1554 587 non
1575 533 1795 603 quidem

178 625 297 660 meo
324 605 543 671 merito,
570 603 809 672 gratiam
833 620 1025 668 meam,
1052 610 1490 674 quantacumque
1517 602 1640 670 fuit,
1669 621 1792 655 curn

177 678 246 730 iis
285 677 377 747 qui
414 693 478 727 ea
513 675 596 727 uti
630 671 923 726 uoluerunt
955 673 1206 743 partitus
1271 692 1463 726 uerum
1497 672 1647 726 nulla
1680 681 1793 725 tam

177 745 426 799 modesta
449 744 684 798 felicitas
713 750 814 810 est,
843 761 983 813 quae
1008 742 1368 811 malignitatis
1397 743 1588 796 dentes
1614 743 1794 796 uitare

179 817 370 899 possit.
435 823 490 868 et
524 833 631 885 quo
669 831 889 866 secessu
925 812 1193 883 quosdam
1227 813 1434 883 fugeris
1471 819 1567 866 aut
1591 812 1792 884 quibus

118 912 159 944 10
182 886 370 940 infulis
413 883 823 939 misericordiae
863 882 1240 953 permulseriS,
1285 902 1354 936 ne
1395 883 1584 936 alienis
1633 880 1795 934 malis

177 956 403 1029 perinde
431 975 496 1009 ac
519 954 679 1009 bonis
708 955 821 1006 suis
855 953 1127 1006 laetentur
1162 962 1218 1008 et
1252 954 1529 1025 gestiant?
1592 953 1794 1006 diuites

180 1036 307 1082 sunt
333 1026 565 1080 aliorum
589 1025 818 1077 iacturis
834 1064 849 1091 ,
890 1023 1185 1094 locupletes
1222 1023 1651 1090 calamitatibus,
1693 1023 1790 1075 im-

178 1097 435 1151 mortales
461 1095 767 1150 funeribus,
832 1094 929 1147 sed
964 1093 1046 1146 illi
1071 1103 1337 1166 quatenus
1375 1094 1566 1148 alienis
1592 1094 1793 1146 incom-

178 1168 354 1221 modis
384 1185 605 1222 suorum
631 1165 810 1219 adhuc
836 1172 1088 1236 expertes
1114 1164 1405 1232 insultent,
1442 1165 1649 1235 optima
1674 1164 1792 1215 uin-

114 1262 155 1294 15
180 1241 287 1293 dex
305 1237 650 1303 insolentiae,
671 1235 912 1288 uarietas
931 1235 1200 1288 humanae
1222 1235 1552 1289 condicionis
1574 1233 1793 1286 uiderit.

540 1376 702 1428 VIII.
756 1378 854 1427 DE
887 1379 1428 1428 LIBERALITATE.

289 1479 336 1529 1.
371 1475 633 1528 Nostrum
650 1492 785 1545 opus
800 1474 891 1545 pio
912 1491 1135 1543 egressu
1155 1473 1227 1526 ad
1246 1473 1528 1544 proprium
1550 1473 1792 1526 dolorem

176 1553 495 1620 prouectum
518 1547 577 1597 in
614 1563 772 1597 suum
807 1544 1052 1597 ordinem
1077 1552 1387 1610 reuocetur,
1422 1543 1791 1597 liberalitatis-

178 1636 283 1689 que
321 1615 804 1671 conmemorationi
836 1632 1112 1668 uacemus.
1184 1614 1338 1666 cuius
1376 1613 1484 1667 duo
1520 1621 1650 1666 sunt
1681 1631 1810 1683 ma-⁶

112 1707 154 1741 20
177 1690 325 1743 xime
357 1685 673 1758 probabiles
708 1684 916 1751 fonteS,
951 1703 1143 1737 uerum
1175 1684 1437 1738 iudicium
1475 1692 1530 1737 et
1562 1683 1793 1737 honesta

176 1756 567 1814 beniuolentia.
631 1774 759 1808 nam
785 1773 908 1808 cum
933 1755 1003 1809 ab
1030 1755 1115 1808 his
1145 1755 1379 1822 orietur,
1417 1763 1547 1808 tunc
1574 1754 1790 1807 demum

178 1830 228 1882 ei
253 1830 395 1881 ratio
425 1834 656 1881 constat.
721 1826 862 1880 dono
890 1833 1073 1879 autem
1107 1826 1214 1897 ipsi
1239 1825 1473 1896 gratiam
1506 1833 1560 1878 et
1584 1825 1791 1895 magni-

173 1898 308 1953 tudo
335 1898 554 1970 quidem
581 1916 698 1966 sua,
729 1895 827 1949 sed
852 1896 1214 1951 efficaciorem
1234 1895 1513 1967 aliquanto
1538 1904 1792 1967 opportu-

176 1971 319 2023 nitas
359 1967 633 2022 conciliat.
721 1966 934 2020 accedit
971 1967 1118 2020 enim
1149 1966 1325 2038 pretio
1363 1966 1443 2020 rei
1477 1965 1787 2018 inaestima-

114 2059 155 2092 25
177 2039 289 2094 bile
323 2045 658 2092 momentum
694 2036 1028 2102 occasioniS‚
1065 2055 1205 2107 quae
1229 2036 1403 2091 Fabio
1428 2035 1671 2088 Maximo
1706 2043 1790 2088 tot

179 2118 304 2163 ante
334 2107 554 2162 saecula
579 2126 808 2177 paruam
827 2109 1091 2177 pecuniae
1119 2125 1386 2159 summam
1412 2113 1692 2176 erogatam
1718 2105 1790 2157 ad

177 2181 280 2233 hoc
321 2196 495 2250 usque
548 2186 765 2248 tempus
819 2175 1156 2229 laudabilem
1205 2176 1352 2228 fecit.
1427 2175 1672 2246 captiuos
1717 2175 1785 2227 ab

176 2248 490 2304 Hannibale
515 2247 839 2319 interposita
858 2246 1109 2318 pactione
1127 2263 1471 2299 nummorum
1490 2254 1788 2315 receperat.

66 2396 155 2430 Par.
286 2381 381 2427 DE
415 2380 928 2426 LIBERALITATE.
991 2382 1030 2425 1.
1069 2378 1234 2425 Fabius
1260 2378 1475 2425 Maximus
1501 2378 1708 2437 captiuos
1735 2376 1791 2421 ab

113 2468 155 2499 30
179 2452 425 2499 Hannibale
451 2451 783 2512 redempturus,
812 2464 913 2497 cum
941 2456 1145 2495 senatum
1174 2450 1227 2494 de
1254 2447 1469 2494 mittenda
1494 2446 1791 2508 pecunia'du-

177 2525 323 2570 hitare
350 2522 542 2573 uideret,
570 2522 758 2568 fundum
781 2535 914 2582 quem
940 2522 1122 2567 unicum
1150 2518 1344 2565 habebat
1370 2518 1574 2565 uendidit
1601 2517 1792 2577 eiusque
1814 2519 1817 2523 '

294 2664 315 2700 1
346 2660 471 2701 ultra
491 2660 547 2708 B,
577 2661 658 2700 sed
675 2671 789 2702 corr.
821 2662 845 2698 1
867 2672 916 2702 m,
979 2660 1004 2699 5
1033 2659 1141 2711 quia
1170 2658 1370 2698 fructum
1398 2656 1464 2696 B:
1497 2655 1606 2707 quia
1635 2654 1788 2694 fructu

177 2726 226 2767 ς,
261 2729 371 2768 quos
402 2716 558 2756 fructu
579 2719 632 2756 al.
704 2718 727 2757 7
750 2716 827 2768 qui
849 2728 904 2756 ea
927 2714 974 2755 b:
1007 2715 1210 2767 quietam
1231 2713 1274 2753 B
1341 2715 1367 2754 9
1390 2722 1600 2752 secessus
1620 2708 1662 2748 B
1690 2714 1789 2748 ante

175 2785 263 2813 ras,
327 2774 377 2812 17
400 2772 603 2813 dolorem
624 2773 687 2812 D:
720 2772 928 2813 ardorem
949 2770 1003 2818 B,
1035 2772 1114 2812 sed
1135 2769 1216 2810 ard
1236 2771 1279 2809 in
1300 2781 1385 2810 ras.
1410 2767 1457 2817 (d
1477 2780 1535 2808 eoe
1554 2766 1571 2806 l
1591 2770 1787 2806 correcta

177 2828 365 2878 uidetur)
435 2828 486 2867 18
516 2828 840 2881 libertatisque
861 2827 905 2868 B
972 2829 1024 2867 21
1054 2825 1374 2868 beniuolentia
1392 2823 1435 2863 B
1457 2824 1500 2863 in
1519 2834 1607 2862 ras.
1629 2822 1788 2861 maiore

177 2899 228 2928 m.
255 2886 283 2925 3
349 2883 404 2924 22
432 2883 549 2924 dono
571 2885 637 2924 B:
669 2883 801 2925 domu
821 2884 845 2924 b
865 2881 885 2937 Η
913 2885 1066 2936 gratia
1087 2883 1129 2923 B
1156 2879 1176 2937 Η
1205 2885 1251 2922 et
1273 2883 1353 2922 del.
1377 2879 1551 2932 Piyht’us
1580 2888 1582 2891 ’
1617 2878 1673 2918 23
1702 2876 1787 2917 ali·

178 2941 362 2993 quando
391 2933 446 2980 B'
514 2942 567 2981 25
596 2943 713 2981 immo
744 2954 771 2981 a
792 2941 943 2980 Fabio
1013 2942 1067 2980 ‘26
1098 2951 1245 2992 parua
1274 2951 1318 2990 p.
1350 2948 1524 2977 summa
1554 2937 1742 2987 erogata
1763 2931 1791 2971 b
