1936 3120
221 88 326 142 378
906 98 1002 142 1213.
1043 63 1143 144 viii.

223 211 449 254 cuerunt
482 221 641 271 quam
678 221 778 253 sua
811 203 1121 256 innocentia
1158 223 1314 274 opem
1340 205 1494 261 tulit..
1556 206 1620 258 L.
1649 206 1826 278 Scipio

222 280 344 342 post
389 273 853 341 speciosissimum
898 274 1231 344 triumphum
1272 275 1340 328 de
1382 294 1511 344 rege
1555 277 1825 332 Antiocho

221 343 460 406 ductum,
491 341 714 411 perinde
742 361 805 394 ae
833 346 1115 412 pecuniam
1143 345 1212 397 ab
1241 364 1302 398 eo
1331 347 1650 415 accepisset,
1679 347 1826 401 dam-

223 421 383 463 natus
414 419 510 475 est,
540 432 662 478 non,
691 422 840 483 putO,
869 414 1012 483 quod
1040 415 1214 484 pretio
1237 425 1521 485 corruptus
1546 416 1740 482 fuerat,
1767 426 1828 470 ut

177 498 198 530 5
221 481 373 534 illum
401 482 566 534 totius
588 484 755 534 Asiae
785 484 1060 536 dominum
1087 492 1140 537 et
1166 486 1270 537 iam
1294 485 1547 556 Europae
1573 485 1825 540 uictrices

218 571 406 604 manus
445 553 756 605 inicientem
793 554 937 605 ultra
973 555 1213 606 Taurum
1248 566 1484 609 montem
1523 575 1823 609 summoue-

218 630 326 687 ret,
367 623 463 675 sed
491 622 695 693 alioqui
720 624 806 675 uir
833 625 1230 678 sincerissimae
1264 627 1410 677 uitae
1438 634 1490 678 et
1516 627 1586 679 ab
1613 627 1713 679 hac
1742 647 1824 678 su-

218 693 458 763 spicione
486 692 673 763 procul
699 703 965 758 remotus,
992 695 1260 760 inuidiae,
1298 715 1435 766 quae
1462 706 1588 748 tunc
1613 696 1668 747 in
1695 697 1824 749 duo-

217 782 337 815 rum
373 763 603 816 fratrum
638 764 856 833 inclytis
894 766 1304 834 cognominibus
1342 764 1652 831 habitabat,
1697 767 1824 818 resi-

150 856 194 886 10
217 842 362 886 stere
388 852 493 886 non
520 835 713 903 potuit.

323 904 374 955 2.
414 905 497 956 Ac
526 905 768 973 Scipioni
795 905 1010 974 quidem
1037 907 1307 957 maximus
1345 906 1594 957 fortunae
1622 905 1821 974 fulgor,

218 975 367 1027 Gaio*
386 982 564 1026 autem
593 974 858 1039 Deciano,
888 983 1164 1045 spectatae
1190 976 1518 1044 integritatis
1546 977 1688 1041 uirO,
1718 982 1824 1027 uox

217 1064 317 1097 sua
345 1046 570 1096 exitium
598 1044 794 1097 attulit.
861 1064 986 1096 nam
1014 1065 1134 1097 cum
1162 1046 1222 1096 P.
1252 1046 1477 1097 Furium
1504 1046 1824 1115 inquinatis·

215 1115 384 1166 simae
420 1116 565 1167 uitae
601 1135 698 1185 pro
744 1117 935 1167 rostris
982 1124 1289 1181 accusaret,
1338 1116 1463 1186 quia
1498 1115 1732 1186 quadam
1767 1117 1824 1167 in

150 1205 193 1236 15
216 1196 372 1255 parte
400 1186 629 1237 actionis
658 1186 723 1237 de
751 1193 922 1239 morte
948 1186 1012 1237 L.
1035 1186 1314 1239 Saturnini
1340 1185 1492 1256 queri
1519 1205 1682 1238 ausus
1710 1186 1823 1238 fue—

214 1264 315 1321 rat,
344 1274 445 1307 nec
471 1274 621 1306 reum
649 1256 928 1307 damnauit
954 1264 1006 1308 et
1033 1258 1254 1326 insuper
1275 1258 1322 1308 ei
1345 1274 1546 1326 poenas
1575 1255 1823 1308 addictas

213 1326 512 1396 pependit.-

319 1397 370 1448 3.
412 1397 639 1447 Sextum
677 1414 890 1465 quoque
919 1397 1121 1447 Titium
1161 1396 1351 1447 similis
1389 1414 1546 1446 casus
1587 1404 1822 1465 prostra-

214 1466 308 1518 uit.
362 1475 478 1517 erat
512 1466 799 1530 innocenS,
843 1474 958 1517 erat
994 1467 1213 1534 agraria
1249 1466 1367 1534 lege
1399 1465 1512 1516 lata
1546 1466 1821 1533 gratiosus

142 1556 190 1588 ‚20
214 1535 357 1605 apud
407 1534 691 1605 populum:
758 1545 966 1602 tamen,
1014 1537 1157 1606 quod
1204 1536 1482 1588 Saturnini
1528 1535 1822 1603 imaginem

213 1605 362 1658 domi
388 1606 669 1670 habuerat,
699 1605 974 1674 suffragiis
1004 1625 1125 1657 eum
1154 1616 1269 1658 tota
1296 1606 1475 1658 contio
1507 1606 1796 1675 oppressit.

318 1676 367 1727 4.
399 1675 692 1728 Adiciatur
717 1675 799 1727 his
823 1675 1067 1742 Claudia,
1097 1695 1259 1745 quam
1280 1677 1552 1728 insontem
1579 1675 1821 1739 crimine,

212 1765 317 1816 quo
347 1746 726 1811 accusabatur,
755 1755 941 1798 uotum
962 1747 1189 1816 impium
1211 1746 1499 1811 subuertit,
1528 1746 1672 1815 quia,
1702 1764 1821 1796 cum

210 1821 244 1869 'a
268 1816 412 1868 ludis
443 1817 660 1868 domum
688 1816 904 1868 rediens
935 1818 1097 1870 turba
1118 1816 1426 1882 elideretur,
1457 1823 1744 1885 optauerat
1761 1824 1821 1867 ut

146 1907 187 1939 25
212 1888 385 1939 frater
412 1906 568 1952 suus,
608 1888 1006 1938 maritimarum
1045 1888 1245 1938 uirium
1281 1895 1590 1939 nostrarum
1616 1885 1821 1956 praeci—

210 1976 318 2027 pua
352 1960 589 2022 iactura,
634 1958 1003 2009 reuiuesceret
1048 1958 1372 2027 saepiusque
1418 1955 1604 2008 consul
1638 1955 1818 2008 faetus

92 2115 185 2148 Par.
322 2105 359 2146 l.
400 2103 446 2146 L.
476 2103 625 2162 Scipio
656 2110 758 2162 post
789 2104 1173 2162 speciosissimum
1215 2103 1490 2160 triumphum
1517 2102 1570 2146 de
1597 2114 1704 2160 rege
1730 2104 1818 2145 An-

213 2172 366 2218 tiocho
395 2172 592 2222 ductum,
622 2173 808 2231 perinde
835 2187 886 2216 ae
912 2174 1147 2231 pecuniam
1176 2171 1230 2216 ab
1257 2186 1310 2216 eo
1338 2173 1610 2230 accepisset,
1639 2171 1819 2216 damna-

209 2249 283 2287 tus
311 2249 395 2287 est.
461 2246 500 2287 2.
530 2241 573 2286 C.
602 2243 820 2286 Decianus
849 2256 952 2286 cum
978 2242 1024 2286 P.
1052 2243 1236 2287 Furium
1262 2255 1346 2300 pro
1373 2243 1540 2286 rostris
1567 2249 1816 2290 accusaret,

141 2328 185 2360 30
211 2327 347 2357 ausus
387 2311 441 2356 de
475 2320 622 2357 morte
651 2312 881 2357 SaturnIni
922 2313 1051 2371 queri
1089 2316 1275 2371 punitus
1303 2318 1388 2356 est.
1463 2314 1509 2356 3..
1543 2311 1642 2356 Sex.
1675 2311 1816 2356 Titius

209 2383 280 2428 uir
306 2382 476 2442 populo
514 2390 698 2442 gratus,
738 2382 860 2442 quod
887 2382 1117 2428 SaturnIni
1155 2384 1397 2441 imaginem
1437 2381 1556 2426 domi
1594 2395 1702 2426 suae
1740 2382 1818 2427 ha-

205 2452 381 2502 buerat,
411 2467 659 2512 oppressus
688 2459 770 2498 est.
846 2457 887 2496 4.
926 2453 1105 2498 Claudia
1131 2453 1265 2511 Appii
1302 2466 1432 2497 soror
1469 2465 1493 2496 a
1519 2452 1636 2497 ludis
1664 2466 1817 2496 reuer-

206 2529 307 2567 tens
344 2523 527 2568 domum
567 2523 744 2583 optauit
780 2530 829 2568 ut
864 2523 1004 2568 frater
1039 2538 1149 2568 suus
1195 2524 1507 2567 reuiuesceret
1542 2523 1815 2581 saepiusque
1888 2526 1894 2533 ‘

322 2661 341 2698 1
369 2656 453 2698 sua
473 2657 739 2700 innocentia
759 2653 814 2699 B'
875 2662 897 2699 7
923 2659 1067 2711 aliqui
1089 2652 1144 2698 B'
1226 2661 1273 2698 ll
1301 2659 1481 2698 maxim'
1504 2657 1553 2697 b:
1584 2659 1811 2697 maximae

207 2714 246 2753 B
269 2719 311 2752 at
333 2717 514 2763 uidetur,
545 2717 624 2755 sed
646 2729 698 2756 ae
722 2730 869 2760 erasa,
900 2716 1015 2755 haud
1033 2718 1121 2756 scio
1152 2729 1206 2754 an
1236 2720 1352 2754 reete
1434 2715 1485 2754 15
1527 2714 1735 2752 actiones
1757 2706 1812 2752 l!

208 2772 258 2816 17
281 2773 473 2823 ppendit
493 2772 549 2817 B,
573 2772 784 2824 rependit
805 2772 828 2811 b
890 2773 939 2810 21
966 2784 1066 2811 eum
1087 2775 1185 2811 tota
1210 2771 1361 2810 contio
1384 2769 1606 2820 (cognitio
1625 2767 1747 2819 dett.)
1773 2775 1816 2808 et

202 2841 244 2867 u.
267 2829 323 2867 24
345 2840 370 2866 a
393 2827 512 2867 ludis
533 2828 576 2867 B
597 2830 639 2867 in
659 2842 747 2868 ras.
809 2829 862 2867 26
883 2828 1119 2867 iaetatura
1141 2826 1182 2866 B
1202 2823 1221 2879 Η
1243 2826 1545 2865 reuiuisceret
1567 2825 1590 2864 b

318 2885 372 2923 33
395 2885 695 2923 reuiuisceret
724 2886 765 2924 V
783 2898 895 2925 corr.
