1872 3132
188 141 252 193 18
897 141 998 185 LIB.
1037 140 1068 184 Ι.

71 266 163 301 Par.
189 259 378 304 docente
405 257 539 302 iussit
564 253 783 300 nouacula
811 258 956 298 cotem
982 249 1186 296 discindi.
1239 264 1326 309 qua
1351 250 1487 294 Attus
1513 248 1681 301 adiuta,
1708 250 1785 295 ad·

185 328 437 372 ministrato
472 323 719 370 incredibili
748 323 892 372 facto,
939 321 1146 367 effectum
1173 333 1281 365 suae
1306 319 1609 379 professionis
1638 319 1790 366 oeulis

185 398 320 457 regiis
348 396 552 441 subiecit.

198 517 201 521 ¹
290 471 328 510 2.
381 466 447 510 Ti.
474 463 723 513 Gracchus,
766 475 866 508 cum
894 461 947 507 ad
973 474 1045 505 res
1072 474 1217 506 nouas
1251 456 1501 505 moliendas
1519 466 1785 520 apararetur

141 546 161 578 5
186 536 381 596 auspicia
407 535 527 579 domi
552 533 696 594 prima
721 532 821 577 luce
848 532 1001 591 petiit,
1042 543 1155 590 quae
1193 527 1257 574 illi
1294 542 1510 589 perquam
1539 529 1689 575 tristia
1715 543 1785 574 re-

184 606 485 666 sponderunt:
514 610 558 648 et
583 605 713 649 ianua
741 615 952 660 egressus
978 602 1038 645 ita
1066 599 1223 659 pedem
1250 599 1449 650 offendit,
1476 605 1528 645 ut
1547 599 1715 659 digitus
1742 601 1783 644 ei

184 677 483 722 decuteretur.
538 680 629 717 tres
666 672 822 717 deinde
858 672 984 716 corui
1024 671 1070 714 in
1106 682 1207 714 eum
1245 669 1487 715 aduersum
1523 669 1784 716 occinentes

182 753 355 806 partem
396 742 576 802 tegulae
615 743 846 787 decussam
892 747 994 785 ante
1038 740 1187 798 ipsum
1231 739 1550 800 propulerunt.
1617 739 1784 800 quibus

183 815 390 861 omnibus
427 814 697 871 contemptis
734 826 757 855 a
794 810 1002 870 Scipione
1035 809 1193 854 Nasica
1228 808 1442 869 pontifice
1477 809 1671 855 maximo
1706 809 1783 854 de-

122 893 160 924 10
184 899 344 931 cussus
370 882 616 943 Capitolio,
645 882 895 940 fragmento
926 878 1129 924 subsellii
1157 879 1275 924 ictus
1300 879 1578 939 procubuit.

289 957 329 998 3.
364 954 410 998 P.
439 952 645 997 Claudius
681 950 799 995 hello
825 950 994 995 Punico
1031 949 1203 1010 primo,
1239 963 1341 995 cum
1367 948 1603 1010 proelium
1623 940 1783 994 nauale

183 1024 464 1070 committere
503 1022 643 1067 uellet
668 1021 957 1079 auspiciaque
982 1033 1109 1065 more
1134 1021 1356 1065 maiorum
1381 1020 1575 1079 petisset
1612 1026 1658 1064 et
1682 1018 1784 1079 pul-

180 1094 318 1139 larius
353 1106 442 1138 non
481 1091 598 1136 exire
635 1104 769 1135 cauea
803 1089 955 1150 pullos
989 1090 1266 1139 nuntiasset,
1311 1089 1426 1135 abici
1461 1103 1540 1134 eos
1578 1090 1622 1134 in
1658 1102 1782 1135 mare

1273 1144 1784 1163 *numu-mlx

182 1164 312 1208 iussit
340 1163 517 1206 dicens:
559 1162 733 1219 ‘quia
717 1173 818 1205 esse
777 1158 1285 1221 noluJQLffl-i..

120 1241 158 1271 15
202 1227 207 1230 ’
280 1234 324 1275 21.
371 1231 420 1275 L.
447 1230 619 1279 Iunius,
658 1231 706 1275 P
733 1209 903 1274 Claudii
942 1228 1140 1288 collega,
1177 1228 1400 1288 neglectis
1426 1229 1642 1289 auspiciis
1669 1226 1783 1273 clas·-

180 1316 270 1347 sem
298 1297 566 1361 tempestate
600 1300 750 1345 amisit
776 1300 1168 1358 damnationisque
1205 1298 1499 1358 ignominiam
1527 1297 1783 1344 uoluntaria

180 1378 326 1417 morte
351 1371 600 1431 praeuenit.

67 1506 157 1548 Nep.
182 1495 367 1542 uacula’
395 1497 542 1555 inquit
568 1496 842 1555 Tarquinius
871 1496 884 1517 ‘
905 1501 1051 1540 cotem
1079 1500 1122 1539 te
1151 1494 1356 1540 scindere
1381 1493 1526 1539 uolo.'
1584 1493 1645 1538 nil
1672 1507 1786 1541 cun-z

180 1573 327 1612 ctatus
363 1581 506 1625 augur
551 1566 695 1611 scidit.
771 1566 869 1609 exin
905 1578 1064 1623 magna
1101 1564 1211 1610 fides
1247 1571 1292 1609 et
1334 1565 1581 1610 auctoritas
1615 1564 1782 1610 Romae

116 1639 157 1679 '20
181 1650 401 1695 augurum
427 1635 605 1681 mansit.
664 1636 803 1680 Nauio
832 1649 933 1681 cum
963 1640 1064 1680 cote
1103 1641 1148 1679 et
1172 1633 1397 1680 nouacula
1434 1635 1684 1679 constituta
1713 1640 1783 1679 est
1836 1680 1842 1686 ,

180 1712 343 1752 statua.
1032 1715 1035 1717 ’

283 1779 321 1821 3.
382 1776 447 1819 Ti.
492 1774 715 1820 Gracchus
762 1773 1039 1820 tribunatum
1084 1774 1330 1834 adepturus
1373 1773 1616 1834 pullarium
1659 1772 1779 1819 domi

180 1846 408 1891 consuluit
443 1845 497 1890 ab
535 1858 679 1904 eoque
714 1847 779 1890 ire
817 1844 862 1889 in
900 1858 1106 1904 campum
1143 1844 1407 1905 prohibitus·
1429 1851 1513 1888 est.
1573 1843 1652 1888 sed
1677 1856 1781 1890 cum

180 1914 469 1974 pertinaciter
503 1922 738 1974 pergeret,
776 1917 838 1960 sic
864 1915 995 1960 illisit
1020 1929 1122 1960 mox
1149 1921 1274 1959 extra
1308 1915 1486 1960 ianuam
1512 1913 1694 1974 pedem,
1729 1920 1784 1958 ut

118 1995 158 2025 25
182 1985 277 2028 eius
321 1991 605 2029 excuteretur
651 1985 883 2030 articulus.
957 1985 1114 2029 deinde
1152 1991 1241 2029 tres
1288 1985 1415 2029 corui
1461 1983 1705 2043 prodeunti
1740 1984 1780 2027 ei

181 2067 280 2098 cum
307 2053 494 2099 uocibus
531 2053 732 2098 aduersis
770 2055 1090 2100 inuolauerunt‘
1117 2060 1161 2099 et
1186 2058 1545 2114 compugnantes
1581 2052 1781 2113 tegulam

180 2129 282 2167 ante
322 2123 455 2182 pedes
489 2124 585 2167 eius
623 2122 898 2169 deiecerunt.
949 2138 1142 2184 cumque
1175 2125 1222 2169 in
1248 2123 1470 2184 Capitolio
1508 2123 1779 2178 consuleret,

182 2192 342 2237 similia
378 2194 574 2251 auspicia
611 2193 777 2238 habuit.
839 2194 953 2239 male
987 2196 1129 2254 igitur
1164 2194 1398 2240 tribunatu
1433 2199 1568 2254 gesto
1606 2194 1781 2239 occisus

182 2268 251 2306 est
277 2276 300 2306 a
327 2261 536 2321 Scipione
556 2261 725 2307 Nasica.
776 2267 921 2321 primo
950 2266 1066 2310 ictus
1093 2265 1348 2323 fragmento
1377 2260 1596 2314 subsellii,
1602 2270 1780 2323 postea

117 2341 157 2372 30
181 2330 307 2376 claua
334 2331 570 2390 expirauit.
611 2346 777 2391 corpus
804 2335 900 2378 eius
928 2349 1027 2379 cum
1055 2335 1140 2385 his,
1170 2336 1247 2393 qui
1275 2335 1446 2394 pariter
1474 2334 1610 2379 occisi
1637 2338 1780 2382 erant,

179 2401 414 2446 Lucretius
442 2401 597 2445 aedilis
625 2401 743 2460 plebi
771 2403 1048 2448 inhumatum
1076 2407 1125 2449 in
1153 2404 1354 2449 Tiberim·
1375 2402 1489 2449 abici
1515 2402 1664 2448 iussit.

61 2533 65 2536 .
285 2474 327 2516 4.
370 2470 418 2514 P.
448 2470 656 2515 Claudius
692 2485 907 2531 praeceps
947 2475 1079 2518 animi
1117 2476 1263 2534 primo
1291 2470 1782 2533 ΒΘΙΙΟΨΡΠΠίβᾳριιΙΙᾶά

118 2596 119 2599 ¹
180 2542 292 2585 rium
321 2540 563 2585 consuluit.
625 2542 699 2598 qui
727 2555 826 2585 cum
854 2542 1034 2587 dixisset
1060 2558 1151 2589 non
1178 2543 1304 2590 uesci
1324 2542 1505 2603 pullos,
1543 2543 1700 2603 quod
1689 2555 1782 2586 ma·

120 2627 125 2663 ·,
179 2609 271 2654 lum
300 2623 428 2654 omen
455 2616 547 2659 est,
583 2606 795 2656 ‘bibant'
832 2612 980 2671 inquit
1006 2620 1050 2657 et
1078 2614 1119 2657 in
1148 2627 1275 2661 mare
1294 2613 1443 2674 proici
1469 2612 1618 2658 iussit.
1677 2625 1784 2656 mox

122 2665 127 2692 ,
1402 2660 1570 2672 ..ΜΗ

283 2746 317 2783 ι2
340 2741 638 2796 peifectionis
668 2747 717 2792 V,
742 2760 815 2785 em.
836 2748 931 2787 Mai
988 2749 1012 2787 9
1034 2749 1258 2789 ominibus
1279 2749 1438 2789 Rinkes
1498 2750 1551 2789 10
1565 2747 1717 2787 uictus
1742 2747 1787 2785 V

294 2800 345 2839 18
366 2803 411 2839 te
434 2801 534 2839 add.
553 2798 749 2853 Kempfl]
779 2806 1020 2843 cunctatus
1043 2805 1224 2856 Kempf:
1256 2806 1492 2844 conciatus
1515 2801 1616 2856 (sic)
1638 2803 1672 2843 C
1727 2804 1782 2842 20

179 2868 299 2896 nano
323 2856 357 2896 G
412 2857 463 2895 22
487 2856 616 2895 Titus
641 2856 673 2895 C
729 2859 782 2896 25
805 2859 1092 2899 excideretur
1114 2861 1167 2909 Ο,
1199 2873 1272 2901 em.
1294 2860 1462 2912 Kempf'
1511 2860 1565 2899 28
1593 2860 1726 2911 gesta
1750 2857 1786 2897 Ο

179 2914 231 2953 31
253 2913 301 2951 in
322 2915 397 2952 Om.
424 2911 456 2951 C
513 2914 565 2951 33
589 2912 666 2962 qui
689 2913 966 2953 condixisset
989 2915 1021 2954 G
1078 2918 1132 2956 34
1160 2913 1324 2968 pioici]
1350 2916 1476 2968 phiei
1498 2915 1532 2972 C
1691 2934 1695 2938 ·
