1878 3132
578 166 696 212 CAP.
725 167 774 217 11,
801 170 842 211 9.
882 166 952 218 111,
982 169 1120 210 1—3.
1159 165 1247 217 1111,
1277 168 1314 211 1.
1343 170 1383 211 ⁶2.
1727 159 1796 212 69

272 277 322 329 3.
364 274 609 328 Velitum
653 293 783 326 usus
820 293 883 328 eo
919 272 1065 327 bello
1113 274 1351 343 primum
1392 281 1644 345 repertus
1692 282 1792 341 est,

167 367 274 419 quo
291 346 540 418 Capuam
561 345 790 398 Fuluius
819 344 1050 397 Flaccus
1078 344 1379 414 imperator
1400 344 1638 399 obsedit.
1669 363 1798 398 nam

167 438 289 471 cum
341 413 606 488 eq'uitatui
657 415 1062 487 Campanorum
1114 416 1319 469 crebris
1372 416 1794 470 excursionibus

168 490 375 561 equites
411 488 612 554 nostri,
666 487 795 558 quia
830 505 1054 540 numero
1089 488 1376 557 pauciores
1425 496 1609 554 erant,
1662 487 1794 540 resi-

168 569 310 614 stere
343 577 454 612 non
497 567 748 630 possent,
803 557 871 624 Q.
908 556 1122 609 Nauius
1167 558 1410 611 centurio
1448 578 1476 611 e
1513 555 1792 630 peditibus
1817 579 1838 612 5

164 629 332 684 lectos
361 648 431 683 ex
472 630 609 683 editi
635 629 878 700 corporis
905 628 1169 682 breuibus
1197 637 1252 682 et
1278 631 1521 682 incuruis
1552 630 1793 700 septenis

165 709 404 756 armatos
432 648 627 767 Rastia
648 718 820 772 paruo
848 699 1128 769 tegumine
1154 701 1393 753 munitos
1401 741 1415 765 ,
1443 700 1622 754 ueloci
1650 700 1796 755 saltu

163 774 391 842 iungere
428 791 486 825 se
512 771 888 843 equitantibus
928 778 981 823 et
1014 789 1206 824 rursus
1245 771 1410 825 celeri
1440 781 1594 825 motu
1623 771 1796 825 dilabi

164 843 435 911 instituit,
475 860 580 914 quo
616 842 836 896 facilius
875 843 1115 913 equestri
1143 843 1350 914 proelio
1381 844 1615 896 subiecti
1642 843 1794 914 pedi-

164 923 244 967 tes
281 914 429 967 uiros
466 914 676 984 pariter
710 922 875 984 atque
921 926 1088 984 equos
1124 914 1365 968 hostium
1398 914 1521 967 telis
1560 915 1795 967 incesse·
1820 937 1860 968 10

165 993 303 1038 rent.
343 1003 516 1066 eaque
541 986 759 1037 nouitas
795 1002 1014 1054 pugnae
1039 985 1262 1037 unicum
1290 985 1606 1068 Campanae
1675 986 1795 1039 erfi-

167 1055 291 1108 diae
319 1054 630 1109 deb1litauit
656 1055 942 1124 auxilium,
970 1055 1202 1127 ideoque
1230 1064 1442 1110 auctori
1470 1057 1586 1110 eius
1615 1006 1794 1110 §auio

164 1129 337 1181 honos
365 1145 398 1178 a
424 1126 561 1178 duce
588 1133 672 1178 est
697 1127 937 1180 habitus,

270 1195 408 1250 IIII.
454 1198 501 1250 1.
539 1197 832 1250 Proximus
862 1217 895 1250 a
919 1198 1251 1252 militaribus
1293 1199 1560 1251 institutis
1599 1199 1672 1251 ad
1708 1217 1794 1250 ur-

162 1268 312 1322 bana
345 1275 550 1335 castra,
595 1267 656 1320 id
691 1276 774 1321 est
805 1268 1051 1336 theatra,
1102 1269 1309 1338 gradus
1356 1269 1642 1339 faciendus
1690 1278 1791 1337 est,
1819 1290 1860 1323 15

165 1339 423 1410 quoniam
457 1338 594 1392 haec
629 1357 843 1411 quoque
882 1359 1046 1412 saepe
1080 1358 1306 1394 numero
1342 1339 1618 1394 animosas
1648 1341 1795 1394 acies

162 1411 568 1477 instruxerunt,
607 1411 1026 1483 excogitataque
1064 1410 1243 1464 cultus
1282 1411 1508 1464 deorum
1546 1420 1600 1464 et
1626 1412 1795 1464 homi-

164 1500 294 1534 num
319 1480 701 1535 delectationis
730 1500 899 1534 causa
923 1501 1033 1534 non
1060 1483 1178 1535 sine
1200 1481 1384 1564 aliquo
1412 1483 1564 1553 pacis
1595 1484 1796 1536 rubore

163 1551 503 1622 uoluptatem
525 1559 578 1604 et
597 1551 919 1622 religionem
945 1553 1099 1606 ciuili
1121 1572 1388 1623 sanguine
1416 1554 1796 1608 scaenicorum

164 1631 544 1693 portentorum
570 1623 750 1692 gratia
775 1624 1140 1678 macularunt.
1738 1658 1752 1667 κ
1819 1647 1861 1678 20

271 1693 322 1746 2.
364 1693 521 1760 Quae
546 1694 804 1747 inchoata
830 1695 1050 1766 quidem
1080 1703 1208 1748 sunt
1234 1714 1267 1747 a
1291 1695 1556 1748 Messalla
1584 1705 1638 1749 et
1666 1696 1797 1749 Cas-

167 1763 248 1816 sio
285 1765 636 1831 censoribUS,
673 1774 916 1818 ceterum
952 1775 1176 1820 a‘uctore
1212 1767 1273 1818 P.
1305 1766 1560 1837 Scipione
1588 1767 1797 1820 Nasica

167 1851 382 1887 omnem
417 1844 745 1904 apparatum
790 1838 970 1906 operis
1018 1855 1206 1891 eorum
1249 1838 1558 1890 subiectum
1601 1837 1795 1891 hastae

138 1905 353 1960 ‚uenire
379 1903 602 1975 placuit.
656 1915 820 1976 atque
848 1908 1014 1959 etiam
1042 1915 1266 1960 senatus
1295 1907 1545 1961 consulto
1575 1917 1795 1961 cautum

163 2023 293 2069 rendi
319 2024 439 2070 ictus
466 2025 691 2071 rationem
717 2024 977 2086 legionibus
1013 2028 1229 2073 instituit.
1295 2030 1334 2072 3.
1374 2027 1570 2073 Velitum
1597 2043 1710 2074 usus
1738 2042 1791 2074 eo
1818 2041 1860 2074 25

163 2094 284 2152 bello
320 2096 519 2156 primum
554 2102 767 2156 repertus
794 2103 886 2148 est,
927 2112 1017 2159 quo
1045 2097 1240 2159 Capuam
1266 2098 1458 2144 Fuluius
1483 2098 1673 2146 Flaccus
1712 2100 1792 2145 ob-
1816 2083 1878 2118 Pa*

163 2165 297 2212 sedit.
358 2180 462 2212 nam
486 2181 589 2212 cum
616 2168 840 2228 equitatui
867 2168 1095 2230 Campano
1134 2169 1308 2216 crebris
1346 2169 1695 2216 excursionibus
1724 2185 1795 2232 re:

166 2237 330 2282 sistere
370 2236 520 2282 nostri
557 2251 650 2283 non
684 2245 898 2299 possent,
945 2238 998 2295 Q.
1027 2238 1196 2286 Nauius
1223 2242 1431 2287 centurio
1470 2255 1523 2287 ex
1558 2241 1794 2302 peditibus

163 2306 308 2354 lectos
336 2308 532 2368 expediti
558 2311 783 2370 corporis,
810 2309 1029 2356 breuibus
1058 2317 1103 2356 et
1130 2310 1335 2357 incuruis
1359 2312 1560 2372 septenis
1590 2319 1792 2359 armatos
1816 2326 1858 2375 39

85 2410 89 2414 -
163 2377 331 2430 hastis,
357 2393 503 2439 paruo
532 2381 763 2439 tegumine
790 2383 1015 2433 munitos,
1044 2381 1195 2428 ueloci
1222 2382 1344 2428 saltu
1370 2385 1561 2442 iungere
1590 2398 1638 2429 se
1667 2385 1793 2445 equi-

166 2447 368 2494 tantibus
405 2456 450 2494 et
477 2465 640 2495 rursus
667 2451 814 2497 delabi
840 2452 1050 2498 celeriter
1085 2453 1284 2499 edocuit.
1359 2458 1398 2499 2.
1438 2454 1686 2501 Theatrum
1726 2455 1792 2499 in-

165 2517 380 2564 choatum
408 2534 431 2564 a
451 2519 658 2566 Messalla
684 2529 728 2567 et
754 2522 909 2569 Cassio
937 2524 1206 2570 censoribus
1234 2531 1421 2570 auctore
1447 2525 1496 2569 P.
1517 2525 1676 2571 Nasica
1708 2525 1792 2571 sub

163 2587 295 2634 hasta
322 2589 479 2640 ueniit‚
506 2603 562 2634 ne
591 2593 862 2651 spectaculis
889 2594 1091 2655 populus
1120 2595 1473 2641 effeminaretur.
1498 2620 1568 2627 —
1597 2595 1793 2641 Senatus

283 2700 302 2736 1
334 2698 566 2739 uellitium
587 2692 642 2738 B'
702 2703 728 2741 3
759 2713 986 2754 campano
1008 2703 1049 2741 P
1084 2700 1102 2755 ΙΙ
1146 2703 1548 2745 excursationibus
1570 2705 1613 2744 B
1674 2707 1698 2745 6
1722 2718 1793 2746 se-

162 2758 328 2806 ptenos
366 2749 424 2795 B'
491 2758 515 2796 7
552 2756 771 2810 tegimine
802 2758 889 2798 BP
920 2772 1034 2799 corr.
1076 2773 1135 2799 ea:
1163 2761 1399 2812 tegumine
1459 2761 1485 2801 8
1524 2761 1685 2803 delabi
1724 2763 1792 2806 Ρς

165 2812 218 2850 12
249 2812 415 2852 naeuio
446 2812 489 2852 B
551 2815 602 2853 13
636 2826 662 2853 a
685 2813 802 2854 duce
823 2815 1025 2867 Lipsius:
1059 2815 1207 2856 adhue
1228 2816 1270 2856 B
1333 2819 1385 2858 14
1407 2831 1434 2858 a
1457 2819 1629 2869 addidi,
1661 2820 1719 2871 cf.
1746 2822 1789 2868 3,

160 2869 205 2914 ⁷2,
229 2870 268 2908 4.
302 2871 341 2915 5,
368 2871 432 2915 10,
456 2869 498 2908 E
520 2871 546 2908 2
607 2871 658 2909 -21
681 2870 885 2911 messala
907 2871 950 2911 B
1500 2883 1508 2886 ‘

172 2979 214 3018 V
278 2925 332 2964 25
351 2925 504 2966 iactus
534 2923 611 2980 Vl}
632 2926 814 2979 legibus
845 2928 887 2967 V
943 2930 994 2969 31
1029 2928 1247 2981 tegimine
1277 2931 1452 2974 Veorr.
1513 2934 1565 2972 33
1588 2931 1791 2979 messala

231 2992 344 3023 corr.
