1936 3120
80 59 127 70 ,ὐ
153 58 167 75 ,ι
203 47 260 61 :4-

102 73 235 83 ----

74 83 247 123 ··-·as·
576 75 1360 159 ‘CAP.11,§2—-4.Ext·§1·2l
1658 96 1769 150 439

149 213 236 260 tos
303 204 392 259 ilis
419 204 604 276 excipi
630 206 812 260 iussit.
874 225 1012 278 quae
1038 207 1231 260 auditu
1257 207 1423 261 etiam
1447 208 1768 264 intolerabi-

152 277 228 330 lia
303 293 513 334 ‚omano
556 277 713 330 iussu
753 276 1037 330 Lusitanis
1083 278 1336 332 manibus
1381 279 1768 335 administrata

154 354 308 415 sunt,
350 347 507 402 cuius
533 349 714 417 gentis
742 348 1016 418 praesidio
1043 347 1273 401 Flaccus
1300 348 1536 404 uallatus
1564 349 1766 403 diuinis

151 419 352 490 opibus
378 418 639 472 uaecordi
663 419 967 489 pertinacia
991 419 1304 473 resistebat.

261 493 383 542 Exi.
427 489 475 542 1.
515 489 693 541 Trans
735 487 1009 542 rediemur
1041 509 1185 542 nunc
1211 490 1280 543 ad
1317 489 1439 558 illa,
1479 491 1676 563 quibus
1703 500 1766 546 ut
1787 506 1809 540 5

193 578 254 612 ar
289 558 472 626 dolor,
520 559 599 612 ita
633 579 706 612 nu
731 560 813 612 lus
850 568 1067 613 nostrae
1105 561 1347 614 ciuitatis
1388 561 1557 616 rubor
1602 563 1764 616 inest.

243 630 646 700 rthaginienses
673 629 907 684 Atilium
932 631 1204 701 Regulum
1229 632 1507 703 palpebris
1536 635 1763 686 resectis

149 700 462 765 machinae,
498 701 556 753 in
593 720 703 772 qua
738 702 979 773 undique
1013 703 1296 774 praeacuti
1333 703 1540 757 stimuli
1567 704 1763 756 emine-

151 773 314 838 bant,
350 770 622 824 inclusum
655 772 946 842 uigilantia
981 774 1187 844 pariter
1223 782 1277 826 et
1302 774 1556 827 continuo
1583 782 1765 828 tractu
1800 785 1803 787 ’

152 842 356 898 doloris
402 852 752 895 necauerunt.
827 844 1084 897 tormenti
1129 863 1299 914 genus
1344 845 1491 897 haud
1538 844 1764 914 dignum
1785 861 1827 894 10

148 933 313 986 passo
351 914 666 967 auctoribus
705 913 1107 984 dignissimum.
1183 914 1375 968 eadem
1412 917 1498 968 usi
1535 914 1763 969 crudeli-

151 993 266 1038 tate
292 985 493 1037 milites
520 994 738 1038 nostros
776 985 1048 1039 maritimo
1086 986 1381 1047 certamine
1406 987 1464 1038 in
1491 1005 1646 1039 suam
1670 1004 1762 1057 po-

149 1064 410 1110 testatem
444 1055 695 1109 redactos
732 1057 967 1110 nauibus
1009 1058 1457 1124 substrauerunt,
1493 1064 1553 1109 ut
1578 1076 1763 1110 earum

149 1127 351 1191 carini-s
381 1145 443 1179 ac
467 1126 711 1196 pondere
739 1126 858 1179 elisi
884 1128 1148 1180 inusitata
1184 1128 1393 1181 ratione
1418 1129 1608 1182 mortis
1635 1128 1759 1181 bar-

149 1198 344 1252 baram
383 1197 660 1254 feritatem
698 1198 987 1265 satiarent,
1032 1206 1205 1252 taetro
1252 1199 1494 1252 facinore
1536 1198 1756 1269 pollutis
1782 1211 1822 1245 15

149 1267 422 1322 classibus
450 1267 630 1339 ipsum
656 1286 804 1320 mare
830 1268 1107 1322 uiolaturi.

257 1339 308 1392 2.
347 1339 556 1392 Eorum
591 1338 706 1391 dux
731 1339 1042 1405 Hannibal,
1082 1340 1235 1392 cuius
1271 1340 1474 1392 maiore
1510 1358 1579 1392 ex
1604 1346 1760 1410 parte

148 1410 326 1463 uirtus
364 1409 598 1462 saeuitia
644 1410 956 1474 constabat,
1011 1411 1068 1462 in
1103 1409 1323 1462 flumine
1358 1409 1611 1480 Vergello
1648 1428 1760 1462 cor-

150 1481 376 1552 poribus
405 1480 670 1534 Romanis
707 1490 871 1551 ponte
907 1483 1053 1534 facto
1092 1481 1391 1533 exercitum
1427 1480 1759 1548 transduxit,

147 1558 212 1604 ut
256 1569 433 1621 aeque
482 1553 826 1604 terrestrium
876 1552 1166 1605 scelestum
1215 1551 1758 1621 Karthaginiensium
1781 1567 1823 1598 20

148 1621 431 1692 copiarum
457 1640 738 1690 egressum
763 1630 908 1674 terra
943 1641 1107 1693 quam
1132 1623 1529 1674 maritimarum
1555 1621 1759 1692 Neptu-

149 1711 252 1744 nus
281 1693 637 1762 experiretur.
714 1692 862 1745 idem
887 1693 1133 1763 captiuos
1160 1700 1396 1758 nostrOS,
1425 1693 1679 1746 oneribus
1708 1699 1761 1743 et
1820 1743 1823 1747 .

148 1763 344 1816 itinere
370 1762 543 1815 fessos
570 1763 706 1829 iam,
743 1764 921 1834 prima
959 1764 1157 1833 pedum
1224 1771 1341 1815 arte
1368 1764 1577 1814 succisa
1603 1761 1758 1814 relin-

148 1833 369 1905 quebat.
444 1852 577 1904 quos
604 1852 735 1886 uero
764 1834 822 1886 in
848 1842 1029 1886 castra
1065 1782 1397 1904 perAEixerat
1411 1873 1425 1900 ,
1464 1832 1618 1903 paria
1643 1832 1757 1885 fere

150 1953 284 1999 nibus
305 1952 642 2013 Ateguensibus
670 1952 966 2003 obsideretur,
998 1966 1151 1998 omnes
1174 1954 1270 1997 eius
1294 1951 1447 2012 oppidi
1474 1953 1611 2001 ciues,
1641 1965 1754 2010 quos
1779 1958 1819 1991 25

149 2023 454 2070 studiosiores
481 2024 684 2069 Caesaris
713 2030 930 2075 senserat,
961 2024 1190 2083 iugulatos
1211 2037 1233 2067 e
1255 2023 1395 2068 muris
1423 2022 1754 2082 praecipitauit.
1779 1999 1871 2033 Par.

258 2097 299 2139 1.
338 2094 731 2154 Carthaginienses
782 2095 969 2140 Atilium
1019 2094 1239 2155 Regulum
1290 2093 1516 2154 palpebris
1568 2091 1756 2138 resectis

67 2174 72 2179 ’
150 2166 357 2212 machina
393 2164 644 2216 inclusum,
686 2167 731 2210 in
768 2181 855 2226 qua
892 2165 1091 2226 undique
1127 2166 1359 2225 praeacuti
1395 2163 1564 2208 stimuli
1593 2163 1757 2208 emine·

149 2237 273 2287 bant,
301 2243 592 2282 necauerunt.
655 2236 807 2281 eadem
846 2237 915 2281 usi
944 2236 1212 2282 crudelitate
1240 2235 1405 2280 milites
1444 2241 1628 2278 nostros
1655 2247 1757 2292 cap·

153 2314 226 2352 tos
254 2306 447 2351 nauibus
476 2306 826 2351 substrauerunt
853 2306 1141 2352 obterendos.
1193 2311 1232 2351 2.
1261 2304 1477 2350 Hannibal
1505 2304 1548 2348 in
1576 2304 1757 2348 flumine
1780 2311 1821 2343 30
1872 2326 1876 2330 ·

150 2376 358 2436 Vergello
396 2376 666 2435 corporibus
692 2377 903 2421 Romanis
943 2384 1080 2436 ponte
1117 2377 1237 2421 sacto
1275 2377 1518 2420 exercitum
1546 2374 1755 2419 traduxit.

150 2447 267 2492 idem
295 2447 503 2507 captiuos
531 2453 738 2496 nostros,
776 2446 992 2491 oneribus
1020 2453 1064 2491 et
1090 2448 1254 2491 itinere
1290 2446 1435 2490 fessos
1466 2445 1564 2494 iam,
1595 2444 1757 2503 pedum

264 2572 288 2610 2
330 2570 595 2610 lusitaniam&
617 2561 672 2608 B'
695 2567 1029 2621 (lusitanicis‘?)
1107 2570 1133 2608 4
1173 2568 1335 2620 opibus
1366 2568 1511 2608 BCD:
1542 2565 1755 2618 operibus

147 2629 254 2670 dett.
316 2628 340 2667 5
363 2639 455 2666 nun
475 2620 530 2665 B'
592 2626 615 2666 7
638 2625 816 2666 italium
840 2618 895 2665 B'
954 2625 979 2665 8
1001 2625 1213 2677 praecuti
1233 2618 1289 2664 B'
1359 2626 1410 2664 10
1431 2621 1552 2663 haud
1574 2622 1757 2674 dignum

150 2684 194 2724 B
222 2697 310 2736 my:
352 2682 597 2735 addignum
626 2682 690 2731 B,
722 2681 960 2735 indignum
990 2681 1013 2721 b
1094 2683 1144 2720 12
1186 2681 1414 2721 maritimo
1445 2680 1486 2719 B
1515 2692 1601 2730 7719:
1643 2690 1756 2730 quos

147 2740 287 2781 marti
309 2739 349 2779 B
430 2741 482 2780 18
503 2738 719 2790 Vergello
742 2739 895 2778 Florus
916 2738 955 2785 I,
981 2740 1036 2778 22
1060 2736 1151 2790 (II,
1176 2735 1218 2787 6)
1242 2738 1264 2786 ἓ
1292 2739 1367 2777 18.·
1401 2735 1524 2789 gallo
1547 2735 1601 2783 B,
1625 2733 1754 2787 igillo

150 2798 203 2844 P,
227 2796 351 2850 gello
373 2797 468 2837 cod.
491 2795 644 2837 Atreb.
709 2796 759 2835 19
783 2793 986 2834 traduxit
1006 2794 1046 2833 P
1101 2796 1155 2834 20
1179 2805 1326 2844 aquae
1349 2793 1390 2833 B
1411 2790 1429 2847 Η
1450 2796 1554 2832 terr.
1579 2790 1690 2832 scel.
1714 2790 1754 2830 B

148 2854 251 2894 add.
276 2851 345 2905 (m.
369 2856 392 2892 1
415 2852 453 2904 Ρ)
475 2853 608 2905 siquis
632 2853 978 2904 transpositionis
998 2847 1018 2904 Η
1039 2849 1301 2890 scelestium
1323 2843 1377 2888 B'
1444 2851 1499 2889 24
1521 2844 1692 2899 quosda
1712 2847 1754 2886 B

147 2914 250 2950 ante
271 2922 359 2951 ras.
383 2907 401 2963 Η
423 2914 578 2950 eastra
599 2908 653 2955 B,
676 2909 754 2948 sed
775 2919 829 2947 ca
851 2909 892 2947 in
914 2920 1020 2959 ras„
1043 2909 1202 2947 nostra
1225 2906 1299 2947 CF
