1878 3132
633 134 752 180 CAP.
781 133 858 185 vl,
901 133 930 192 g
959 137 1156 180 11—13.
1632 126 1699 178 31

77 243 298 315 plicatis
344 242 581 296 militum
616 242 837 309 animis,
889 241 1171 294 nocturnis
1211 241 1379 294 totius
1426 239 1699 294 exercitus

79 314 380 368 terroribus
392 354 407 382 ,
460 313 529 366 ab
562 312 699 383 ipsis
735 312 1004 365 altaribus
1040 311 1344 365 hostiarum
1378 311 1529 380 fuga.
1606 309 1703 362 sed

78 385 319 438 inuictae
354 384 502 453 leges
539 383 958 436 necessitudinis
990 391 1182 453 pectus
1231 381 1475 453 alioquin
1512 380 1703 452 procul

81 455 319 509 amentia
360 460 630 507 remotum
672 453 927 524 prodigia
969 453 1080 505 ista
1122 453 1266 505 iusta
1316 452 1701 506 aestimatione

79 525 415 598 perpendere
439 542 638 595 passae
661 544 773 578 non
799 532 943 577 sunt.
1003 525 1189 594 itaque
1217 523 1346 575 dum
1380 523 1476 575 illa
1501 522 1700 590 eleuat,
1726 533 1750 570 5'

80 595 463 650 auctoritatem
506 594 898 665 amplissimam
940 603 994 648 et
1038 613 1168 664 opes
1212 594 1431 664 priuato
1476 593 1700 662 fastigio

80 666 407 720 excelsiores
453 667 742 737 omniaque
787 674 1134 732 ornamenta,
1182 684 1321 736 quae
1366 665 1435 717 ab
1479 665 1701 717 ineunte

79 736 455 790 adulescentia
489 735 560 788 ad
595 737 861 789 inuidiam
896 755 1071 808 usque
1099 743 1480 802 contraxerat,
1521 736 1700 805 spatio

78 808 241 860 unius
278 807 389 860 diei
424 806 712 877 confregit.
778 825 883 878 quo
912 814 1127 859 constat
1161 809 1218 859 in
1254 806 1500 858 delubris
1539 807 1700 858 deum

80 897 181 931 sua
207 886 401 948 sponte
427 880 585 947 signa
611 897 897 945 conuersa,
924 877 1217 930 militarem
1245 876 1538 929 clamorem
1565 884 1700 929 stre·
1726 892 1766 922 10

117 949 365 1019 itumque
391 967 667 1001 armorum
693 951 828 1002 adeo
854 967 1115 1018 magnum
1140 948 1469 1001 Antiochiae
1497 956 1551 1000 et
1575 948 1701 1000 Pto-

78 969 311 1072 Femaide
338 1019 612 1086 auditum,
649 1028 711 1072 ut
735 1020 794 1071 in
819 1037 1000 1071 muros
1029 1027 1469 1086 concurreretur,
1509 1037 1702 1071 sonum

80 1098 465 1161 tympanorum
501 1090 756 1158 Pergami
803 1090 1003 1143 abditis
1042 1089 1257 1143 delubri
1302 1089 1536 1156 editum,
1588 1088 1701 1160 pal-

78 1178 222 1212 mam
247 1158 480 1212 uiridem
509 1159 789 1213 Trallibus
816 1162 875 1213 in
900 1160 1035 1213 aede
1062 1161 1344 1214 Victoriae
1373 1161 1476 1214 sub
1503 1161 1700 1212 Caesa-

79 1231 151 1283 ris
189 1238 372 1283 statua
405 1231 549 1283 inter
586 1239 908 1300 coagmenta
942 1231 1187 1301 lapidum
1223 1231 1403 1284 iustae
1428 1231 1700 1300 magnitu-
1726 1243 1766 1276 15

81 1301 223 1354 dinis
260 1309 497 1354 enatam.
549 1302 746 1372 quibus
784 1311 1016 1373 apparet
1052 1301 1372 1355 caelestium
1409 1321 1611 1354 numen
1647 1310 1701 1354 et

81 1372 334 1425 Caesaris
365 1371 572 1442 gloriae
597 1372 807 1425 fauisse
843 1382 898 1425 et
923 1373 1151 1444 Pompei
1179 1392 1418 1427 errorem
1453 1372 1702 1425 inhibere

79 1441 339 1496 uoluisse.

145 1562 152 1568 .
190 1514 271 1565 13.
322 1513 474 1579 Tuas
517 1517 640 1566 aras
677 1523 880 1584 tuaque
917 1515 1267 1567 sanctissima
1303 1513 1532 1584 templa,
1575 1513 1702 1566 diue

81 1582 216 1650 Iuli,
265 1591 560 1636 ueneratus
607 1603 702 1638 oro
747 1594 808 1636 ut
842 1585 1079 1656 propitio
1126 1586 1435 1637 acfauenti
1477 1585 1701 1636 numine
1726 1599 1766 1630 ‘20

79 1661 359 1706 tantorum
405 1672 565 1706 casus
600 1656 848 1708 uirorum
885 1657 986 1708 sub
1025 1656 1106 1708 tui
1145 1656 1383 1726 exempli
1424 1655 1701 1726 praesidio

84 1741 146 1775 ac
172 1723 346 1776 tutela
373 1723 693 1779 delitescere
719 1726 969 1795 patiaris,
1031 1734 1084 1778 te
1112 1727 1256 1778 enim
1292 1727 1600 1796 accepimus
1640 1745 1701 1778 eo

85 1793 190 1859 die,
219 1812 326 1863 quo
352 1812 628 1864 purpurea
651 1804 805 1848 ueste
831 1796 1047 1848 uelatus
1076 1815 1243 1848 aurea
1268 1797 1326 1847 in
1355 1797 1490 1848 sella
1516 1815 1702 1850 conse-

49 1863 242 1929 fidisti,
279 1882 348 1916 ne
375 1865 612 1918 maximo
642 1866 822 1919 studio
853 1875 1074 1919 senatus
1113 1868 1450 1936 exquisitum
1478 1875 1532 1918 et
1558 1866 1703 1919 dela-

80 1942 197 1987 tum
222 1933 478 1987 honorem
508 1936 785 2006 spreuisse
811 1936 1105 2004 uidereris,
1132 1939 1454 2008 priusquam
1478 1945 1701 2007 exopta·
1726 1954 1771 1986 25

80 2005 440 2073 tum-ciuium
484 2006 655 2059 oculis
703 2016 1055 2078 conspectum
1104 2008 1186 2059 tui
1229 2009 1478 2075 offerres,
1533 2008 1702 2060 cultui

80 2074 384 2144 religionis,
440 2076 496 2127 in
538 2095 701 2148 quam
738 2096 866 2130 mox
903 2097 1021 2130 eras
1063 2080 1395 2132 transiturus
1408 2119 1422 2146 ,
1471 2098 1701 2131 uacasse

81 2219 138 2266 lis
164 2221 395 2267 fortunam
434 2223 626 2283 experiri
654 2226 932 2284 proponenti
961 2226 1150 2271 aduersa
1191 2228 1358 2286 agmini
1387 2227 1482 2271 eius
1511 2226 1699 2271 fulmina
1725 2233 1817 2268 Par.

84 2287 368 2343 ecciderunt,
397 2293 547 2353 apium
576 2295 855 2341 examinibus
885 2297 1011 2355 signa
1041 2296 1299 2347 obscurata,
1328 2296 1382 2342 ab
1409 2297 1521 2357 ipsis
1550 2297 1702 2342 altari-

82 2361 170 2407 bus
202 2362 456 2408 hostiarum
493 2365 602 2424 fug'a
646 2365 777 2411 sacta.
835 2391 892 2398 —-
949 2366 1059 2411 Belli
1099 2367 1245 2412 ciuilis
1282 2368 1375 2417 die,
1422 2368 1541 2427 quod
1584 2370 1702 2412 inter
1725 2377 1766 2407 30

8 2477 24 2502 ἑ
85 2431 127 2476 C.
157 2432 390 2478 Caesarem
418 2448 468 2479 ac
492 2434 756 2495 Pompeium
782 2436 881 2487 suit,
911 2437 954 2481 in
983 2436 1183 2482 delubris
1210 2438 1400 2483 deorum
1429 2452 1507 2482 sua
1537 2445 1705 2497 sponte

15 2509 18 2511 ’
86 2502 213 2560 signa
251 2516 472 2548 conuersa
500 2512 631 2555 sunt,
668 2506 876 2551 militaris
913 2507 1086 2553 clamor
1122 2510 1437 2568 strepitusque
1475 2522 1702 2553 armorum

10 2572 14 2574 ’
84 2584 275 2632 magnus
302 2573 568 2629 Antiochiae
595 2582 640 2619 ct
665 2575 941 2622 Ptolemaide
970 2578 1171 2628 auditUS,
1212 2593 1352 2622 sonus
1379 2585 1704 2637 tympanorum

197 2710 222 2748 ‘2
264 2709 375 2762 fuga
416 2710 546 2750 facta
587 2713 628 2750 P
703 2714 728 2752 3
766 2714 1064 2753 necessitatis
1092 2714 1267 2765 Pighius
1295 2727 1355 2753 ea:
1383 2728 1464 2755 uno
1494 2716 1588 2756 cod.
1625 2727 1700 2755 suo

2 2764 30 2817 [5
84 2764 110 2804 5
131 2763 211 2805 ille
234 2765 297 2814 B,
331 2779 406 2806 em.
431 2767 573 2808 Periz.
634 2770 659 2808 9
690 2768 811 2819 quod
832 2769 895 2815 B,
925 2770 1031 2820 fort·
1064 2781 1151 2820 <1¹10
1174 2769 1246 2810 (lie
1315 2772 1364 2810 ll
1387 2770 1700 2823 ptolemaidae

7 2833 42 2868 ,τῇ
85 2817 187 2870 (dae
205 2822 249 2860 in
266 2821 375 2873 ras.)
399 2822 441 2861 B
476 2847 479 2850 -
501 2825 552 2864 13
570 2823 772 2865 delubris
785 2824 840 2872 B,
864 2838 939 2868 em.
954 2826 1127 2877 Lipsius
1146 2823 1315 2878 (adytis
1334 2826 1514 2867 delubri
1529 2828 1701 2877 Gudias,

0 2876 45 2942 ..ῗό
63 2880 131 2915 „at
149 2890 189 2916 u.
217 2877 334 2917 Caes.
360 2878 397 2917 b.
420 2881 500 2919 eiu.
529 2882 569 2927 3,
594 2883 690 2930 105,
715 2881 758 2925 4)
821 2884 1143 2934 16,ειρραι·θτθῐ;
1164 2880 1221 2922 B'
1239 2880 1258 2936 1]
1283 2883 1532 2924 caelestum
1553 2883 1595 2922 B

199 2933 251 2972 28
270 2934 374 2984 fort.
399 2940 680 2988 proponente
742 2939 794 2977 29
818 2951 952 2991 apum
984 2940 1155 2979 Vcorr.
1219 2942 1270 2980 33
1294 2938 1605 2993 ptolomaidae
1636 2939 1676 2978 V
1710 2939 1727 2954 ⁶
