1924 3152
699 32 820 123 CAIJ.
842 75 897 128 Π,
926 75 956 135 g
983 30 1124 121 2247}
1162 76 1232 121 111.
1584 37 1596 39 ὦ
1675 69 1774 121 177

255 188 304 242 5.
324 241 328 244 ,
346 186 622 245 Ciceronis
650 192 832 238 autem
856 184 1068 238 factum
1094 183 1232 237 adeo
1258 183 1441 235 uisum
1468 189 1551 235 est
1576 181 1775 252 proba-

146 259 364 326 bilejut
389 258 595 318 imitari
619 255 679 308 id
698 275 765 309 ne
791 254 1201 308 inimicissimus
1223 253 1444 325 quidem
1463 252 1543 305 illi
1562 253 1623 306 P.
1649 252 1775 305 Pul-

149 331 277 387 cher
299 329 653 383 dubitauerit.
694 328 788 397 qui
812 327 1009 379 incesti
1030 325 1254 378 crimine
1273 343 1305 376 a
1327 325 1504 378 tribus
1524 322 1775 377 Lentulis

148 408 466 467 accusatus,
492 417 662 451 unum
689 416 758 450 ex
783 397 867 449 his
896 397 1135 449 ambitus
1163 415 1317 465 reum
1343 395 1647 467 patrocinio
1678 414 1775 448 suo

148 473 392 544 protexit
417 477 473 523 at
512 488 581 522 ue
607 471 666 521 in
692 468 934 520 animum
958 468 1194 534 induxit,
1224 475 1278 520 et
1302 467 1511 519 iudices
1541 475 1596 519 et
1621 485 1775 537 prae-
1798 480 1819 514 5
1848 492 1851 493 ⁷

147 553 322 596 torem
368 549 422 593 et
521 547 671 592 estae
715 538 908 592 aedem
950 540 1170 591 intuens
1185 578 1199 605 ,
1262 539 1498 591 amicum
1537 537 1776 591 Lentulo

149 631 339 684 agere,
377 613 520 666 inter
547 629 685 682 quae
712 609 1064 663 ille'salutem
1090 610 1203 671 eius
1233 610 1392 661 foedo
1420 608 1647 662 crimine
1684 609 1777 667 ob·

148 703 309 738 ruere
335 684 559 754 cupiens
586 680 774 735 hostili
800 699 936 737 uoce
962 687 1335 751 perorauerat,

255 753 606 807 6.·Caninius
635 760 820 805 autem
847 751 1042 805 Gallus
1078 770 1231 804 reum
1260 753 1468 822 pariter
1493 759 1656 822 atque
1693 769 1775 804 ac-

149 833 462 878 cusatorem
499 823 881 878 admirabilem
918 825 1057 892 egit,
1114 830 1168 875 et
1206 821 1270 875 C.
1307 822 1563 889 Antonii,
1617 838 1778 893 quem
1801 838 1843 870 10

149 897 539 963 damnauerat,
587 893 756 947 filiam
793 896 850 947 in
885 894 1292 947 matrimonium
1329 894 1577 947 ducendo
1620 901 1673 946 et
1699 893 1775 952 M,

150 966 461 1034 Colonium,
515 984 547 1018 a
592 984 696 1036 quo
743 965 1031 1018 damnatus
1068 965 1274 1031 fuerat,
1325 983 1510 1017 rerum
1550 983 1776 1017 suarum

147 1045 560 1109 procuratorem
584 1037 854 1091 habendo.
1790 1054 1793 1056 ·

257 1110 306 1161 7.
347 1107 499 1160 Caeli
533 1125 663 1160 uero
699 1107 826 1159 Rufi
860 1114 922 1159 ut
946 1107 1063 1160 uita
1097 1107 1408 1177 inquinata,
1453 1108 1531 1159 ita
1568 1106 1775 1159 miseri-

149 1178 357 1245 cordia,
386 1197 550 1250 quam
579 1179 647 1244 Q.
674 1178 935 1249 Pompeio
962 1177 1258 1248 praestitit,
1285 1177 1590 1248 probanda.
1632 1179 1720 1230 cui
1747 1196 1778 1230 a
1803 1193 1845 1225 15

151 1269 207 1303 se
233 1249 458 1322 publica
485 1250 807 1320 quaestione
842 1256 1120 1320 prostrato
1160 1266 1283 1300 cum
1318 1256 1494 1301 mater
1521 1247 1778 1301 Cornelia

150 1321 279 1374 fidei
306 1321 599 1373 commissa
623 1320 853 1391 praedia
878 1339 988 1373 non
1012 1318 1268 1372 redderet
1302 1327 1466 1390 atque
1491 1320 1597 1371 iste
1625 1320 1777 1371 auxi-

147 1391 283 1444 lium
310 1411 468 1444 suum
494 1391 692 1445 litteris
719 1390 1064 1462 inplorasset,
1093 1391 1530 1460 pertinacissime
1557 1391 1779 1443 absenti
1822 1405 1826 1411 ’

149 1463 346 1524 adfuit.
385 1463 639 1516 recitauit
666 1462 832 1515 etiam
860 1463 977 1514 eius
1007 1461 1295 1533 epistolam
1321 1461 1523 1514 iudicio
1551 1461 1778 1514 ultimae

92 1560 98 1564 ·
149 1534 492 1587 necessitatis
518 1533 769 1599 indicem,
798 1552 908 1604 qua
927 1534 1152 1602 impiam
1173 1531 1458 1586 Corneliae
1485 1532 1778 1586 auaritiam
1803 1550 1844 1580 20

153 1604 454 1657 subuertit:
497 1605 708 1657 factum
734 1612 960 1675 propter
998 1605 1258 1656 eximiam
1283 1603 1683 1657 humanitatem
1708 1623 1776 1656 ne
1915 1600 1919 1604 ⁴

150 1675 253 1727 sub
281 1674 467 1727 Caelio
495 1675 714 1747 quidem
742 1683 964 1728 auctore
990 1675 1409 1745 repudiandum.

240 1817 347 1869 III.
399 1821 498 1868 DE
530 1802 1010 1868 ABSTINENTIA
1050 1820 1146 1867 ET
1181 1818 1678 1868 CONTINENTIA.

257 1915 463 1985 Magna
499 1933 630 1968 cura
663 1916 1067 1986 praecipuoque
1104 1914 1282 1967 studio
1319 1914 1670 1967 referendum
1697 1922 1779 1967 est

148 1994 487 2058 quantopere
522 1985 768 2038 libidinis
816 1996 870 2039 et
914 1986 1180 2038 auaritiae
1221 1985 1396 2038 furori
1444 1985 1636 2038 similis
1680 1987 1776 2037 im·
1801 2001 1843 2032 25

149 2066 309 2128 petus
355 2058 425 2110 ab
469 2056 779 2110 inlustrium
815 2057 1063 2110 uirorum
1100 2057 1415 2127 pectoribus
1453 2054 1677 2109 consilio
1715 2075 1778 2108 ac

150 2127 370 2181 ratione
388 2129 644 2180 summoti
672 2129 806 2194 sint,
845 2129 973 2198 quia
1009 2127 1046 2178 ii
1075 2128 1290 2179 demum
1317 2136 1574 2197 penates,
1615 2146 1678 2179 ea
1706 2128 1776 2179 ci-

149 2201 317 2266 uitaS,
346 2199 402 2251 id
428 2218 656 2269 regnum
684 2207 906 2252 aeterno
935 2199 992 2250 in
1018 2199 1196 2268 gradu
1223 2198 1386 2251 facile
1414 2199 1646 2265 steterit,
1681 2199 1779 2251 ubi

149 2271 432 2322 minimum
478 2272 678 2322 uirium
725 2270 943 2322 ueneris
995 2270 1368 2341 pecuniaeque
1418 2269 1619 2340 cup-ido
1672 2270 1777 2322 sibi

151 2401 346 2462 publicis
384 2403 563 2449 iudiciis
603 2409 775 2448 tutatus
813 2410 899 2448 est.
974 2406 1013 2448 6.
1060 2403 1271 2449 Caninius
1300 2403 1452 2448 Gallus
1492 2402 1538 2447 C.
1573 2403 1774 2453 Antonii,
1800 2412 1842 2442 30

152 2485 287 2532 quem
314 2485 440 2517 reum
468 2472 662 2522 fecerat,
701 2473 836 2518 filiani
864 2474 1004 2519 duxit.
1059 2474 1173 2519 idem
1202 2473 1428 2519 Valerium
1456 2473 1721 2524 Maximum,
1752 2488 1774 2518 a
1800 2452 1895 2486 Par.

151 2557 243 2602 quo
273 2543 509 2589 damnatus
536 2543 706 2594 fuerat,
734 2551 1081 2604 procuratorem
1108 2559 1263 2590 rerum
1289 2558 1472 2591 suarum
1499 2543 1671 2589 habuit.

207 2690 210 2692 -
261 2669 291 2707 3
312 2667 483 2707 incesti
505 2666 560 2715 B,
582 2668 663 2707 sed
682 2667 770 2707 esti
790 2669 833 2707 in
853 2680 942 2711 ras.
1005 2669 1030 2708 5
1053 2666 1145 2707 iud:
1169 2668 1235 2708 B:
1258 2667 1454 2708 iudicem
1477 2664 1623 2721 delt.,{}
1644 2680 1777 2721 prae·

147 2726 298 2763 torum
320 2716 375 2763 B'
447 2725 496 2764 11
520 2737 587 2763 m*
611 2723 840 2765 colonium
864 2723 917 2770 B,
949 2724 1187 2765 Valerium
1206 2725 1457 2765 Maximum
1478 2725 1520 2766 P
1586 2726 1638 2765 15
1669 2737 1712 2776 q.
1736 2724 1778 2764 B
1804 2755 1808 2759 .

150 2780 194 2818 in
214 2793 306 2822 ras.
333 2776 355 2834 [Ι
384 2793 410 2820 a
441 2793 490 2821 se
520 2780 587 2820 B:
620 2784 836 2833 asenatu
857 2783 882 2821 l.
906 2795 945 2821 u.
967 2782 1010 2821 in
1031 2781 1073 2821 B
1095 2795 1174 2834 ⁷⁷²9·
1242 2782 1294 2822 16
1324 2785 1476 2823 mater
1501 2781 1706 2823 cornelia
1736 2781 1777 2821 B

146 2849 253 2892 περς
284 2839 432 2878 matre
457 2837 613 2887 (matri
635 2837 675 2890 b)
700 2836 935 2878 corneliae
958 2837 1000 2877 B
1063 2840 1113 2879 117
1137 2835 1241 2891 iste]
1268 2839 1335 2879 ita
1358 2838 1399 2878 B

266 2895 320 2933 30
344 2924 354 2933 .
373 2892 408 2933 C
428 2927 437 2936 .
455 2893 634 2935 Annius
665 2895 709 2934 V

235 2974 342 3005 vu„
366 2975 477 3007 MAX.
1036 2957 1045 2968 ⁸
1458 2963 1522 3015 12

9 3024 54 3152 5323‘5?
16 2791 18 2793 ,
