1924 3152
167 113 270 165 174
419 164 423 166 ,
861 118 960 164 LIB.
999 118 1088 164 1111.

166 224 377 280 consuli
413 226 629 277 cuinam
665 223 972 277 adiudicari
1005 243 1196 279 mensa
1230 226 1474 281 deberet.
1529 228 1661 283 deus
1697 250 1776 284 re-

165 294 387 365 spondit
420 293 503 346 illi
529 312 648 346 esse
675 293 940 361 dandam,
978 295 1072 366 qui
1098 297 1366 367 sapientia
1392 305 1600 354 ceteros
1625 319 1778 371 prae·

165 372 361 432 staret,
400 363 485 416 his
511 364 723 417 uerbis:

233 437 315 496 τίς
340 436 514 504 σοφίᾳ
538 437 756 504 πρῶτος
782 435 1053 488 πάντωνῬ
1091 435 1269 508 τούτῳ
1295 436 1515 507 τρίποδ’
1539 436 1711 497 αὐδῶ.

120 521 140 553 5
162 513 278 559 tum
302 504 507 558 Milesii
545 523 813 558 consensu
840 506 1058 559 Thaleti
1082 527 1328 561 mensam
1355 509 1636 563 dederunt.
1689 510 1783 563 ille

163 577 330 630 cessit
355 594 475 629 eam
499 577 703 644 Bianti,
731 577 861 629 Bias
882 577 1114 645 Pittaco,
1141 579 1188 630 is
1214 581 1462 649 protinus
1491 579 1604 647 alii,
1633 581 1782 634 dein-

162 666 397 718 cepsque
431 665 528 717 per
573 648 813 700 omnium
848 655 1059 718 septem
1104 650 1433 719 sapientium
1477 651 1664 704 orbem
1709 650 1782 703 ad

160 717 411 771 ultimum
437 717 509 769 ad
535 717 791 771 Solonem
815 719 1084 789 peruenit,
1113 720 1206 789 qui
1234 728 1288 772 et
1313 719 1534 773 titulum
1560 720 1777 791 amplis-

162 790 332 841 simae
403 787 691 842 rudentiae
728 797 781 842 et
815 788 1117 860 praemium
1153 789 1225 841 ad
1258 790 1439 860 ipsum
1473 788 1782 861 Apollinem

99 874 140 905 10
164 867 377 913 transtu
398 859 459 911 it.

268 930 318 982 8.
358 931 612 1000 Aequum
638 937 725 981 est
750 938 812 981 ut
839 929 1195 999 Theopompo
1223 948 1455 1001 quoque,
1486 930 1781 1002 Spartano-

160 1019 281 1053 rum
306 1000 450 1069 regi,
487 998 878 1072 moderationis
918 1000 1288 1052 testimonium
1323 1000 1637 1054 reddamus.
1689 1002 1781 1073 qui

162 1089 286 1123 cum
328 1070 536 1141 primus
588 1070 923 1124 instituisset
971 1078 1033 1122 ut
1083 1070 1319 1141 ephoroe
1362 1071 1779 1126 Lacedaemone

160 1149 499 1206 crearentur,
527 1141 606 1193 ita
631 1141 816 1209 regiae
839 1142 1105 1222 potestati
1132 1141 1398 1212 oppositi,
1436 1143 1783 1213 quemadmo-

95 1223 137 1257 15
161 1212 290 1265 dum
307 1212 515 1264 Romae
536 1211 811 1264 consulari
836 1212 1063 1281 1mperio
1086 1212 1295 1266 tribuni
1315 1210 1388 1282 pl.
1411 1222 1536 1265 sunt
1560 1212 1781 1279 obiecti,

161 1292 324 1354 atque
357 1281 439 1333 illi
476 1300 599 1333 cum
634 1301 777 1335 uxor
821 1282 1054 1335 dixisset
1079 1283 1138 1334 id
1174 1284 1352 1351 egisse
1386 1282 1541 1335 illum
1565 1290 1628 1335 ut
1652 1282 1778 1335 filiis

159 1353 425 1407 minorem
449 1359 777 1423 potestatem
802 1351 1161 1422 relinqueret,
1193 1352 1575 1424 ‘relinquam',
1602 1353 1781 1423 inquit

162 1424 281 1476 ‘sed
308 1422 747 1476 diuturniorem'.
799 1424 1001 1493 optime
1027 1422 1270 1493 quidem:
1301 1442 1366 1475 ea
1393 1425 1535 1476 enim
1563 1422 1780 1475 demum

159 1502 281 1548 tuta
318 1500 402 1546 est
425 1492 696 1562 potentia,
737 1511 877 1563 quae
911 1494 1123 1547 uiribus
1153 1493 1263 1545 suis
1290 1492 1513 1546 modum
1548 1493 1778 1564 inponit.

96 1583 138 1616 20
159 1565 329 1634 igitur
372 1563 653 1634 Theopom
694 1582 758 1615 us
805 1581 1036 1633 regnum
1077 1563 1333 1632 legitimis
1378 1563 1612 1626 uinculis
1657 1582 1779 1616 con-

160 1634 479 1704 stringendo
521 1652 627 1704 quo
688 1635 885 1703 ongius
935 1653 968 1686 a
1000 1633 1223 1687 licentia
1259 1634 1519 1702 retraxit,
1570 1634 1672 1687 hoc
1709 1633 1781 1686 ad

157 1704 590 1759 beniuolentiam
616 1705 818 1757 ciuium
843 1706 1067 1775 propius
1095 1704 1359 1758 admouit.

266 1776 316 1830 9.
355 1774 660 1828 Antiochus
698 1783 883 1827 autem
920 1794 952 1827 a
975 1775 1040 1827 L.
1069 1774 1326 1845 Scipione
1361 1774 1507 1827 ultra
1533 1775 1780 1827 Taurum

158 1855 399 1900 montem
436 1846 653 1916 imperii
686 1845 888 1899 finibus
927 1846 1237 1911 summotis,
1285 1863 1407 1898 cum
1433 1844 1625 1898 Asiam
1657 1863 1779 1915 pro-

46 1948 50 1957 -·
95 1936 138 1970 25
159 1917 401 1970 uinciam
425 1916 745 1987 uicinasque
771 1918 820 1968 ei
846 1923 1038 1985 gentes
1068 1916 1358 1981 amisisset,
1386 1917 1592 1985 gratias
1618 1933 1782 1984 agere

159 1987 364 2059 populo
391 1987 639 2039 Romano
666 2004 776 2038 non
813 1985 1223 2039 dissimulanter
1247 1985 1399 2053 tulit,
1446 1986 1591 2056 quod
1618 1985 1778 2037 nimis

46 2118 141 2154 Par.
167 2134 384 2170 mensam,
414 2119 626 2165 consulto
647 2118 857 2179 Apolline
879 2132 981 2164 cum
1007 2120 1120 2163 iussi
1147 2124 1300 2164 essent
1319 2118 1424 2163 dare
1450 2131 1544 2163 eam
1572 2119 1779 2177 sapienti,

163 2191 385 2235 dederunt
413 2189 613 2235 Thaleti:
653 2189 731 2234 ille
763 2189 902 2234 cessit
929 2202 1027 2234 eam
1051 2188 1209 2238 Bianti,
1237 2189 1312 2233 hic
1336 2188 1527 2239 Pittaco,
1556 2188 1698 2234 donec
1725 2188 1779 2232 ad

163 2260 377 2306 Solonem
402 2261 664 2310 ueniretur,
704 2260 781 2319 qui
809 2273 905 2305 eam
931 2258 1131 2318 Apollini
1159 2258 1397 2304 dedicauit.
1448 2261 1489 2302 9.
1526 2258 1779 2303 Antiochus

100 2342 142 2376 30
164 2345 188 2376 a
212 2331 262 2377 L.
289 2330 501 2391 Scipione
535 2330 655 2376 ultra
682 2330 878 2375 Taurum
903 2335 1104 2375 montem
1137 2329 1316 2389 imperii
1352 2328 1517 2374 finibus
1556 2328 1777 2374 submotis

274 2470 302 2508 4
333 2476 462 2522 οοφιΑ
483 2479 864 2509 ΤιρωτοοιΤΑΝΤωΝ
889 2479 1051 2509 TOYGOG
1072 2479 1327 2508 ΤΡῙΠωΛΑωι
1348 2467 1403 2515 Β,
1436 2479 1512 2508 em.
1533 2466 1580 2506 K
1581 2466 1702 2518 empf
1722 2479 1781 2506 eoe

160 2527 345 2567 Diodori
371 2540 469 2567 exc.
498 2526 597 2566 Vat.
621 2527 675 2566 18
734 2527 759 2567 5
787 2525 963 2566 Milesii
993 2527 1018 2565 2
1048 2526 1172 2568 codd.
1197 2525 1361 2577 Piylzt‘i:
1393 2522 1473 2564 ille
1505 2522 1569 2570 B,
1611 2521 1684 2562 illi
1704 2522 1728 2561 b
1753 2519 1773 2574 ΙΙ

163 2595 387 2623 consenso
416 2575 472 2623 B'
549 2585 574 2624 6
614 2595 716 2623 eam
743 2582 851 2622 BP:
885 2595 941 2622 ea
969 2581 1139 2634 Kempf
1157 2583 1220 2622 sic
1247 2587 1368 2622 ratus
1396 2581 1439 2620 in
1467 2571 1524 2619 B'
1553 2583 1728 2618 eaestare
1753 2574 1775 2628 ΙΙ

159 2640 312 2679 uianti
339 2632 396 2680 B'
425 2636 444 2693 11
476 2639 635 2692 pitaco
662 2639 707 2679 B
782 2640 808 2679 9
836 2638 1088 2692 proemium
1117 2637 1160 2678 B
1239 2639 1290 2677 11
1322 2648 1514 2688 aequum
1544 2633 1568 2676 ὃ
1598 2633 1778 2686 scripsi:

162 2698 257 2747 atq.
287 2695 330 2735 B
392 2697 444 2736 13
467 2695 666 2748 ephoroe
695 2696 860 2736 Vahlen
881 2694 1003 2746 (mus.
1023 2695 1142 2735 rhen.
1166 2693 1251 2741 XI,
1274 2691 1378 2744 589)
1389 2705 1404 2731 .·
1435 2691 1595 2744 ephori
1613 2688 1656 2728 B
1725 2690 1779 2729 14

159 2752 229 2793 ita
257 2752 446 2792 Vahlen:
477 2752 546 2792 ita
567 2753 700 2793 furae
720 2751 785 2801 B,
817 2752 886 2792 ita
914 2752 1098 2791 futurae
1128 2750 1172 2799 b,
1204 2753 1256 2790 ut
1284 2750 1353 2789 ita
1381 2748 1535 2788 forent
1561 2747 1656 2799 ipse
1685 2746 1779 2786 olim

163 2814 425 2850 tentaueram
492 2809 545 2849 15
573 2809 766 2861 imperio
789 2806 879 2861 tiip.
900 2807 944 2847 B
1013 2809 1067 2848 22
1096 2807 1308 2859 proprius
1332 2803 1567 2845 admonuit
1585 2795 1642 2842 B'
1662 2814 1776 2842 corr.

160 2879 212 2910 m.
235 2867 261 2906 1
280 2870 326 2905 ut
345 2866 515 2905 uidetur
573 2866 628 2904 24
648 2868 898 2905 summotus
919 2863 1015 2913 BP,
1049 2876 1123 2906 em.
1147 2863 1290 2906 Periz.
1742 2874 1762 2879 “

276 2923 332 2963 30
352 2921 588 2962 submotus
617 2921 663 2961 V
