1924 3152
199 152 305 204 274
908 154 1009 199 LlB.
1049 153 1115 198 VI.

200 264 346 315 tibus
386 263 455 314 ob
493 260 726 330 turpiter
760 261 930 312 ictum
961 259 1153 316 foedus
1193 258 1411 312 deditus
1446 259 1628 313 fuerat
1640 298 1656 327 ,
1693 277 1820 313 cum

198 340 424 402 propter
460 331 819 383 domesticam
856 331 1071 382 ruinam
1099 339 1152 382 et
1177 348 1347 398 graue
1374 348 1465 382 aes
1493 329 1728 383 alienum
1751 331 1817 383 P.

198 402 375 455 Plotio
411 419 612 452 nexum
647 420 706 452 se
745 400 875 452 dare
919 399 1360 453 adulescentulus
1401 399 1696 453 admodum
1732 418 1818 453 co·

199 481 351 525 actus
374 480 536 537 esset,
566 470 860 524 seruilibus
879 471 948 524 ab
970 489 1032 523 eo
1052 470 1395 537 uerberibus,
1423 471 1551 541 quia
1570 479 1821 541 stuprum

157 562 179 593 5
201 542 316 613 pati
342 541 611 608 noluerat,
639 541 888 593 adfectus
918 540 1214 611 querellam
1242 541 1313 592 ad
1336 541 1587 594 consules
1607 539 1823 594 detulit.
1858 601 1862 605 ,

199 633 231 666 a
257 613 454 683 quibus
483 612 585 663 hac
613 611 680 664 de
706 631 763 664 re
794 612 994 663 certior
1029 612 1206 663 factus
1245 619 1464 663 senatus
1492 611 1734 664 Plotium
1759 611 1819 662 in

199 701 470 735 carcerem
498 682 623 734 duci
648 682 826 734 iussit.
889 682 945 732 in
972 681 1350 752 qualicumque
1378 682 1524 734 enim
1550 689 1700 734 statu
1723 699 1819 751 po-

198 756 363 806 sitam
389 754 634 804 Romano
663 752 916 821 sanguini
943 751 1267 821 pudicitiam
1292 759 1467 803 tutam
1484 770 1603 803 esse
1621 750 1816 804 uoluit.

310 824 392 876 10.
432 824 506 875 Et
532 822 664 894 quid
699 823 926 889 mirum,
974 823 1019 873 si
1055 822 1158 874 hoc
1192 822 1437 873 uniuersi
1473 829 1655 892 patres
1691 839 1817 874 con-

134 914 174 944 10
200 896 304 947 scri
347 895 390 946 ti
425 894 789 946 censuerunt?
854 892 913 944 C.
940 892 1313 944 Fescenninus
1342 892 1431 945 III
1456 891 1542 943 uir
1568 890 1817 962 capitalis

199 967 260 1019 C.
316 964 605 1016 *ornelium
632 964 963 1016 fortissimae
988 962 1217 1014 militiae
1239 962 1514 1032 stipendia
1535 961 1819 1014 emeritum

198 1036 524 1105 uirtutisque
560 1035 779 1086 nomine
816 1042 1008 1104 quater
1042 1033 1246 1086 honore
1283 1033 1445 1102 primi
1480 1031 1579 1103 pili
1617 1032 1687 1085 ab
1721 1032 1818 1083 im-

197 1106 545 1177 peratoribus
575 1105 862 1170 donatum,
901 1104 1045 1174 quod
1082 1122 1204 1155 cum
1238 1103 1473 1172 ingenuo
1502 1101 1818 1155 adulescen-

197 1176 310 1230 tulo
339 1176 516 1246 stupri
543 1176 927 1227 commercium
963 1174 1272 1240 habuisset,
1313 1172 1547 1244 publicis
1582 1172 1819 1225 uinculis

134 1266 174 1297 15
198 1247 462 1299 onerauit.
504 1265 536 1297 a
562 1265 667 1315 quo
696 1243 958 1315 appellati
983 1244 1206 1309 tribuni,
1235 1262 1358 1295 cum
1379 1244 1446 1296 de
1469 1252 1655 1314 stupro
1683 1242 1820 1295 nihil

195 1324 452 1387 negaret,
492 1317 589 1368 sed
625 1316 977 1385 sponsionem
1015 1333 1073 1366 se
1099 1314 1281 1366 facere
1307 1323 1563 1385 paratum
1591 1314 1816 1379 diceret,

198 1387 344 1460 quod
395 1386 715 1439 adulescens
768 1386 859 1437 ille
910 1384 1093 1454 palam
1144 1392 1304 1455 atque
1355 1391 1541 1455 aperte
1587 1401 1818 1454 corpore

197 1465 485 1529 quaestum
520 1457 855 1519 factitasset,
900 1456 1351 1508 intercessionem
1387 1473 1541 1507 suam
1580 1454 1817 1524 interpo-

197 1547 326 1580 nere
352 1528 661 1580 noluerunt.
711 1526 894 1596 itaque
924 1525 1207 1578 Cornelius
1233 1526 1291 1576 in
1318 1543 1538 1578 carcere
1564 1524 1705 1578 mori
1731 1543 1819 1577 co-

132 1617 173 1648 20
199 1607 352 1651 actus
396 1607 497 1650 est.
562 1615 670 1648 non
703 1604 968 1666 putarunt
995 1596 1139 1648 enim
1164 1596 1372 1648 tribuni
1398 1595 1474 1666 pl.
1500 1614 1614 1648 rem
1641 1593 1818 1665 publi-

196 1688 317 1722 cam
341 1676 585 1720 nostram
611 1686 734 1719 cum
760 1666 996 1719 fortibus
1030 1667 1164 1718 uiris
1199 1666 1406 1735 pacisci
1446 1674 1722 1736 oportere,
1757 1672 1843 1717 ut

198 1740 440 1792 externis
468 1737 725 1808 periculis
757 1736 1086 1788 domest-icas
1115 1734 1340 1789 delicias
1369 1745 1626 1788 emerent.

306 1811 388 1861 11.
427 1808 739 1862 Libidinosi
766 1807 1099 1860 centurionis
1138 1807 1468 1877 supplicium
1492 1806 1567 1859 M.
1594 1805 1820 1858 Laetori

197 1880 375 1950 Mergi
403 1879 612 1933 tribuni
638 1878 890 1931 militaris
920 1897 1089 1948 aeque
1127 1877 1373 1947 [similis]
1414 1877 1609 1930 foedus
1637 1876 1817 1928 exitus

133 2042 174 2073 25
200 2029 338 2072 ictum
367 2026 527 2072 foedus
545 2026 723 2070 deditus
751 2025 911 2074 fuerat,
941 2038 1041 2069 cum
1063 2031 1254 2084 propter
1280 2037 1354 2068 aes
1382 2024 1577 2069 alienum
1599 2023 1645 2068 P.
1666 2022 1817 2068 Plotio

82 2081 173 2115 Par.
199 2111 361 2142 nexum
389 2111 438 2142 se
463 2096 568 2141 dare
596 2094 968 2140 adulescentulus
1004 2094 1241 2139 admodum
1270 2100 1457 2138 coactus
1485 2100 1628 2142 esset,
1671 2092 1817 2137 serui-

196 2167 316 2212 libus
344 2166 398 2211 ab
426 2180 480 2211 eo
510 2165 805 2218 uerberibus,
845 2164 949 2224 quia
977 2171 1185 2223 stuprum
1215 2165 1309 2222 pati
1336 2164 1570 2213 noluerat,
1610 2162 1815 2208 adfectus

198 2237 442 2298 querellam
478 2236 531 2281 ad
569 2235 782 2281 consules
809 2234 995 2284 detulit,
1039 2250 1062 2278 a
1102 2233 1266 2293 quibus
1295 2234 1469 2279 Plotius
1506 2235 1550 2278 ln
1587 2246 1815 2278 carcerem

199 2307 358 2353 deduci
386 2309 538 2353 iussus
566 2313 648 2351 est.
703 2308 768 2350 10.
798 2307 843 2350 C.
864 2305 1138 2350 Pescennius
1169 2303 1378 2349 triumuir
1405 2303 1610 2364 capitalis
1637 2304 1683 2349 C.
1707 2303 1816 2349 Cor-

133 2389 175 2419 30
198 2377 364 2423 nelium
392 2377 665 2423 fortissimae
692 2376 879 2421 militiae
908 2375 1127 2435 stipendia
1156 2377 1407 2425 emeritum,
1436 2388 1538 2420 cum
1566 2374 1816 2434 ingenuum

198 2448 587 2494 adulescentulum
618 2448 766 2507 stupri
787 2451 921 2492 causa
948 2445 1235 2506 adpellasset,
1262 2445 1456 2505 publicis
1485 2445 1680 2490 uinculis
1709 2458 1816 2489 one-

183 2521 332 2565 'rauit.
398 2521 462 2563 11.
502 2518 556 2563 Μ.
585 2518 820 2563 Laetorius
848 2516 1029 2577 Mergus
1061 2515 1270 2565 tribunus
1297 2514 1488 2561 militum
1525 2522 1764 2561 accusatus
1791 2528 1816 2558 a
1852 2546 1854 2549 -

311 2673 335 2710 9
355 2671 461 2720 fort.
486 2670 666 2722 Ecquid
727 2668 1067 2715 lOfescennius
1088 2668 1170 2718 Pb,
1193 2668 1477 2708 Pescennius
1500 2677 1527 2710 ς
1547 2662 1565 2720 Η
1605 2665 1816 2704 triumuir

200 2727 419 2779 capitalis
460 2726 507 2765 C.
548 2727 611 2766 P:
651 2727 736 2769 III.
770 2723 856 2767 uir.
892 2738 928 2765 c.
962 2724 1004 2764 B
1086 2726 1135 2764 11
1179 2724 1431 2764 fortissime
1464 2725 1567 2763 dett.
1598 2727 1640 2761 et
1668 2730 1714 2767 ς,
1753 2721 1810 2772 ef.

202 2783 404 2823 Foertsclz
426 2782 495 2829 II,
520 2785 575 2822 26
656 2784 706 2822 12
730 2783 787 2822 ab
811 2783 960 2834 iffipb:
991 2780 1033 2820 B
1095 2782 1147 2821 15
1169 2781 1413 2820 honorauit
1433 2773 1490 2818 B'
1558 2779 1608 2817 17
1631 2776 1749 2830 quod
1769 2777 1816 2816 B

198 2853 312 2880 corr.
337 2852 358 2879 e
382 2849 484 2890 quc,
505 2839 611 2889 fort.
635 2839 683 2877 ni
760 2840 815 2878 24
845 2837 1010 2878 similis
1042 2838 1122 2878 del.
1143 2838 1267 2889 Lips.
1291 2842 1332 2876 et
1354 2836 1516 2879 Periz„
1539 2834 1712 2886 Mergi,
1735 2834 1815 2873 tri-

198 2895 308 2937 buni
329 2895 429 2935 mil.
450 2907 613 2946 aeque,
636 2895 799 2934 similis
823 2895 1029 2935 Foertselz
1050 2893 1119 2941 II,
1144 2896 1199 2933 26

278 2979 289 2994 z
311 2954 367 2993 26
388 2952 544 2991 nixum
573 2950 615 2990 V
734 2951 737 2955 ’

62 3077 70 3101 ε
