1936 3120
579 65 712 160 ι(ῚΑΡ.
738 113 789 165 V,
815 111 845 171 g
872 115 912 158 3.
940 117 980 158 4.
1018 111 1115 158 Ext.
1143 111 1172 171 g
1201 113 1340 158 1-4.
1668 106 1774 160 453

158 229 282 277 tuta
305 220 529 276 Persica
563 220 899 292 adsumpsit,
938 227 1120 291 spreto
1156 218 1374 273 mortali
1408 219 1600 273 habitu
1635 219 1771 273 diui-

158 312 292 346 num
325 293 570 346 imitatus
608 300 716 359 est,
743 310 852 344 -nec
886 291 994 344 fuit
1030 293 1079 343 ei
1105 291 1302 362 pudori
1337 289 1534 359 filium,
1573 290 1771 359 ciuem,

162 365 440 418 hominem
467 362 836 416 dissimulare.

267 435 318 488 2.
358 435 479 488 Iam
505 434 752 501 XerxeS‚
794 433 947 486 cuius
982 433 1039 484 in
1074 432 1291 486 nomine
1328 433 1589 502 superbia
1615 441 1669 486 et
1693 433 1772 484 in-

202 505 411 562 otentia
462 504 705 571 habitat,
771 523 869 558 suo
925 504 1043 556 iure
1098 511 1210 556 tam
1261 503 1576 556 insolenter.
1677 504 1772 574 qui
1792 518 1814 552 5

161 526 432 631 graeciae
457 574 764 628 indicturus
793 574 997 628 bellum
1023 574 1285 628 adhibitis
1314 574 1482 627 Asiae
1517 574 1774 645 principi-

160 649 264 702 bus
294 653 383 700 ‘ne
408 646 647 699 uiderer'
684 647 863 718 inquit
901 649 1041 699 emeo
1069 653 1280 698 tantum
1305 645 1466 699 modo
1492 664 1624 697 usus
1652 663 1775 699 con-

163 717 316 784 silio,
360 737 460 771 uos
503 718 777 771 contraxi:
819 725 1059 770 ceterum
1101 724 1428 770 mementote
1511 716 1776 769 arendum

161 789 336 859 magis
380 789 540 843 uobis
592 807 709 841 esse
758 807 924 858 quam
971 787 1351 840 suadendum'.
1427 735 1776 857 adroganter,

164 859 334 914 etiam
369 859 416 912 si
450 860 648 913 uictori
684 867 931 930 repetere
959 859 1008 911 ei
1033 860 1243 929 regiam
1271 859 1617 928 contigisset:
1659 867 1773 912 tam
1797 874 1840 907 10

166 930 486 983 deformiter
510 930 644 983 uicti
669 931 882 983 nescias
908 938 1094 982 utrum
1118 928 1442 983 insolentius
1471 929 1679 983 dictum
1704 947 1775 982 an

163 1000 566 1074 inprudentiUS.

270 1073 322 1126 3.
360 1071 641 1125 Hannibal
677 1080 887 1138 autem,
934 1072 1234 1124 Cannensis
1270 1090 1489 1142 pugnae
1524 1089 1779 1124 successu

166 1144 340 1197 elatus
347 1183 362 1210 ,
398 1161 500 1196 nec
525 1142 750 1196 admisit
776 1161 1103 1214 quemquam
1131 1143 1334 1195 ciuium
1359 1161 1584 1195 suorum
1608 1142 1667 1194 in
1692 1160 1777 1194 ca-

167 1215 296 1268 stris
330 1232 432 1266 nec
467 1232 791 1285 responsum
825 1213 923 1266 ulli
959 1214 1066 1266 nisi
1102 1232 1200 1284 per
1223 1213 1579 1284 interpretem
1607 1212 1778 1265 dedit.
1802 1226 1844 1260 15

163 1283 543 1339 Maharbalem
579 1285 768 1351 etiam,
818 1292 944 1336 ante
987 1283 1403 1338 tabernaculum
1438 1303 1598 1336 suum
1633 1283 1782 1336 clara

163 1374 299 1410 uoce
324 1355 708 1408 adfirmantem
782 1355 1099 1426 rospexisse
1135 1373 1372 1426 quonam
1396 1355 1562 1409 modo
1590 1354 1780 1425 paucis

169 1427 363 1481 diebus
391 1426 599 1480 Romae
631 1427 690 1478 in
764 1424 989 1497 apitolio
1027 1434 1277 1493 cenaret,
1315 1433 1642 1496 aspernatus
1678 1433 1778 1478 est.

167 1498 305 1551 adeo
340 1497 623 1550 felicitatis
651 1505 704 1550 et
737 1497 1132 1551 moderationis
1171 1497 1458 1550 diuiduum
1496 1497 1781 1550 contuber-

167 1569 319 1628 nium
345 1577 446 1621 est.
1804 1581 1846 1614 20

274 1639 326 1691 4.
344 1637 680 1692 Insolentiae
699 1656 830 1691 uero
852 1639 994 1691 inter
1013 1638 1530 1708 Karthaginiensem
1552 1646 1606 1691 et
1627 1637 1782 1691 Cam-

171 1728 376 1781 panum
412 1716 663 1761 senatum
700 1710 859 1779 quasi
894 1708 1185 1763 aemulatio
1223 1710 1352 1762 fuit:
1394 1708 1486 1762 ille
1522 1710 1668 1762 enim
1702 1726 1782 1761 se-

167 1789 361 1852 parato
401 1798 434 1832 a
466 1779 626 1850 plebe
664 1778 883 1834 balineo
918 1778 1237 1847 lauabatur‚
1278 1779 1366 1832 hic
1404 1779 1621 1832 diuerso
1659 1779 1782 1832 foro

167 1851 443 1904 utebatur.
519 1869 680 1921 quem
723 1868 930 1903 morem
968 1850 1191 1921 Capuae
1235 1850 1308 1903 ali
1347 1850 1573 1903 uamdiu
1605 1858 1783 1904 reten-

167 1930 287 1976 tum
306 1921 414 1975 Grai
435 1939 649 1993 quoque
671 1921 908 1974 Gracchi
930 1923 1176 1974 oratione
1195 1922 1252 1974 in
1272 1921 1316 1974 P
1341 1922 1549 1975 autium
1577 1921 1783 1992 scripta
1805 1934 1847 1968 25

167 2001 338 2065 patet.

171 2161 327 2215 spreto
356 2143 473 2201 enim
500 2153 682 2200 mortali
718 2153 875 2200 habitu
911 2154 1116 2200 diuinum
1142 2156 1347 2200 imitatus
1375 2162 1459 2202 est.
1533 2159 1572 2201 2.
1613 2155 1782 2201 Xerxes
1804 2166 1896 2202 Par.

171 2225 384 2271 Graeciae
409 2224 579 2271 bellum
606 2225 858 2271 indicturus
886 2225 1097 2271 adhibitis
1123 2226 1259 2272 Asiae
1285 2226 1583 2287 principibus,
1612 2223 1688 2271 ‘ne
1713 2226 1782 2271 ui-

171 2296 321 2341 derer'
360 2296 510 2356 inquit
545 2296 740 2341 ‘tantum
767 2309 868 2342 meo
895 2311 1008 2342 usus
1037 2296 1246 2347 consilio,
1283 2311 1367 2343 uos
1397 2298 1622 2343 contraxi:
1663 2303 1782 2343 eete-

171 2379 272 2411 rum
299 2371 573 2411 mementote
598 2366 845 2426 parendum
871 2368 1016 2426 magis
1035 2367 1169 2412 uobis
1191 2381 1291 2413 esse
1313 2381 1446 2427 quam
1468 2367 1780 2413 suadendum'.
1804 2382 1848 2415 30

286 2519 311 2557 2
351 2517 560 2557 imitatus
583 2517 645 2556 P:
679 2516 938 2558 aemulatus
959 2517 1018 2568 B,
1040 2519 1120 2558 sed
1141 2530 1240 2558 aem
1264 2516 1364 2569 (non
1389 2516 1539 2570 aemu)
1570 2519 1613 2559 iu
1632 2531 1721 2558 ras.
1773 2516 1779 2570 Ι

171 2572 357 2628 pudoris
378 2573 421 2614 B
442 2579 540 2614 ante
560 2586 649 2615 ras.
709 2575 735 2614 5
755 2576 911 2614 tamen
929 2574 1070 2615 Periz.
1094 2571 1112 2627 ΙΙ
1133 2574 1387 2614 insolenter
1406 2587 1515 2615 usus
1538 2577 1610 2615 est
1630 2576 1733 2615 dect.
1773 2573 1781 2626 1

173 2631 254 2684 qui
274 2632 315 2671 F
313 2631 481 2685 qercsclz
502 2629 571 2678 II,
597 2631 678 2670 39:
710 2628 772 2681 qd
791 2629 835 2669 B
914 2632 965 2670 11
990 2643 1049 2670 an
1070 2629 1113 2670 B
1135 2643 1247 2671 corr.
1273 2644 1330 2672 ex
1350 2634 1399 2671 in
1477 2633 1529 2671 12
1559 2630 1784 2684 inpuden-

171 2689 267 2729 tius
288 2687 345 2734 B,
368 2701 442 2729 em.
469 2687 654 2740 Guyetus
674 2692 716 2727 et
735 2687 879 2727 Per-iz.
942 2688 994 2728 15
1015 2686 1107 2727 nisi
1123 2700 1199 2729 om.
1223 2680 1279 2727 B'
1338 2689 1393 2729 25
1416 2684 1523 2742 Gai]
1549 2687 1615 2730 .C.
1637 2687 1681 2728 B

286 2746 339 2785 27
361 2744 531 2784 Xerses
554 2743 599 2784 V
