1878 3132
485 86 604 156 osu).
633 111 699 161 vi,
727 110 824 155 Ext.
852 109 880 167 g
909 111 1046 154 1--3.
1088 109 1170 158 vu,
1201 109 1228 166 g
1259 113 1294 153 1.
1627 102 1695 154 33

72 222 131 272 in
154 218 412 272 uaecordi
437 224 656 289 pectore
684 235 874 270 sensus
900 215 1114 282 fuisset,
1142 221 1466 279 absle'nue‘sset,
1509 223 1635 268 ante
1663 234 1696 267 a

73 290 323 344 Leonida
349 298 402 342 et
427 308 459 340 a
485 302 589 341 CCC
617 288 732 340 eius
761 286 1048 358 Spartanis
1076 286 1293 340 abunde
1319 287 1575 338 monitus,

179 361 231 413 2.
282 359 469 412 Midae
506 376 662 425 uero,
702 358 854 410 cuius
891 358 1122 426 imperio
1152 357 1396 428 Phrygia
1431 358 1537 410 fuit
1568 357 1693 410 sub-

73 432 242 498 iecta⁷
293 448 462 501 puero
501 428 794 482 dormienti
827 428 1090 481 formicae
1131 429 1187 479 in
1224 447 1282 481 os
1319 447 1492 496 grana
1526 428 1696 480 tritici

75 507 481 570 congesserunt.
531 499 853 570 parentibus
883 499 1080 551 deinde
1108 499 1223 550 eius
1252 517 1482 569 quorsus
1510 498 1694 569 prodi·
1719 514 1739 546 5

72 573 220 641 gium
268 570 519 635 tenderet
558 569 973 640 explorantibus
1012 588 1247 638 augures
1292 570 1696 639 responderunt

75 643 312 696 omnium
346 641 500 694 illum
539 640 849 694 mortalium
885 641 1129 692 futurum
1169 640 1520 692 ditissimum.
1595 658 1695 692 nec

72 731 217 765 uana
241 712 540 783 praedictio
569 711 776 764 extitit:
814 730 942 762 nam
967 711 1148 763 Midas
1178 718 1495 764 cunctorum
1521 729 1695 780 paene

72 802 261 852 regum
307 801 435 853 opes
472 782 812 835 abundantia
848 784 1111 851 pecuniae
1148 782 1469 847 antecessit,
1517 781 1694 833 infan-

73 856 290 924 tiaeque
325 853 658 906 incunabula
683 852 804 904 utili
832 852 1054 904 deorum
1082 871 1303 904 munere
1331 853 1532 906 donata
1563 871 1691 904 onu-
1716 869 1757 899 10

76 924 173 976 stis
201 943 332 976 auro
361 932 524 994 atque
550 932 776 991 argento
804 924 958 991 gazis
987 925 1257 992 pensauit.

181 995 230 1046 3.
279 994 547 1047 Formicis
574 993 758 1046 Midae
792 995 911 1045 iure
950 994 1251 1063 meritoque
1290 1013 1419 1063 apes
1449 993 1693 1046 Platonis

112 1063 453 1118 raetulerim:
500 1063 626 1115 illae
664 1064 805 1116 enim
835 1065 1073 1116 caducae
1115 1083 1178 1115 ac
1206 1064 1444 1133 fragilis,
1482 1064 1583 1117 hae
1611 1084 1692 1117 so-

94 1135 216 1188 idae
255 1145 309 1189 et
345 1143 599 1187 aeternae
634 1134 917 1201 felicitatis
954 1134 1160 1186 indices
1201 1135 1525 1200 extiterunt,
1572 1136 1692 1188 dor-

72 1205 286 1258 mientis
322 1207 379 1257 in
406 1206 562 1257 cunis
587 1204 805 1275 paruuli
830 1204 1045 1257 labellis
1082 1204 1186 1257 mel
1221 1205 1531 1258 inserendo.
1586 1224 1694 1276 qua
1716 1222 1758 1253 15

73 1295 130 1328 re
157 1276 347 1328 audita
371 1275 747 1346 prodigiorum
773 1276 1100 1346 interpretes
1130 1275 1463 1344 singularem
1493 1275 1694 1347 eloquii

74 1347 403 1399 suauitatem
438 1364 531 1398 ore
571 1346 686 1399 eius
726 1355 1102 1399 emanaturam
1132 1346 1408 1398 dixerunt.
1471 1365 1534 1398 ac
1561 1347 1693 1398 mihi

75 1416 292 1487 quidem
317 1416 443 1468 illae
471 1435 599 1488 apes
627 1435 736 1469 non
754 1426 994 1470 montem
1012 1418 1338 1487 Hymettum
1366 1417 1423 1469 th
1468 1418 1541 1468 mi
1561 1417 1693 1470 flore

73 1486 438 1554 redolentem,
494 1487 590 1540 sed
631 1487 918 1540 Musarum
963 1487 1283 1541 Heliconios
1337 1437 1499 1541 collyes
1547 1489 1693 1541 omni

73 1575 268 1626 genere
297 1558 581 1611 doctrinae
607 1559 836 1610 uirentis
877 1559 1099 1611 dearum
1127 1559 1392 1611 instinctu
1430 1559 1693 1629 depastae
1717 1575 1757 1606 20

73 1629 310 1681 maximo
346 1630 565 1696 ingenio
602 1629 918 1681 dulcissima
957 1648 1199 1681 summae
1236 1629 1579 1700 eloquentiae
1613 1631 1692 1682 in-

76 1697 314 1750 stillasse
338 1699 597 1750 uidentur
623 1699 895 1752 alimenta.

571 1825 701 1878 VII.
763 1829 860 1876 DE
893 1829 1188 1878 SOMNIIS.

184 1924 229 1974 ].
283 1923 389 1975 Sed
416 1923 672 1993 quoniam
701 1923 924 1975 diuitias
953 1923 1139 1976 Midae
1168 1924 1540 1995 disertumque
1569 1926 1690 1978 Pla-

75 2056 339 2115 sanguinem
367 2070 553 2102 uersum
580 2057 850 2116 imaginatus
880 2063 962 2102 est.
1033 2062 1070 2100 2.
1109 2057 1249 2102 Midae
1277 2059 1518 2103 dormienti
1546 2059 1690 2105 adhuc
1713 2069 1754 2100 25

74 2139 216 2186 puero
253 2125 470 2172 formicae
506 2126 551 2171 in
589 2141 640 2172 os
671 2127 807 2172 tritici
837 2142 974 2188 grana
1012 2136 1360 2188 congesserunt.
1422 2130 1575 2190 itaque
1612 2145 1687 2175 au·
1712 2110 1804 2144 Par.

74 2199 210 2255 g‘ures
237 2196 448 2242 feruntur
475 2198 781 2257 respondisse,
811 2199 1013 2243 omnium
1040 2198 1166 2244 illum
1196 2199 1454 2245 mortalium
1484 2202 1689 2245 futurum

74 2266 412 2312 diuitissimum.
475 2270 514 2312 3.
552 2267 754 2314 Platonis
792 2269 1058 2314 dormientis
1097 2270 1242 2316 adhuc
1277 2271 1455 2330 paruoli
1495 2286 1546 2316 os
1581 2286 1689 2332 apes

22 2347 31 2350 ·
73 2335 206 2381 melle
248 2336 573 2397 impleuerant:
627 2336 806 2398 qlia-re
850 2339 1001 2385 audita
1049 2341 1363 2400 prodigiorum
1412 2343 1689 2402 interpretes

75 2405 346 2465 singularem
375 2408 544 2467 eloquii
573 2409 843 2454 suauitatem
874 2423 952 2454 ore
979 2411 1075 2455 eius
1104 2419 1383 2456 inat‘laturam
1411 2412 1634 2457 dixerunt.
1712 2422 1752 2453 30

180 2506 220 2546 1.
258 2504 352 2548 DE
377 2504 662 2550 SOMNIIS.
711 2507 807 2552 Diui
836 2510 1031 2567 Augusti
1057 2510 1257 2555 medicus
1286 2511 1400 2555 uidit
1428 2510 1471 2554 iu
1502 2513 1688 2561 somnis,

188 2627 208 2665 1
239 2627 439 2667 fuissent
467 2620 524 2666 B'
561 2625 578 2681 Η
616 2628 919 2669 abstinuisset
956 2633 1264 2682 schpleuz'mu3;
1304 2633 1496 2672 fecisset
1531 2637 1688 2673 mauolt

27 2677 277 2738 “foer-cselz
322 2680 340 2736 Η
387 2687 494 2723 ante
524 2706 579 2711 —
607 2686 808 2724 monitus
845 2685 1074 2725 Torrenius
1114 2687 1220 2738 (sed
1245 2690 1336 2728 sine
1367 2702 1392 2727 a
1424 2695 1521 2729 ante
1553 2690 1685 2740 ccc):

74 2741 180 2778 ante
219 2738 272 2778 de
302 2740 486 2780 leonida
527 2743 571 2779 et
612 2753 637 2779 a
670 2753 860 2781 caesare
902 2743 1136 2793 spartanis
1176 2743 1355 2784 abunde
1394 2747 1612 2785 monitum
1643 2746 1685 2785 B

73 2795 100 2835 5
131 2806 285 2835 corsus
308 2795 373 2847 B,
407 2808 618 2848 quorsum
649 2796 672 2836 b
741 2797 766 2836 8
797 2797 1086 2849 praedicatio
1114 2792 1170 2838 B'
1240 2802 1291 2841 13
1320 2801 1401 2841 ille
1424 2802 1465 2841 B
1497 2800 1515 2855 [1
1543 2803 1684 2854 fragi-

72 2848 141 2890 les
170 2843 223 2890 B'
284 2852 335 2891 18
376 2852 624 2904 hymetium
663 2854 777 2904 tymi
805 2853 847 2892 B
910 2855 961 2894 19
992 2855 1249 2906 peliconios
1280 2857 1342 2902 B,
1378 2860 1458 2898 sed
1485 2871 1512 2910 p
1545 2860 1686 2899 deleta

22 2927 30 2939 -
130 2923 141 2929 ’·
186 2908 240 2947 28
261 2906 566 2948 diutissimum
595 2902 647 2948 V'
706 2912 759 2950 30
780 2911 896 2960 immo
919 2915 1234 2952 emanaturam

157 2987 264 3016 VAL.
288 2989 399 3016 MAX.
1396 2982 1428 3032 3
