1924 3152
736 143 852 190 CAP.
881 141 931 194 11,
973 139 1011 202 §⁷
1028 145 1200 188 8—11.
1244 94 1252 97 ⁷
1687 135 1794 191 283

153 255 378 307 simum.
459 251 558 305 sed
594 269 702 305 non
737 251 946 321 patitur
986 268 1085 302 nos
1122 249 1227 303 hoc
1262 249 1510 319 longiore
1546 249 1792 321 querella

158 325 421 396 prosequi
440 341 710 394 personae
729 323 848 374 inse
889 322 1068 374 uentis
1082 320 1366 391 aliquanto
1382 339 1500 374 sors
1513 320 1790 374 humilior.

267 395 316 451 9.
355 393 616 465 Diphilus
652 340 980 462 tragoedus,
1027 411 1150 444 cum
1182 390 1600 462 Apollinaribus
1642 392 1790 444 ludis

150 466 306 519 inter
331 473 512 517 actum
541 464 612 516 ad
639 483 761 516 eum
788 482 1008 516 uersum
1036 463 1307 529 uenisset,
1352 482 1459 533 quo
1498 462 1632 515 haec
1671 481 1790 515 sen—

159 537 334 590 tentia
368 535 764 602 contineretur,
804 532 1047 586 ‘miseria
1072 542 1262 586 nostra
1298 552 1528 603 magnus
1558 540 1657 600 es',
1698 534 1787 586 de·
1813 548 1834 580 5

114 669 121 673 ,
149 607 322 660 rectis
359 607 417 658 in
444 606 766 676 Pompeium
790 605 1056 674 Magnum
1094 605 1349 657 manibus
1386 605 1784 674 pronuntiauit,

146 685 556 758 reuocatusque
590 676 918 747 aliquotiens
957 696 989 728 a
1024 674 1228 746 populo
1267 677 1383 728 sine
1418 675 1532 727 ulla
1569 684 1788 729 cuncta-

148 749 305 802 tione
349 748 549 800 nimiae
593 747 747 799 illum
791 755 843 799 et
885 746 1252 801 intolerabilis
1304 748 1583 817 potentiae
1632 766 1789 799 reum
1844 786 1851 792 .

157 829 318 890 gestu
343 827 764 890 perseueranter
791 819 918 888 egit.
990 817 1183 871 eadem
1209 817 1516 888 petulantia
1542 837 1674 869 usus
1704 826 1789 870 est

147 891 215 942 ‘in
252 909 319 942 ea
353 898 789 961 quoqueparte:
842 890 1123 941 euirtutem
1157 891 1320 940 istam
1345 888 1540 954 Queniet
1567 898 1783 960 tempus
1810 904 1852 936 10
1904 915 1907 924 2

149 979 281 1013 *cum
307 961 553 1030 grauiter
579 968 805 1030 gemes'.

268 1033 348 1087 10.
386 1031 464 1084 Μ.
492 1033 657 1085 etiam
685 1030 944 1085 Castricii
979 1030 1235 1083 libertate
1273 1029 1644 1083 inflammatus
1674 1031 1787 1083 ani-

155 1106 298 1155 muS.
358 1103 452 1174 qui
486 1121 609 1155 cum
636 1101 952 1154 Placentiae
990 1102 1377 1171 magistratum
1404 1109 1649 1170 gereret,
1688 1100 1784 1156 Cn.

157 1173 413 1227 Carbone
439 1172 662 1227 consule
685 1174 910 1226 iubente
939 1173 1219 1225 decretum
1247 1172 1366 1224 fieri
1381 1212 1395 1238 7
1424 1191 1529 1242 quo
1558 1172 1666 1225 sibi
1693 1173 1785 1226 ob-

147 1245 300 1297 sides
326 1263 359 1295 a
380 1243 716 1296 Placentinis
747 1243 1027 1310 darentur,
1048 1262 1149 1295 nec
1169 1261 1380 1295 summo
1409 1244 1524 1295 eius
1553 1243 1782 1314 imperio
1810 1257 1851 1290 15

154 1315 558 1386 obtemperauit
583 1333 684 1367 nec
710 1314 966 1366 maximis
980 1314 1193 1366 uiribus
1207 1315 1397 1366 cessit:
1430 1323 1594 1385 atque
1622 1316 1784 1366 etiam

150 1385 370 1438 dicente
405 1385 606 1439 multos
645 1404 703 1437 se
740 1385 953 1455 gladios
989 1384 1191 1438 habere
1238 1385 1525 1455 respondit
1570 1388 1643 1438 eet
1679 1403 1783 1454 ego

144 1464 367 1510 annos'.
430 1457 814 1527 obstipuerunt
856 1465 939 1510 tot
966 1456 1205 1526 legiones
1222 1497 1236 1523 ,
1274 1466 1386 1508 tam
1413 1456 1672 1509 robustas
1703 1475 1784 1508 se-

151 1528 390 1581 nectutis
436 1527 695 1598 reliquias
742 1529 1035 1580 intuenteS.
1117 1526 1387 1580 Carbonis
1427 1545 1642 1598 quoque
1680 1527 1781 1594 ira,

150 1598 283 1669 quia
306 1599 592 1650 materiam
620 1597 905 1651 saeuiendi
941 1617 1202 1668 perquam
1231 1599 1491 1667 exiguam
1517 1598 1780 1665 habebat,
1807 1620 1848 1651 20

151 1668 445 1791 paruulum
486 1669 635 1721 uitae
685 1678 898 1739 tempus
942 1667 1221 1733 ablatura,
1277 1669 1335 1720 in
1381 1687 1438 1720 se
1485 1669 1609 1739 ipsa
1659 1687 1782 1721 con-

179 1757 316 1810 apsa
341 1747 438 1791 est.

264 1811 347 1861 11.
386 1809 504 1861 Iam
517 1808 677 1861 Serui
689 1809 900 1862 Galbae
924 1809 1249 1879 temeritatis
1276 1808 1439 1879 plena
1463 1809 1762 1879 postulatio
1768 1850 1782 1876 ,

152 1881 249 1952 qui
285 1880 474 1932 diuum
501 1879 703 1932 Iulium
739 1880 1133 1933 consummatis
1170 1880 1419 1933 uictoriis
1456 1882 1511 1931 in
1548 1880 1669 1933 foro
1695 1880 1782 1932 ius

145 1999 350 2045 carnifex
388 1999 614 2045 occidIsti.
688 2001 728 2044 9.
768 1999 972 2059 Diphilus
1014 1992 1260 2059 tragoedus
1298 2013 1399 2044 oum
1436 1999 1778 2060 Apollinaribus
1802 1999 1883 2075 ξαν

147 2070 270 2116 ludis
297 2072 417 2115 inter
442 2076 593 2116 actum
621 2070 672 2115 ad
703 2085 805 2115 eum
834 2084 1017 2115 uersum
1046 2071 1266 2123 uenisset,
1297 2085 1387 2130 quo
1418 2071 1525 2115 haec
1551 2071 1777 2116 sententia
1884 2067 1895 2078 '

144 2142 704 2197 -continereturfmiseria
730 2148 887 2187 nostra
915 2155 1107 2201 magnus
1138 2142 1224 2191 es’,
1253 2141 1780 2201 directisinPompeium
1844 2191 1847 2194 ,

144 2211 359 2257 manibus
386 2212 719 2272 pronuntiauit.
771 2214 816 2257 in
853 2211 928 2257 illa
967 2226 1150 2272 quoque
1188 2219 1317 2272 parte
1344 2212 1499 2257 eadem
1526 2212 1778 2272 petulantia

146 2297 262 2328 usus
290 2291 384 2328 est:
425 2281 493 2340 e·{-
519 2283 653 2328 etiam
685 2285 840 2328 ueniet
869 2290 1046 2343 tempus
1074 2283 1180 2328 dum
1206 2283 1415 2343 grauiter
1441 2283 1631 2342 gemes'.
1708 2286 1776 2341 10.

147 2352 206 2400 M.
233 2353 504 2404 Castricius,
541 2368 642 2398 cum
678 2353 934 2399 Placentiae
971 2354 1290 2412 magistratum
1318 2361 1524 2413 gereret,
1562 2354 1640 2399 Cn.
1670 2353 1774 2400 Car·
1797 2365 1840 2396 30

148 2422 270 2468 bone
287 2437 380 2468 cos.
412 2423 596 2468 obsides
618 2438 641 2468 a
661 2423 937 2469 Placentinis
964 2423 1244 2483 postulante,
1276 2426 1470 2484 imperio
1491 2439 1583 2470 non
1604 2424 1781 2470 obtem-

150 2493 347 2554 perauit.
395 2495 549 2554 itaque
577 2494 755 2539 dicente
782 2494 987 2539 Carbone
1013 2494 1184 2540 multos
1213 2507 1261 2539 se
1288 2494 1466 2554 gladios
1495 2495 1675 2545 habere,
1705 2508 1776 2539 re-

146 2563 337 2623 spondit
379 2570 424 2608 et
473 2577 520 2608 se
563 2578 720 2609 annos.
799 2567 867 2608 11.
908 2564 1098 2624 Sergius
1136 2564 1272 2610 Galba
1310 2565 1546 2610 Caesarem
1583 2567 1627 2609 in
1668 2564 1773 2610 foro

266 2675 287 2712 1
319 2685 449 2713 *mos
473 2672 513 2712 B
592 2675 617 2713 3
648 2673 901 2726 tragaedus
924 2673 966 2712 B
1047 2675 1073 2712 4
1104 2686 1191 2726 quo
1217 2696 1270 2700 —
1293 2674 1610 2714 contineretur
1633 2674 1696 2713 P:
1727 2673 1776 2713 in

144 2741 240 2781 quo
266 2752 319 2758 —
345 2729 667 2770 contineturB
731 2731 753 2769 5
777 2742 824 2769 es
850 2730 934 2770 Cic.
960 2731 1019 2769 ad
1039 2730 1133 2770 Att.
1158 2730 1227 2776 II,
1254 2732 1319 2778 19,
1346 2733 1393 2770 1:
1426 2734 1497 2770 est
1519 2730 1606 2770 BP
1638 2727 1657 2784 Η
1698 2729 1776 2770 de-

146 2790 303 2826 rectus
326 2785 381 2834 B,
405 2786 596 2826 directis
621 2786 683 2826 Pb
763 2788 788 2826 9
810 2787 1135 2838 perseueranti
1158 2786 1182 2826 b
1245 2788 1294 2825 11
1327 2799 1482 2839 gemes
1510 2787 1593 2827 Cic.
1618 2789 1645 2827 l.
1671 2800 1707 2827 c.
1733 2793 1775 2827 et

145 2842 406 2940 2:32222
431 2842 473 2882 B
535 2844 587 2883 17
611 2843 782 2883 dicenti
803 2844 901 2883 edd.
925 2844 1098 2895 priores
1168 2844 1223 2882 24
1245 2844 1324 2894 qui
1353 2865 1408 2872 —
1437 2845 1774 2884 consummatis

212 2911 316 2995 m27
340 2960 411 2996 est
439 2957 481 2995 V
537 2958 590 2996 30
604 2954 812 2996 narbone
833 2954 923 2999 663.
949 2955 1169 2997 obsidens
1193 2956 1477 3008 placentinis
1507 2957 1549 2995 V
