1924 3152
211 137 311 190 176
872 168 879 175 -
901 143 1000 188 LIB.
1039 142 1127 188 1111.

207 250 483 320 profectus
511 249 717 315 fuerat,
750 249 1062 302 testimonio
1090 249 1204 302 eius
1231 246 1523 333 praecipue
1549 251 1819 320 adflictuS,

207 328 389 372 tamen
414 326 702 389 postquam
729 337 851 371 eum
886 319 1014 371 inde
1039 330 1357 373 reuocatum
1382 340 1531 375 ciues
1559 321 1822 392 collegam

207 389 289 441 illi
323 389 380 440 in
406 388 695 442 consulatu
722 388 1017 457 dederunt,
1060 398 1112 442 et
1145 391 1352 461 ingenii
1379 391 1490 460 sui,
1527 393 1672 463 quod
1707 402 1825 446 erat

118 500 135 515 .
211 459 545 525 acerrimum,
574 467 628 511 et
653 459 903 526 iniuriae,
932 479 1095 531 quam
1114 462 1498 529 grauissimam
1519 471 1822 534 acceperat,

168 544 188 577 5
212 528 465 582 obliuisci
494 530 600 583 sibi
623 529 941 600 imperauit,
968 549 1055 598 ne,
1085 532 1132 583 si
1159 532 1463 585 dissidente
1489 533 1670 587 animo
1699 551 1823 587 con-

211 601 506 653 sortionem
553 601 768 671 imperii
824 619 1090 671 usurpare
1137 603 1429 670 uoluisset,
1487 604 1826 674 pertinacem

212 669 521 723 exhibendo
557 671 837 723 inimicum
870 672 1075 724 malum
1111 671 1385 726 consulem
1422 681 1624 742 ageret.
1688 692 1825 744 quae

212 740 433 811 quidem
458 741 652 794 mentis
690 741 761 793 ad
796 741 1231 813 tranquilliorem
1256 742 1508 795 habitum
1542 742 1822 796 inclinatio

210 812 267 862 in
304 829 497 892 aspero
552 830 617 864 ac
654 811 869 864 difficili
905 822 1209 883 temporum
1255 813 1486 866 articulo
1531 812 1827 883 plurimum

149 895 190 926 10
214 880 406 934 salut1s
443 882 567 934 urbi
603 889 765 952 atque
799 882 996 934 Italiae
1034 882 1246 949 attulit,
1285 883 1414 954 quia
1447 884 1569 954 pari
1603 884 1824 936 uirtutis

210 952 400 1023 inpetu
427 953 598 1006 conisi
625 952 885 1005 terribilis
913 954 1145 1005 Punicas
1171 954 1317 1005 uires
1345 953 1730 1021 contuderunt..

317 1037 367 1088 3.
417 1034 639 1088 Clarum
686 1037 852 1089 etiam
899 1039 957 1089 in
991 1037 1258 1091 Africano
1306 1038 1584 1108 superiore
1633 1056 1698 1090 ac
1743 1037 1826 1091 Ti.

215 1106 467 1159 Graccho
514 1107 884 1177 depositarum
930 1108 1336 1160 inimicitiarum
1389 1107 1723 1179 exemplum,
1784 1109 1829 1160 si

214 1177 434 1247 quidem
461 1178 530 1229 ad
557 1178 711 1230 cuius
733 1196 954 1230 mensae
981 1196 1138 1230 sacra
1164 1178 1288 1230 odio
1311 1178 1638 1230 dissidentes
1665 1196 1827 1231 uene-

149 1259 191 1291 15
213 1254 354 1314 rant,
394 1248 462 1301 ab
501 1266 565 1300 ea
602 1255 656 1300 et
690 1250 929 1301 amicitia
965 1256 1019 1300 et
1054 1248 1336 1301 adfinitate
1371 1250 1540 1301 iuncti
1567 1249 1827 1301 discesse-

213 1325 355 1369 runt.
420 1337 529 1370 non
566 1326 851 1370 contentus
889 1320 1032 1370 enim
1069 1319 1247 1389 Scipio
1286 1325 1507 1372 auctore
1542 1327 1737 1371 senatu
1770 1319 1828 1370 in

214 1386 485 1458 Capitolio
513 1389 664 1440 Iouis
702 1388 861 1458 epulo
889 1407 1011 1440 cum
1037 1388 1287 1442 Graccho
1315 1389 1660 1442 concordiam
1687 1407 1826 1442 com-

213 1460 549 1526 municasse,
590 1458 757 1511 filiam
793 1478 1006 1530 quoque
1042 1460 1091 1511 ei
1126 1458 1435 1512 Corneliam
1467 1460 1714 1530 protinus
1750 1459 1829 1512 ibi

215 1528 521 1598 despondit.

149 1624 191 1656 20
318 1612 369 1663 4.
421 1612 529 1665 Sed
577 1612 801 1665 huiusce
835 1613 1051 1682 generis
1098 1613 1410 1666 humanitas
1457 1614 1624 1666 etiam
1660 1615 1718 1666 in
1753 1613 1828 1666 M.

214 1682 477 1735 Cicerone
512 1685 808 1754 praecipua
842 1686 1113 1754 apparuit.
1165 1683 1371 1736 Aulum
1396 1702 1632 1755 namque
1659 1683 1828 1737 Gabi-

211 1753 830 1824 nium,repetundarum
877 1773 1032 1807 reum
1077 1772 1285 1806 summo
1336 1754 1515 1808 studio
1567 1753 1828 1820 defendit,

214 1825 306 1893 qui
342 1842 464 1876 eum
500 1824 557 1875 in
594 1823 882 1878 consulatu
918 1844 1014 1878 suo
1042 1825 1178 1879 urbe
1214 1825 1527 1895 expulerat,
1578 1826 1831 1895 idemque

213 1894 274 1946 P.
302 1894 588 1947 Vatinium
625 1895 880 1964 dignitati
915 1914 1045 1948 suae
1081 1914 1294 1966 semper
1328 1893 1589 1948 infestum
1618 1894 1827 1948 duobus

151 1975 192 2008 25
213 1963 446 2035 publicis
482 1965 696 2017 iudiciis
723 1973 933 2017 tutatus
971 1973 1080 2033 est,
1117 1974 1179 2018 ut
1205 1967 1322 2018 sine
1357 1966 1468 2019 ullo
1496 1966 1721 2018 crimine
1757 1965 1828 2016 le-

212 2035 430 2101 uitatis,
481 2035 560 2086 ita
599 2053 722 2087 cum
767 2036 839 2086 ali
879 2054 950 2087 ua
992 2035 1182 2103 laude,
1235 2035 1363 2106 quia
1401 2035 1697 2106 speciosius
1735 2035 1830 2086 ali-

214 2111 418 2175 quanto
452 2105 683 2157 iniuriae
708 2105 847 2157 bene
890 2106 972 2158 cio
998 2107 1292 2158 uincuntur
1319 2124 1482 2176 quam
1507 2107 1684 2158 mutui
1721 2104 1831 2158 odii

213 2175 515 2244 pertinacia
540 2182 854 2245 pensantur.

101 2324 194 2359 par.
219 2321 352 2372 dens,
390 2327 582 2381 propter
609 2335 743 2381 quem
770 2320 1055 2372 exulauerat,
1094 2321 1263 2382 pariter
1290 2335 1383 2367 cos.
1411 2327 1592 2367 creatus
1619 2320 1831 2381 deposuit

154 2396 196 2429 30
218 2391 487 2437 simultates.
563 2395 604 2436 3.
643 2391 821 2452 Scipio,
865 2397 917 2436 ut
951 2392 1168 2442 diximus,
1212 2399 1319 2451 post
1352 2392 1727 2437 intercessionem
1763 2390 1830 2435 Ti.

187 2479 190 2481 ·
217 2463 404 2508 Gracchi
424 2462 647 2522 depositis
673 2462 932 2513 inimicitiis,
959 2463 1172 2523 protinus
1198 2462 1335 2508 filiam
1363 2463 1403 2508 ei
1430 2475 1557 2508 suam
1578 2460 1833 2507 Corneliani

217 2532 474 2593 despondit.
549 2537 591 2579 4.
639 2532 695 2577 Μ.
731 2532 887 2579 Cicero
935 2534 987 2578 A.
1027 2532 1262 2578 Gabinium
1307 2532 1662 2593 repetundarum
1705 2544 1831 2576 reum

218 2617 392 2649 summo
421 2603 572 2649 studio
601 2603 826 2654 defendit,
869 2605 944 2663 qui
973 2617 1074 2649 eum
1101 2603 1147 2648 in
1174 2603 1413 2650 consulatu
1440 2616 1524 2648 suo
1549 2601 1659 2647 urbe
1695 2614 1831 2660 expu-

218 2672 344 2718 lerat.
386 2673 501 2718 idem
522 2674 567 2720 P.
590 2674 814 2719 Vatinium
841 2674 1055 2733 dignitati
1078 2688 1185 2720 suae
1207 2687 1387 2733 semper
1413 2673 1630 2718 infestum
1650 2670 1829 2741 duobus

332 2825 356 2864 6
386 2820 705 2877 pertinacelse
727 2825 770 2865 B
799 2838 913 2868 corr.
943 2838 1001 2866 ex
1030 2821 1343 2878 pertinalcem
1413 2824 1463 2864 17
1496 2820 1778 2863 concordans
1807 2819 1830 2861 b

221 2879 277 2920 18
303 2890 439 2931 quoq.
464 2880 507 2920 ei
526 2881 713 2920 suamB
734 2884 777 2921 in
797 2893 885 2921 ras.
946 2883 999 2921 22
1031 2879 1387 2934 reputandarum
1408 2872 1463 2920 B'
1523 2879 1576 2919 27
1604 2875 1831 2919 beneficio

219 2936 326 2976 FV:
355 2934 594 2978 beneficiis
615 2936 671 2986 B,
702 2939 782 2978 sed
798 2937 856 2978 iis
877 2939 921 2978 in
940 2950 1028 2978 ras.
1050 2951 1101 2978 m.
1126 2939 1154 2978 3
