1936 3120
0 1058 21 1251 ‘Qua-w

0 592 23 1054 'WW'Kss-i-j-a-PAJ,
16 551 21 561 ,.
19 500 22 501 ,
18 403 26 419 ,Ἣ
22 328 25 329 ¹
17 282 19 290 1
17 231 19 238 ,

26 687 29 712 „2
27 524 31 530 Α,
26 463 30 498 ⁴.-.
25 291 41 428 „1:7.„‘·

225 178 228 179 ν
261 143 367 198 482
932 147 1031 194 LIB.
1071 147 1195 194 vl111.

265 262 484 308 senatus
523 272 714 325 capere
750 254 1023 307 sustinuit.
1076 273 1181 324 quo
1206 254 1421 308 nomine
1456 255 1610 309 iussu
1642 264 1860 328 patrum

263 333 488 379 necatus
514 325 572 377 in
597 342 830 393 carcere,
860 343 1007 378 seras
1034 325 1273 396 prompti
1299 326 1463 378 animi
1485 326 1557 379 ad
1575 345 1731 389 omne
1748 347 1861 381 mo-

263 395 504 448 liendum
532 395 707 448 scelus
734 414 936 466 poenas
963 395 1239 467 pependit.

368 466 420 518 2.
458 465 541 518 Ne
568 465 682 518 diui
708 466 924 537 quidem
950 467 1190 535 Augusti
1216 467 1378 519 etiam
1411 485 1556 519 nunc
1581 475 1754 521 terras
1781 487 1864 521 re-

221 553 242 586 5
265 536 439 607 gentis
479 535 995 589 excellentissimum
1029 555 1228 589 numen
1253 538 1636 608 intemptatum
1662 538 1732 592 ab
1759 539 1861 592 hoc

263 607 494 660 iniuriae
520 625 733 677 genere.
787 608 970 659 extitit
1006 607 1097 678 qui
1134 606 1468 660 clarissimae
1494 627 1558 661 ac
1584 609 1864 661 sanctissi-

263 696 384 730 mae
423 679 624 731 sororis
662 679 776 730 eius
806 677 1069 731 Octauiae
1102 685 1255 730 utero
1295 696 1351 730 se
1387 679 1633 747 genitum
1656 679 1863 748 fingere

265 747 522 816 auderet,
561 756 784 819 propter
811 766 1075 800 summam
1102 756 1287 800 autem
1310 747 1722 814 inbecillitatem
1748 763 1863 802 cor-

263 818 411 890 poris
434 819 503 872 ab
527 837 606 886 e0,
630 819 717 871 cui
738 819 896 871 datus
919 825 1053 885 erat,
1075 817 1300 888 perinde
1319 826 1479 889 atque
1500 819 1671 889 ipsius
1692 818 1866 871 filium

203 907 244 940 10
266 897 563 956 retentum,
602 889 844 942 subiecto
880 889 938 940 in
972 887 1149 942 locum
1176 908 1332 941 suum
1357 891 1577 959 proprio
1603 888 1747 956 filio,
1789 888 1866 941 di-

266 967 429 1027 ceret,
454 959 710 1012 uidelicet
734 968 795 1012 ut
822 959 1013 1012 eodem
1032 967 1274 1030 tempore
1294 959 1622 1012 sanctissimi
1681 966 1866 1012 enates

267 1038 321 1084 et
353 1031 472 1083 ueri
507 1030 789 1100 sanguinis
823 1030 1085 1083 memoria
1120 1030 1482 1100 spoliarentur
1521 1038 1575 1083 et
1598 1030 1657 1082 fa
1681 1030 1727 1082 si
1754 1048 1866 1083 sor-

268 1101 398 1154 dida
435 1103 755 1171 contagione
791 1101 1218 1171 inquinarentur.
1266 1101 1362 1153 sed
1399 1101 1528 1153 dum
1561 1099 1735 1172 plenis
1770 1099 1867 1151 im-

266 1171 559 1243 pudentiae
584 1171 719 1224 uelis
748 1171 819 1223 ad
848 1190 1114 1223 summum
1140 1171 1396 1224 audaciae
1416 1170 1648 1240 gradum
1673 1172 1866 1237 fertur,

204 1260 246 1293 15
266 1244 494 1313 imperio
524 1243 762 1312 Augusti
788 1260 936 1295 remo
963 1241 1215 1313 publicae
1241 1242 1476 1295 triremis
1514 1241 1729 1294 adfixus
1767 1248 1866 1293 est.

371 1313 422 1366 3.
461 1312 729 1383 Repertus
758 1321 842 1366 est
869 1312 1032 1364 etiam
1058 1312 1149 1383 qui
1176 1331 1233 1364 se
1261 1312 1461 1364 diceret
1497 1330 1614 1363 esse
1652 1311 1719 1377 Q.
1748 1311 1867 1363 Ser-

266 1384 394 1436 torii
429 1382 628 1450 filium,
668 1402 828 1454 quem
861 1391 923 1435 ut
958 1390 1280 1452 agnosceret
1314 1401 1453 1435 uxor
1488 1382 1602 1434 eius
1640 1379 1789 1433 nulla
1812 1380 1869 1432 ui

267 1452 499 1524 conpelli
525 1455 723 1524 potuit.

373 1524 424 1576 4.
466 1523 610 1590 Quid
638 1523 961 1576 Trebellius'
979 1522 1168 1590 Calca,
1214 1541 1375 1593 quam
1402 1520 1793 1574 adseueranter
1813 1539 1872 1572 se

203 1613 246 1646 20
270 1593 521 1647 Clodium
547 1593 696 1646 tulit!
736 1602 788 1645 et
863 1594 1045 1646 uidem
1081 1593 1209 1645 dum
1236 1592 1302 1644 de
1327 1592 1485 1646 bonis
1514 1593 1628 1645 eius
1657 1599 1869 1645 conten-

270 1664 377 1731 dit,
418 1665 476 1716 in
510 1613 897 1717 centumuirale
932 1663 1191 1716 iudicium
1236 1662 1370 1716 adeo
1413 1661 1735 1716 fauorabilis
1783 1661 1870 1714 de·
1932 1672 1934 1675 “

269 1734 507 1802 scendit,
544 1744 606 1788 ut
641 1735 738 1787 uix
771 1735 928 1787 iustis
958 1743 1011 1787 et
1037 1734 1223 1805 aequis
1252 1733 1532 1786 sententiis
1560 1740 1871 1786 consterna-

267 1807 344 1860 tio
389 1805 578 1876 populi
621 1804 792 1858 ullum
833 1804 1166 1876 relinqueret
1207 1803 1401 1857 locum.
1460 1804 1518 1856 in
1558 1802 1652 1855 illa
1693 1809 1873 1858 tamen
1932 1862 1934 1866 μ

270 1877 589 1947 quaestione
626 1895 799 1946 neque
838 1875 1140 1928 calumniae
1178 1875 1427 1944 petitoris
1462 1892 1637 1944 neque
1670 1871 1869 1925 uiolen-

206 1965 248 1998 25
270 1947 380 2000 tiae
405 1946 581 2017 plebis
607 1946 966 1999 iudicantium
991 1945 1180 2015 religio
1208 1946 1384 1998 cessit.
1622 1975 1628 1990 ·

375 2017 425 2071 5.
465 2017 638 2071 Multo
682 2017 878 2070 fortius
924 2016 1043 2084 ille,
1089 2017 1181 2087 qui
1221 2014 1466 2068 Cornelio
1505 2013 1656 2067 Sulla
1689 2030 1868 2065 rerum

155 2148 249 2185 Par.
275 2135 361 2181 sihi
387 2149 489 2181 eum
516 2150 647 2181 auum
674 2136 935 2181 uindicaret.
984 2137 1022 2179 3.
1054 2135 1273 2194 Repertus
1301 2140 1370 2178 est
1397 2133 1473 2192 qui
1501 2146 1548 2177 se
1576 2132 1743 2176 diceret
1767 2129 1870 2174 Scr-

271 2207 379 2251 torii
404 2205 562 2251 filium.
612 2209 651 2250 2.
691 2205 847 2250 Extitit
874 2206 950 2264 qui
977 2219 1024 2249 se
1052 2203 1259 2249 Octauiae
1285 2203 1456 2249 sororis
1482 2202 1673 2262 Augusti
1699 2200 1870 2245 diceret

273 2275 427 2321 filium.
503 2280 543 2320 5.
582 2274 793 2331 Quidam,
832 2275 1040 2320 Cornelio
1079 2274 1201 2319 Sulla
1237 2288 1387 2319 rerum
1423 2274 1651 2334 potiente,
1692 2270 1872 2316 domum

385 2387 410 2425 2
435 2397 646 2425 carceres
667 2378 722 2424 B'
781 2387 806 2426 3
828 2396 973 2437 ponas
995 2377 1050 2423 B'
1115 2384 1143 2423 4
1166 2382 1303 2423 etiam
1324 2395 1429 2422 num
1450 2382 1491 2420 B
1510 2395 1589 2435 my.
1650 2383 1675 2422 6
1699 2375 1867 2432 extitit]

273 2443 373 2483 add.
396 2443 440 2482 in
460 2455 538 2494 my.
568 2441 611 2481 B
642 2442 761 2481 enim
858 2443 883 2482 9
927 2438 1084 2493 [filium
1121 2437 1366 2492 reten]tum
1402 2438 1609 2479 subiecto
1646 2437 1694 2476 in
1722 2436 1871 2476 locum

276 2511 403 2539 suum
440 2495 638 2551 [proprio
658 2519 715 2526 —-
736 2495 928 2550 diceret]
961 2495 1177 2537 uidelicet
1206 2499 1256 2535 ut
1287 2494 1445 2536 eodem
1474 2489 1702 2547 tem[p0re
1725 2503 1875 2544 -fpe-

274 2552 423 2607 nates]
457 2557 502 2594 01
530 2555 630 2594 ueri
659 2554 902 2607 sanguinis
935 2550 1170 2605 [memoria
1200 2575 1253 2581 —
1285 2549 1344 2604 et]
1377 2550 1489 2591 falsi
1517 2548 1698 2591 sordida
1732 2544 1874 2601 [cont.

274 2608 660 2663 inquinarent]ur.
701 2611 782 2651 sed
814 2608 894 2650 011*
923 2609 996 2662 ple
1009 2606 1097 2662 [nis
1119 2631 1172 2637 —-
1196 2606 1267 2661 ad]
1301 2607 1476 2648 summu
1499 2605 1724 2647 audaciae
1757 2602 1873 2656 [gra-

275 2666 379 2707 dum
407 2689 460 2696 -—
493 2665 697 2720 angusti
726 2679 846 2707 remo
879 2663 1092 2718 [publicis
1116 2687 1166 2694 —-
1191 2662 1388 2718 adfixu]s
1420 2666 1505 2704 est.
1564 2664 1771 2715 repertus
1802 2661 1873 2698 est

279 2721 441 2776 [etiam
465 2745 516 2751 —
540 2721 598 2776 q.]
632 2723 816 2764 sertorii
844 2722 987 2762 filium
1021 2719 1168 2774 [quem
1190 2744 1242 2750 —
1267 2718 1380 2773 eius]
1411 2718 1540 2760 nulla
1559 2719 1608 2758 ui
1631 2711 1871 2772 [con]pelli

275 2779 319 2820 B
378 2781 430 2820 13
451 2779 555 2819 dum
577 2781 671 2821 edd.
695 2784 824 2819 vett„-
857 2791 958 2818 cum
979 2777 1077 2819 libri
1149 2779 1200 2819 19
1224 2776 1419 2817 chalcha
1439 2775 1481 2815 B
1548 2777 1602 2816 20
1626 2776 1671 2814 et
1691 2770 1873 2824 quidem

266 2836 446 2876 euanuit
465 2838 506 2876 in
527 2836 569 2875 B
588 2832 596 2890 l
629 2835 683 2876 de
706 2836 748 2875 B
767 2849 800 2876 s.
826 2837 865 2876 lq
913 2835 966 2874 24
990 2830 1271 2887 calum[niae
1292 2830 1520 2885 pe]titoris
1542 2830 1584 2870 B
1649 2831 1703 2869 25
1723 2826 1873 2891 plebis

279 2889 603 2947 [iudicantium
648 2892 690 2931 B
748 2893 802 2932 26
831 2890 970 2930 multo
997 2887 1179 2944 [fortius
1202 2912 1254 2919 —
1277 2886 1506 2943 co]rnelia
1535 2886 1654 2939 sylla
1676 2883 1734 2925 rr.
1757 2886 1873 2936 poti-

391 2950 444 2990 27
464 2948 703 2989 uindicare
733 2948 771 2987 V
791 2944 810 3001 Η
829 2951 1066 3000 reppertus
1094 2939 1154 2987 V'
