<?xml version="1.0" encoding="UTF-8"?>
<!DOCTYPE html PUBLIC "-//W3C//DTD XHTML 1.0 Transitional//EN"
    "http://www.w3.org/TR/xhtml1/DTD/xhtml1-transitional.dtd">
<html xmlns="http://www.w3.org/1999/xhtml" xml:lang="en" lang="en">
 <head>
  <title>
</title>
<meta http-equiv="Content-Type" content="text/html;charset=utf-8" />
  <meta name='ocr-system' content='tesseract 3.04.00' />
  <meta name='ocr-capabilities' content='ocr_page ocr_carea ocr_par ocr_line ocrx_word'/>
</head>
<body>
  <div class='ocr_page' id='page_1' title='image "./factorumetdictor00valeuoft_0014.png"; bbox 0 0 1878 3100; ppageno 0'>
   <div class='ocr_carea' id='block_1_1' title="bbox 205 111 1690 204">
    <p class='ocr_par' dir='ltr' id='par_1_1' title="bbox 205 111 1690 204">
     <span class='ocr_line' id='line_1_1' title="bbox 205 111 1690 204; baseline 0.006 -18"><span class='ocrx_word' id='word_1_1' title='bbox 205 141 245 186; x_wconf 82' lang='lat' dir='ltr'>x</span> <span class='ocrx_word' id='word_1_2' title='bbox 858 111 1178 191; x_wconf 58' lang='lat' dir='ltr'>PRAEivATIO.</span> <span class='ocrx_word' id='word_1_3' title='bbox 1291 202 1294 204; x_wconf 34' lang='grc'>,</span> <span class='ocrx_word' id='word_1_4' title='bbox 1651 170 1690 195; x_wconf 47' lang='lat' dir='ltr'>x</span> 
     </span>
    </p>
   </div>
   <div class='ocr_carea' id='block_1_2' title="bbox 150 280 1846 2941">
    <p class='ocr_par' dir='ltr' id='par_1_2' title="bbox 150 280 1846 2941">
     <span class='ocr_line' id='line_1_2' title="bbox 205 280 1815 350; baseline 0.007 -26"><span class='ocrx_word' id='word_1_5' title='bbox 205 281 265 324; x_wconf 83' lang='lat' dir='ltr'>ab</span> <span class='ocrx_word' id='word_1_6' title='bbox 292 296 383 326; x_wconf 87' lang='lat' dir='ltr'>uno</span> <span class='ocrx_word' id='word_1_7' title='bbox 408 284 574 327; x_wconf 79' lang='lat' dir='ltr'>ilerum</span> <span class='ocrx_word' id='word_1_8' title='bbox 610 288 660 328; x_wconf 87' lang='lat' dir='ltr'>et</span> <span class='ocrx_word' id='word_1_9' title='bbox 694 280 848 343; x_wconf 90' lang='lat' dir='ltr'>paulo</span> <span class='ocrx_word' id='word_1_10' title='bbox 876 288 994 344; x_wconf 90' lang='lat' dir='ltr'>post</span> <span class='ocrx_word' id='word_1_11' title='bbox 1027 285 1171 341; x_wconf 83' lang='lat' dir='ltr'>ipsius</span> <span class='ocrx_word' id='word_1_12' title='bbox 1205 282 1260 329; x_wconf 87' lang='lat' dir='ltr'>in</span> <span class='ocrx_word' id='word_1_13' title='bbox 1285 283 1327 330; x_wconf 91' lang='lat' dir='ltr'>B</span> <span class='ocrx_word' id='word_1_14' title='bbox 1358 281 1563 344; x_wconf 81' lang='lat' dir='ltr'>deesse,</span> <span class='ocrx_word' id='word_1_15' title='bbox 1605 302 1815 350; x_wconf 75' lang='lat' dir='ltr'>quorum</span> 
     </span>
     <span class='ocr_line' id='line_1_3' title="bbox 208 349 1813 415; baseline 0.002 -18"><span class='ocrx_word' id='word_1_16' title='bbox 208 350 402 397; x_wconf 91' lang='lat' dir='ltr'>nullum</span> <span class='ocrx_word' id='word_1_17' title='bbox 427 352 479 397; x_wconf 89' lang='lat' dir='ltr'>in</span> <span class='ocrx_word' id='word_1_18' title='bbox 509 367 567 399; x_wconf 90' lang='lat' dir='ltr'>eo</span> <span class='ocrx_word' id='word_1_19' title='bbox 598 349 941 412; x_wconf 55' lang='lat' dir='ltr'>desideratum</span> <span class='ocrx_word' id='word_1_20' title='bbox 990 353 1034 411; x_wconf 87' lang='grc'>6,</span> <span class='ocrx_word' id='word_1_21' title='bbox 1066 354 1112 411; x_wconf 89' lang='grc'>3,</span> <span class='ocrx_word' id='word_1_22' title='bbox 1146 355 1172 399; x_wconf 85' lang='grc'>7</span> <span class='ocrx_word' id='word_1_23' title='bbox 1211 355 1338 398; x_wconf 84' lang='lat' dir='ltr'>intra</span> <span class='ocrx_word' id='word_1_24' title='bbox 1366 356 1583 405; x_wconf 53' lang='lat' dir='ltr'>domum</span> <span class='ocrx_word' id='word_1_25' title='bbox 1631 357 1676 415; x_wconf 88' lang='lat'>6,</span> <span class='ocrx_word' id='word_1_26' title='bbox 1706 357 1752 414; x_wconf 87' lang='lat'>5,</span> <span class='ocrx_word' id='word_1_27' title='bbox 1783 359 1813 404; x_wconf 87' lang='lat'>3</span> 
     </span>
     <span class='ocr_line' id='line_1_4' title="bbox 166 420 1814 486; baseline 0.004 -20"><span class='ocrx_word' id='word_1_28' title='bbox 166 435 170 440; x_wconf 91' lang='lat'><em>·</em></span> <span class='ocrx_word' id='word_1_29' title='bbox 204 420 390 467; x_wconf 85' lang='lat' dir='ltr'>falsum</span> <span class='ocrx_word' id='word_1_30' title='bbox 419 428 493 467; x_wconf 83' lang='lat' dir='ltr'>est</span> <span class='ocrx_word' id='word_1_31' title='bbox 531 420 668 485; x_wconf 87' lang='lat' dir='ltr'>qu&#39;od</span> <span class='ocrx_word' id='word_1_32' title='bbox 697 420 819 468; x_wconf 91' lang='lat' dir='ltr'>dicit</span> <span class='ocrx_word' id='word_1_33' title='bbox 843 422 1110 486; x_wconf 86' lang='lat' dir='ltr'>Kempfius</span> <span class='ocrx_word' id='word_1_34' title='bbox 1147 438 1464 486; x_wconf 82' lang='lat' dir='ltr'>praenomen</span> <span class='ocrx_word' id='word_1_35' title='bbox 1490 426 1546 472; x_wconf 91' lang='lat' dir='ltr'>P.</span> <span class='ocrx_word' id='word_1_36' title='bbox 1575 432 1694 473; x_wconf 77' lang='lat' dir='ltr'>ante</span> <span class='ocrx_word' id='word_1_37' title='bbox 1721 427 1814 472; x_wconf 92' lang='lat' dir='ltr'>Po·</span> 
     </span>
     <span class='ocr_line' id='line_1_5' title="bbox 197 490 1813 558; baseline 0.005 -23"><span class='ocrx_word' id='word_1_38' title='bbox 197 493 339 550; x_wconf 77' lang='lat' dir='ltr'>pilius</span> <span class='ocrx_word' id='word_1_39' title='bbox 365 491 418 536; x_wconf 87' lang='lat' dir='ltr'>in</span> <span class='ocrx_word' id='word_1_40' title='bbox 436 491 478 537; x_wconf 92' lang='lat' dir='ltr'><strong>B</strong></span> <span class='ocrx_word' id='word_1_41' title='bbox 509 490 716 552; x_wconf 84' lang='lat' dir='ltr'>deesse3</span> <span class='ocrx_word' id='word_1_42' title='bbox 746 491 893 540; x_wconf 90' lang='lat' dir='ltr'>immo</span> <span class='ocrx_word' id='word_1_43' title='bbox 929 507 1125 539; x_wconf 85' lang='lat' dir='ltr'>erasum</span> <span class='ocrx_word' id='word_1_44' title='bbox 1156 499 1205 539; x_wconf 93' lang='lat' dir='ltr'>et</span> <span class='ocrx_word' id='word_1_45' title='bbox 1233 493 1339 541; x_wconf 91' lang='lat' dir='ltr'>eius</span> <span class='ocrx_word' id='word_1_46' title='bbox 1366 493 1479 542; x_wconf 90' lang='lat' dir='ltr'>loco</span> <span class='ocrx_word' id='word_1_47' title='bbox 1496 510 1545 540; x_wconf 60' lang='lat' dir='ltr'>&gt;m</span> <span class='ocrx_word' id='word_1_48' title='bbox 1571 494 1627 542; x_wconf 75' lang='lat' dir='ltr'>i&#39;n</span> <span class='ocrx_word' id='word_1_49' title='bbox 1652 511 1813 558; x_wconf 85' lang='lat' dir='ltr'><strong>marg.</strong></span> 
     </span>
     <span class='ocr_line' id='line_1_6' title="bbox 202 558 1815 626; baseline 0.005 -20"><span class='ocrx_word' id='word_1_50' title='bbox 202 558 519 624; x_wconf 88' lang='lat' dir='ltr'>adscriptum</span> <span class='ocrx_word' id='word_1_51' title='bbox 554 568 653 620; x_wconf 88' lang='lat' dir='ltr'>est,</span> <span class='ocrx_word' id='word_1_52' title='bbox 709 562 828 626; x_wconf 85' lang='lat' dir='ltr'>quia</span> <span class='ocrx_word' id='word_1_53' title='bbox 863 562 918 608; x_wconf 91' lang='lat' dir='ltr'>in</span> <span class='ocrx_word' id='word_1_54' title='bbox 956 562 1066 610; x_wconf 93' lang='lat' dir='ltr'>loco</span> <span class='ocrx_word' id='word_1_55' title='bbox 1105 563 1352 610; x_wconf 87' lang='lat' dir='ltr'>inferiore</span> <span class='ocrx_word' id='word_1_56' title='bbox 1388 563 1552 612; x_wconf 84' lang='lat' dir='ltr'><strong>codex</strong></span> <span class='ocrx_word' id='word_1_57' title='bbox 1587 581 1652 613; x_wconf 84' lang='lat' dir='ltr'>ex</span> <span class='ocrx_word' id='word_1_58' title='bbox 1675 582 1815 615; x_wconf 84' lang='lat' dir='ltr'>mera</span> 
     </span>
     <span class='ocr_line' id='line_1_7' title="bbox 203 630 1811 695; baseline 0.002 -17"><span class='ocrx_word' id='word_1_59' title='bbox 203 630 435 678; x_wconf 84' lang='lat' dir='ltr'>eiusdem</span> <span class='ocrx_word' id='word_1_60' title='bbox 470 631 673 678; x_wconf 80' lang='lat' dir='ltr'>litterae</span> <span class='ocrx_word' id='word_1_61' title='bbox 708 632 1022 695; x_wconf 88' lang='lat' dir='ltr'>repetitione</span> <span class='ocrx_word' id='word_1_62' title='bbox 1057 632 1214 680; x_wconf 88' lang='lat' dir='ltr'>habet</span> <span class='ocrx_word' id='word_1_63' title='bbox 1256 648 1428 680; x_wconf 84' lang='lat' dir='ltr'>causae</span> <span class='ocrx_word' id='word_1_64' title='bbox 1466 637 1708 682; x_wconf 81' lang='lat' dir='ltr'>dictionem</span> <span class='ocrx_word' id='word_1_65' title='bbox 1752 652 1811 682; x_wconf 88' lang='lat' dir='ltr'>m.</span> 
     </span>
     <span class='ocr_line' id='line_1_8' title="bbox 195 701 1814 766; baseline 0.006 -21"><span class='ocrx_word' id='word_1_66' title='bbox 195 703 403 760; x_wconf 75' lang='lat' dir='ltr'>popilius</span> <span class='ocrx_word' id='word_1_67' title='bbox 458 703 572 766; x_wconf 88' lang='lat' dir='ltr'>(pro</span> <span class='ocrx_word' id='word_1_68' title='bbox 610 704 847 748; x_wconf 80' lang='lat' dir='ltr'>dictionem</span> <span class='ocrx_word' id='word_1_69' title='bbox 877 701 1098 765; x_wconf 76' lang='lat' dir='ltr'>popilius)</span> <span class='ocrx_word' id='word_1_70' title='bbox 1145 707 1350 752; x_wconf 77' lang='lat' dir='ltr'>remisit.-</span> <span class='ocrx_word' id='word_1_71' title='bbox 1403 704 1595 752; x_wconf 90' lang='lat' dir='ltr'>nullam</span> <span class='ocrx_word' id='word_1_72' title='bbox 1641 712 1814 754; x_wconf 89' lang='lat' dir='ltr'>autem</span> 
     </span>
     <span class='ocr_line' id='line_1_9' title="bbox 200 771 1811 838; baseline 0.004 -21"><span class='ocrx_word' id='word_1_73' title='bbox 200 771 356 817; x_wconf 87' lang='lat' dir='ltr'>aliam</span> <span class='ocrx_word' id='word_1_74' title='bbox 389 771 614 819; x_wconf 85' lang='lat' dir='ltr'>litteram</span> <span class='ocrx_word' id='word_1_75' title='bbox 649 772 752 819; x_wconf 91' lang='lat' dir='ltr'>nisi</span> <span class='ocrx_word' id='word_1_76' title='bbox 786 789 824 832; x_wconf 77' lang='lat' dir='ltr'>p</span> <span class='ocrx_word' id='word_1_77' title='bbox 871 789 1068 820; x_wconf 90' lang='lat' dir='ltr'>erasam</span> <span class='ocrx_word' id='word_1_78' title='bbox 1107 789 1219 821; x_wconf 91' lang='lat' dir='ltr'>esse</span> <span class='ocrx_word' id='word_1_79' title='bbox 1268 790 1333 821; x_wconf 85' lang='lat' dir='ltr'>ex</span> <span class='ocrx_word' id='word_1_80' title='bbox 1369 773 1546 822; x_wconf 90' lang='lat' dir='ltr'>ductus</span> <span class='ocrx_word' id='word_1_81' title='bbox 1591 775 1811 838; x_wconf 87' lang='lat' dir='ltr'>uestigio</span> 
     </span>
     <span class='ocr_line' id='line_1_10' title="bbox 199 843 1811 909; baseline 0.004 -23"><span class='ocrx_word' id='word_1_82' title='bbox 199 849 446 905; x_wconf 74' lang='lat' dir='ltr'>apparet,</span> <span class='ocrx_word' id='word_1_83' title='bbox 495 844 540 900; x_wconf 90' lang='lat'>6,</span> <span class='ocrx_word' id='word_1_84' title='bbox 572 843 617 901; x_wconf 85' lang='lat'>5,</span> <span class='ocrx_word' id='word_1_85' title='bbox 651 844 677 888; x_wconf 86' lang='lat'>7</span> <span class='ocrx_word' id='word_1_86' title='bbox 719 858 782 890; x_wconf 82' lang='lat' dir='ltr'>ex</span> <span class='ocrx_word' id='word_1_87' title='bbox 809 850 1094 890; x_wconf 86' lang='lat' dir='ltr'>atramento</span> <span class='ocrx_word' id='word_1_88' title='bbox 1135 844 1303 892; x_wconf 89' lang='lat' dir='ltr'>elucet</span> <span class='ocrx_word' id='word_1_89' title='bbox 1338 845 1391 891; x_wconf 90' lang='lat' dir='ltr'>in</span> <span class='ocrx_word' id='word_1_90' title='bbox 1428 846 1679 909; x_wconf 88' lang='lat' dir='ltr'>scriptura</span> <span class='ocrx_word' id='word_1_91' title='bbox 1705 847 1811 892; x_wconf 87' lang='lat' dir='ltr'>Iam</span> 
     </span>
     <span class='ocr_line' id='line_1_11' title="bbox 201 911 1846 979; baseline 0.006 -22"><span class='ocrx_word' id='word_1_92' title='bbox 201 911 425 958; x_wconf 83' lang='lat' dir='ltr'>litteram</span> <span class='ocrx_word' id='word_1_93' title='bbox 452 914 483 959; x_wconf 93' lang='grc' dir='ltr'><em>Ι</em></span> <span class='ocrx_word' id='word_1_94' title='bbox 515 928 578 960; x_wconf 85' lang='lat' dir='ltr'>ex</span> <span class='ocrx_word' id='word_1_95' title='bbox 613 914 928 961; x_wconf 80' lang='lat' dir='ltr'>correctione</span> <span class='ocrx_word' id='word_1_96' title='bbox 967 929 1078 960; x_wconf 91' lang='lat' dir='ltr'>esse</span> <span class='ocrx_word' id='word_1_97' title='bbox 1118 922 1166 960; x_wconf 89' lang='lat' dir='ltr'>et</span> <span class='ocrx_word' id='word_1_98' title='bbox 1202 913 1284 960; x_wconf 91' lang='lat' dir='ltr'>hic</span> <span class='ocrx_word' id='word_1_99' title='bbox 1318 931 1522 979; x_wconf 88' lang='lat' dir='ltr'>quoque</span> <span class='ocrx_word' id='word_1_100' title='bbox 1549 915 1813 964; x_wconf 89' lang='lat' dir='ltr'>Valerium</span> <span class='ocrx_word' id='word_1_101' title='bbox 1843 964 1846 967; x_wconf 85' lang='lat'>.</span> 
     </span>
     <span class='ocr_line' id='line_1_12' title="bbox 199 981 1811 1047; baseline 0.003 -19"><span class='ocrx_word' id='word_1_102' title='bbox 199 998 293 1044; x_wconf 88' lang='lat' dir='ltr'>pro</span> <span class='ocrx_word' id='word_1_103' title='bbox 332 999 423 1030; x_wconf 88' lang='lat' dir='ltr'>sua</span> <span class='ocrx_word' id='word_1_104' title='bbox 458 983 511 1029; x_wconf 90' lang='lat' dir='ltr'>in</span> <span class='ocrx_word' id='word_1_105' title='bbox 548 983 766 1030; x_wconf 88' lang='lat' dir='ltr'>transitu</span> <span class='ocrx_word' id='word_1_106' title='bbox 803 983 866 1030; x_wconf 86' lang='lat' dir='ltr'>ad</span> <span class='ocrx_word' id='word_1_107' title='bbox 915 981 1055 1030; x_wconf 85' lang='lat' dir='ltr'>aliud</span> <span class='ocrx_word' id='word_1_108' title='bbox 1102 984 1393 1047; x_wconf 82' lang='lat' dir='ltr'>exemplum</span> <span class='ocrx_word' id='word_1_109' title='bbox 1438 985 1811 1034; x_wconf 88' lang='lat' dir='ltr'>consuetudine</span> 
     </span>
     <span class='ocr_line' id='line_1_13' title="bbox 198 1053 1833 1117; baseline 0.004 -20"><span class='ocrx_word' id='word_1_110' title='bbox 198 1068 308 1097; x_wconf 84' lang='lat' dir='ltr'>nam</span> <span class='ocrx_word' id='word_1_111' title='bbox 355 1053 648 1116; x_wconf 83' lang='lat' dir='ltr'>scripsisse,</span> <span class='ocrx_word' id='word_1_112' title='bbox 710 1070 862 1117; x_wconf 86' lang='lat' dir='ltr'>quam</span> <span class='ocrx_word' id='word_1_113' title='bbox 907 1054 1320 1101; x_wconf 86' lang='lat' dir='ltr'>coniunctionem</span> <span class='ocrx_word' id='word_1_114' title='bbox 1362 1055 1416 1101; x_wconf 90' lang='lat' dir='ltr'>in</span> <span class='ocrx_word' id='word_1_115' title='bbox 1459 1055 1550 1102; x_wconf 91' lang='lat' dir='ltr'>tali</span> <span class='ocrx_word' id='word_1_116' title='bbox 1593 1056 1833 1103; x_wconf 88' lang='lat' dir='ltr'>transitu·</span> 
     </span>
     <span class='ocr_line' id='line_1_14' title="bbox 195 1123 1808 1189; baseline 0.002 -20"><span class='ocrx_word' id='word_1_117' title='bbox 195 1138 378 1170; x_wconf 86' lang='lat' dir='ltr'>manus</span> <span class='ocrx_word' id='word_1_118' title='bbox 413 1123 565 1170; x_wconf 88' lang='lat' dir='ltr'>tertia</span> <span class='ocrx_word' id='word_1_119' title='bbox 600 1140 852 1187; x_wconf 86' lang='lat' dir='ltr'>nusquam</span> <span class='ocrx_word' id='word_1_120' title='bbox 891 1124 999 1171; x_wconf 89' lang='lat' dir='ltr'>fere</span> <span class='ocrx_word' id='word_1_121' title='bbox 1045 1124 1290 1170; x_wconf 86' lang='lat' dir='ltr'>intactam</span> <span class='ocrx_word' id='word_1_122' title='bbox 1334 1125 1570 1189; x_wconf 79' lang='lat' dir='ltr'>reliquit3</span> <span class='ocrx_word' id='word_1_123' title='bbox 1625 1127 1670 1185; x_wconf 90' lang='lat'>6,</span> <span class='ocrx_word' id='word_1_124' title='bbox 1703 1128 1748 1185; x_wconf 93' lang='lat'>7,</span> <span class='ocrx_word' id='word_1_125' title='bbox 1781 1127 1808 1172; x_wconf 90' lang='lat'>1</span> 
     </span>
     <span class='ocr_line' id='line_1_15' title="bbox 198 1191 1812 1257; baseline 0.002 -19"><span class='ocrx_word' id='word_1_126' title='bbox 198 1192 241 1238; x_wconf 91' lang='grc' dir='ltr'>Β</span> <span class='ocrx_word' id='word_1_127' title='bbox 269 1209 374 1239; x_wconf 88' lang='lat' dir='ltr'>non</span> <span class='ocrx_word' id='word_1_128' title='bbox 402 1191 558 1240; x_wconf 90' lang='lat' dir='ltr'>habet</span> <span class='ocrx_word' id='word_1_129' title='bbox 594 1192 807 1257; x_wconf 85' lang='lat' dir='ltr'>(partim</span> <span class='ocrx_word' id='word_1_130' title='bbox 832 1194 886 1240; x_wconf 91' lang='lat' dir='ltr'>in</span> <span class='ocrx_word' id='word_1_131' title='bbox 914 1192 1086 1256; x_wconf 85' lang='lat' dir='ltr'>litura)</span> <span class='ocrx_word' id='word_1_132' title='bbox 1125 1207 1254 1240; x_wconf 86' lang='lat' dir='ltr'>mens</span> <span class='ocrx_word' id='word_1_133' title='bbox 1279 1198 1341 1251; x_wconf 85' lang='lat' dir='ltr'>ei,</span> <span class='ocrx_word' id='word_1_134' title='bbox 1384 1194 1478 1242; x_wconf 89' lang='lat' dir='ltr'>sed</span> <span class='ocrx_word' id='word_1_135' title='bbox 1515 1201 1655 1243; x_wconf 86' lang='lat' dir='ltr'>recte</span> <span class='ocrx_word' id='word_1_136' title='bbox 1681 1209 1812 1242; x_wconf 85' lang='lat' dir='ltr'>mens</span> 
     </span>
     <span class='ocr_line' id='line_1_16' title="bbox 167 1262 1809 1328; baseline 0.002 -17"><span class='ocrx_word' id='word_1_137' title='bbox 167 1300 178 1312; x_wconf 63' lang='grc'>,</span> <span class='ocrx_word' id='word_1_138' title='bbox 194 1265 261 1308; x_wconf 83' lang='lat' dir='ltr'>ei.-</span> <span class='ocrx_word' id='word_1_139' title='bbox 284 1300 296 1319; x_wconf 84' lang='lat'>,</span> <span class='ocrx_word' id='word_1_140' title='bbox 325 1263 357 1309; x_wconf 88' lang='lat' dir='ltr'>i.</span> <span class='ocrx_word' id='word_1_141' title='bbox 382 1279 425 1309; x_wconf 92' lang='lat' dir='ltr'>e.</span> <span class='ocrx_word' id='word_1_142' title='bbox 448 1267 572 1314; x_wconf 87' lang='lat' dir='ltr'>eius,·</span> <span class='ocrx_word' id='word_1_143' title='bbox 601 1265 645 1322; x_wconf 90' lang='lat'>6,</span> <span class='ocrx_word' id='word_1_144' title='bbox 671 1265 716 1322; x_wconf 83' lang='lat'>8,</span> <span class='ocrx_word' id='word_1_145' title='bbox 740 1264 772 1309; x_wconf 77' lang='lat'><strong>4</strong></span> <span class='ocrx_word' id='word_1_146' title='bbox 792 1264 1058 1328; x_wconf 85' lang='lat' dir='ltr'>Kempfius</span> <span class='ocrx_word' id='word_1_147' title='bbox 1080 1264 1133 1311; x_wconf 91' lang='lat' dir='ltr'>in</span> <span class='ocrx_word' id='word_1_148' title='bbox 1156 1262 1492 1312; x_wconf 82' lang='lat' dir='ltr'>adnotatione</span> <span class='ocrx_word' id='word_1_149' title='bbox 1513 1264 1608 1314; x_wconf 91' lang='lat' dir='ltr'>hoc</span> <span class='ocrx_word' id='word_1_150' title='bbox 1628 1264 1809 1314; x_wconf 89' lang='lat' dir='ltr'>habet:</span> 
     </span>
     <span class='ocr_line' id='line_1_17' title="bbox 198 1331 1811 1398; baseline 0.001 -18"><span class='ocrx_word' id='word_1_151' title='bbox 198 1332 422 1380; x_wconf 82' lang='lat' dir='ltr'>‘laminis</span> <span class='ocrx_word' id='word_1_152' title='bbox 445 1337 484 1379; x_wconf 90' lang='lat' dir='ltr'><em>A</em></span> <span class='ocrx_word' id='word_1_153' title='bbox 507 1331 561 1396; x_wconf 90' lang='lat' dir='ltr'>[i.</span> <span class='ocrx_word' id='word_1_154' title='bbox 587 1349 630 1381; x_wconf 91' lang='lat' dir='ltr'>e.</span> <span class='ocrx_word' id='word_1_155' title='bbox 652 1331 836 1398; x_wconf 86' lang='lat' dir='ltr'>Bern.],</span> <span class='ocrx_word' id='word_1_156' title='bbox 861 1350 951 1380; x_wconf 91' lang='lat' dir='ltr'>non</span> <span class='ocrx_word' id='word_1_157' title='bbox 970 1334 1128 1393; x_wconf 73' lang='lat' dir='ltr'>lamis,</span> <span class='ocrx_word' id='word_1_158' title='bbox 1160 1342 1208 1380; x_wconf 82' lang='lat' dir='ltr'>ut</span> <span class='ocrx_word' id='word_1_159' title='bbox 1232 1337 1335 1380; x_wconf 73' lang='lat' dir='ltr'>dia-2·</span> <span class='ocrx_word' id='word_1_160' title='bbox 1350 1337 1414 1380; x_wconf 83' lang='lat' dir='ltr'>ad</span> <span class='ocrx_word' id='word_1_161' title='bbox 1432 1335 1532 1392; x_wconf 92' lang='lat' dir='ltr'>III,</span> <span class='ocrx_word' id='word_1_162' title='bbox 1556 1339 1599 1393; x_wconf 87' lang='lat'>3,</span> <span class='ocrx_word' id='word_1_163' title='bbox 1623 1341 1716 1383; x_wconf 76' lang='lat' dir='ltr'>ext.</span> <span class='ocrx_word' id='word_1_164' title='bbox 1733 1339 1783 1382; x_wconf 80' lang='lat'>5²</span> <span class='ocrx_word' id='word_1_165' title='bbox 1799 1358 1811 1381; x_wconf 94' lang='lat'>.-</span> 
     </span>
     <span class='ocr_line' id='line_1_18' title="bbox 194 1403 1809 1469; baseline 0.002 -20"><span class='ocrx_word' id='word_1_166' title='bbox 194 1409 468 1468; x_wconf 86' lang='lat' dir='ltr'>utrumque</span> <span class='ocrx_word' id='word_1_167' title='bbox 498 1403 682 1450; x_wconf 88' lang='lat' dir='ltr'>falsum</span> <span class='ocrx_word' id='word_1_168' title='bbox 710 1411 810 1464; x_wconf 71' lang='lat' dir='ltr'>est,</span> <span class='ocrx_word' id='word_1_169' title='bbox 858 1421 976 1451; x_wconf 91' lang='lat' dir='ltr'>nam</span> <span class='ocrx_word' id='word_1_170' title='bbox 1013 1403 1177 1452; x_wconf 82' lang='lat' dir='ltr'>codex</span> <span class='ocrx_word' id='word_1_171' title='bbox 1212 1405 1294 1452; x_wconf 92' lang='lat' dir='ltr'>hic</span> <span class='ocrx_word' id='word_1_172' title='bbox 1322 1421 1528 1469; x_wconf 85' lang='lat' dir='ltr'>quoque</span> <span class='ocrx_word' id='word_1_173' title='bbox 1566 1404 1809 1453; x_wconf 89' lang='lat' dir='ltr'>distincte</span> 
     </span>
     <span class='ocr_line' id='line_1_19' title="bbox 195 1473 1806 1536; baseline 0.002 -17"><span class='ocrx_word' id='word_1_174' title='bbox 195 1476 424 1519; x_wconf 79' lang='lat' dir='ltr'>lamminis</span> <span class='ocrx_word' id='word_1_175' title='bbox 457 1473 638 1534; x_wconf 82' lang='lat' dir='ltr'>habet3</span> <span class='ocrx_word' id='word_1_176' title='bbox 686 1476 731 1533; x_wconf 91' lang='lat'>6,</span> <span class='ocrx_word' id='word_1_177' title='bbox 763 1476 808 1534; x_wconf 80' lang='lat'>8,</span> <span class='ocrx_word' id='word_1_178' title='bbox 839 1475 870 1520; x_wconf 77' lang='lat'>4</span> <span class='ocrx_word' id='word_1_179' title='bbox 908 1482 957 1521; x_wconf 83' lang='lat' dir='ltr'>tu</span> <span class='ocrx_word' id='word_1_180' title='bbox 987 1474 1206 1534; x_wconf 79' lang='lat' dir='ltr'>profecto</span> <span class='ocrx_word' id='word_1_181' title='bbox 1235 1481 1375 1521; x_wconf 85' lang='lat' dir='ltr'>tunc</span> <span class='ocrx_word' id='word_1_182' title='bbox 1401 1477 1504 1522; x_wconf 86' lang='lat' dir='ltr'>diue</span> <span class='ocrx_word' id='word_1_183' title='bbox 1529 1478 1636 1527; x_wconf 88' lang='lat' dir='ltr'>iuli;</span> <span class='ocrx_word' id='word_1_184' title='bbox 1683 1477 1728 1536; x_wconf 88' lang='lat'>6,</span> <span class='ocrx_word' id='word_1_185' title='bbox 1760 1477 1806 1535; x_wconf 83' lang='lat'>9,</span> 
     </span>
     <span class='ocr_line' id='line_1_20' title="bbox 195 1543 1809 1610; baseline 0.001 -20"><span class='ocrx_word' id='word_1_186' title='bbox 195 1544 320 1590; x_wconf 82' lang='lat' dir='ltr'><strong>E.·7</strong></span> <span class='ocrx_word' id='word_1_187' title='bbox 353 1551 479 1591; x_wconf 83' lang='lat' dir='ltr'>extr.</span> <span class='ocrx_word' id='word_1_188' title='bbox 506 1544 548 1591; x_wconf 90' lang='lat' dir='ltr'>B</span> <span class='ocrx_word' id='word_1_189' title='bbox 579 1560 809 1608; x_wconf 87' lang='lat' dir='ltr'>quoque,</span> <span class='ocrx_word' id='word_1_190' title='bbox 859 1551 914 1592; x_wconf 90' lang='lat' dir='ltr'>ut</span> <span class='ocrx_word' id='word_1_191' title='bbox 939 1543 1084 1604; x_wconf 70' lang='lat' dir='ltr'>EFF,</span> <span class='ocrx_word' id='word_1_192' title='bbox 1130 1545 1288 1592; x_wconf 90' lang='lat' dir='ltr'>habet</span> <span class='ocrx_word' id='word_1_193' title='bbox 1323 1549 1657 1604; x_wconf 74' lang='lat' dir='ltr'>amaritudine,</span> <span class='ocrx_word' id='word_1_194' title='bbox 1708 1562 1809 1610; x_wconf 87' lang='lat' dir='ltr'>qua</span> 
     </span>
     <span class='ocr_line' id='line_1_21' title="bbox 194 1612 1809 1679; baseline 0.001 -19"><span class='ocrx_word' id='word_1_195' title='bbox 194 1612 420 1661; x_wconf 89' lang='lat' dir='ltr'>lectione</span> <span class='ocrx_word' id='word_1_196' title='bbox 442 1616 802 1678; x_wconf 87' lang='lat' dir='ltr'>praetermissa</span> <span class='ocrx_word' id='word_1_197' title='bbox 822 1615 1086 1678; x_wconf 90' lang='lat' dir='ltr'>Kempfius</span> <span class='ocrx_word' id='word_1_198' title='bbox 1108 1616 1473 1679; x_wconf 86' lang='lat' dir='ltr'>interpolatam</span> <span class='ocrx_word' id='word_1_199' title='bbox 1496 1614 1809 1664; x_wconf 86' lang='lat' dir='ltr'>deteriorum</span> 
     </span>
     <span class='ocr_line' id='line_1_22' title="bbox 193 1685 1804 1749; baseline 0.001 -19"><span class='ocrx_word' id='word_1_200' title='bbox 193 1685 496 1748; x_wconf 87' lang='lat' dir='ltr'>scripturam</span> <span class='ocrx_word' id='word_1_201' title='bbox 526 1687 882 1732; x_wconf 78' lang='lat' dir='ltr'>amaritudinem</span> <span class='ocrx_word' id='word_1_202' title='bbox 909 1688 1135 1731; x_wconf 79' lang='lat' dir='ltr'>desiderio</span> <span class='ocrx_word' id='word_1_203' title='bbox 1159 1689 1234 1732; x_wconf 84' lang='lat' dir='ltr'>sui</span> <span class='ocrx_word' id='word_1_204' title='bbox 1248 1686 1522 1749; x_wconf 82' lang='lat' dir='ltr'>repetiuit3</span> <span class='ocrx_word' id='word_1_205' title='bbox 1554 1688 1598 1745; x_wconf 92' lang='lat'>7,</span> <span class='ocrx_word' id='word_1_206' title='bbox 1622 1686 1668 1746; x_wconf 79' lang='lat'>2,</span> <span class='ocrx_word' id='word_1_207' title='bbox 1690 1686 1753 1734; x_wconf 83' lang='lat' dir='ltr'>E.</span> <span class='ocrx_word' id='word_1_208' title='bbox 1779 1688 1804 1732; x_wconf 91' lang='lat'>1</span> 
     </span>
     <span class='ocr_line' id='line_1_23' title="bbox 190 1753 1807 1821; baseline 0.002 -21"><span class='ocrx_word' id='word_1_209' title='bbox 190 1769 278 1801; x_wconf 82' lang='lat' dir='ltr'>nos</span> <span class='ocrx_word' id='word_1_210' title='bbox 303 1762 451 1801; x_wconf 80' lang='lat' dir='ltr'>autem</span> <span class='ocrx_word' id='word_1_211' title='bbox 470 1758 748 1814; x_wconf 78' lang='lat' dir='ltr'>plerumque</span> <span class='ocrx_word' id='word_1_212' title='bbox 772 1758 824 1802; x_wconf 85' lang='lat' dir='ltr'>id</span> <span class='ocrx_word' id='word_1_213' title='bbox 846 1759 968 1802; x_wconf 86' lang='lat' dir='ltr'>uotis</span> <span class='ocrx_word' id='word_1_214' title='bbox 993 1763 1440 1816; x_wconf 77' lang='lat' dir='ltr'>expeteremus,</span> <span class='ocrx_word' id='word_1_215' title='bbox 1467 1762 1524 1803; x_wconf 91' lang='lat' dir='ltr'>ut</span> <span class='ocrx_word' id='word_1_216' title='bbox 1547 1753 1578 1804; x_wconf 94' lang='grc' dir='ltr'>Γ</span> <span class='ocrx_word' id='word_1_217' title='bbox 1602 1771 1807 1821; x_wconf 86' lang='lat' dir='ltr'>quoque</span> 
     </span>
     <span class='ocr_line' id='line_1_24' title="bbox 193 1823 1809 1890; baseline 0.001 -19"><span class='ocrx_word' id='word_1_218' title='bbox 193 1823 374 1883; x_wconf 88' lang='lat' dir='ltr'>habet,</span> <span class='ocrx_word' id='word_1_219' title='bbox 416 1841 550 1888; x_wconf 86' lang='lat' dir='ltr'>quae</span> <span class='ocrx_word' id='word_1_220' title='bbox 588 1826 781 1888; x_wconf 90' lang='lat' dir='ltr'>optima</span> <span class='ocrx_word' id='word_1_221' title='bbox 806 1826 959 1873; x_wconf 88' lang='lat' dir='ltr'>lectio</span> <span class='ocrx_word' id='word_1_222' title='bbox 987 1826 1073 1874; x_wconf 87' lang='lat' dir='ltr'>uel</span> <span class='ocrx_word' id='word_1_223' title='bbox 1101 1843 1165 1873; x_wconf 81' lang='lat' dir='ltr'>ex</span> <span class='ocrx_word' id='word_1_224' title='bbox 1191 1826 1482 1874; x_wconf 90' lang='lat' dir='ltr'>coniectura</span> <span class='ocrx_word' id='word_1_225' title='bbox 1507 1825 1809 1890; x_wconf 87' lang='lat' dir='ltr'>recipienda</span> 
     </span>
     <span class='ocr_line' id='line_1_25' title="bbox 194 1895 1807 1960; baseline 0.001 -19"><span class='ocrx_word' id='word_1_226' title='bbox 194 1902 329 1955; x_wconf 71' lang='lat' dir='ltr'>erat,</span> <span class='ocrx_word' id='word_1_227' title='bbox 380 1897 424 1953; x_wconf 90' lang='grc'>7,</span> <span class='ocrx_word' id='word_1_228' title='bbox 456 1897 501 1954; x_wconf 84' lang='lat'>2,</span> <span class='ocrx_word' id='word_1_229' title='bbox 541 1896 604 1942; x_wconf 84' lang='lat' dir='ltr'>E.</span> <span class='ocrx_word' id='word_1_230' title='bbox 636 1898 662 1942; x_wconf 87' lang='lat'>7</span> <span class='ocrx_word' id='word_1_231' title='bbox 698 1896 739 1942; x_wconf 89' lang='lat' dir='ltr'>B</span> <span class='ocrx_word' id='word_1_232' title='bbox 771 1912 977 1960; x_wconf 84' lang='lat' dir='ltr'>quoque</span> <span class='ocrx_word' id='word_1_233' title='bbox 1011 1895 1168 1943; x_wconf 89' lang='lat' dir='ltr'>habet</span> <span class='ocrx_word' id='word_1_234' title='bbox 1214 1898 1551 1943; x_wconf 77' lang='lat' dir='ltr'>atheniensium</span> <span class='ocrx_word' id='word_1_235' title='bbox 1582 1899 1807 1955; x_wconf 81' lang='lat' dir='ltr'>periclen,</span> 
     </span>
     <span class='ocr_line' id='line_1_26' title="bbox 193 1963 1806 2029; baseline 0.001 -19"><span class='ocrx_word' id='word_1_236' title='bbox 193 1981 302 2012; x_wconf 91' lang='lat' dir='ltr'>non</span> <span class='ocrx_word' id='word_1_237' title='bbox 321 1966 629 2011; x_wconf 77' lang='lat' dir='ltr'>atheniensem</span> <span class='ocrx_word' id='word_1_238' title='bbox 646 1981 713 2024; x_wconf 85' lang='lat' dir='ltr'>p.,</span> <span class='ocrx_word' id='word_1_239' title='bbox 734 1963 874 2012; x_wconf 89' lang='lat' dir='ltr'>unde</span> <span class='ocrx_word' id='word_1_240' title='bbox 897 1966 1006 2013; x_wconf 87' lang='lat' dir='ltr'>fere</span> <span class='ocrx_word' id='word_1_241' title='bbox 1027 1973 1172 2029; x_wconf 86' lang='lat' dir='ltr'>patet</span> <span class='ocrx_word' id='word_1_242' title='bbox 1192 1965 1327 2012; x_wconf 89' lang='lat' dir='ltr'>bene</span> <span class='ocrx_word' id='word_1_243' title='bbox 1350 1966 1403 2012; x_wconf 91' lang='lat' dir='ltr'>in</span> <span class='ocrx_word' id='word_1_244' title='bbox 1427 1963 1458 2013; x_wconf 94' lang='grc' dir='ltr'>Γ</span> <span class='ocrx_word' id='word_1_245' title='bbox 1479 1967 1806 2013; x_wconf 76' lang='lat' dir='ltr'>atheniensium</span> 
     </span>
     <span class='ocr_line' id='line_1_27' title="bbox 190 2034 1808 2100; baseline 0.001 -19"><span class='ocrx_word' id='word_1_246' title='bbox 190 2037 356 2081; x_wconf 79' lang='lat' dir='ltr'>ducem</span> <span class='ocrx_word' id='word_1_247' title='bbox 371 2051 421 2094; x_wconf 78' lang='lat' dir='ltr'>p.</span> <span class='ocrx_word' id='word_1_248' title='bbox 444 2035 553 2082; x_wconf 88' lang='lat' dir='ltr'>siue</span> <span class='ocrx_word' id='word_1_249' title='bbox 575 2041 854 2082; x_wconf 87' lang='lat' dir='ltr'>correctum</span> <span class='ocrx_word' id='word_1_250' title='bbox 875 2035 984 2082; x_wconf 90' lang='lat' dir='ltr'>siue</span> <span class='ocrx_word' id='word_1_251' title='bbox 1009 2051 1072 2083; x_wconf 84' lang='lat' dir='ltr'>ex</span> <span class='ocrx_word' id='word_1_252' title='bbox 1091 2035 1328 2098; x_wconf 87' lang='lat' dir='ltr'>pleniore</span> <span class='ocrx_word' id='word_1_253' title='bbox 1350 2034 1526 2083; x_wconf 83' lang='lat' dir='ltr'>codice</span> <span class='ocrx_word' id='word_1_254' title='bbox 1549 2036 1808 2100; x_wconf 88' lang='lat' dir='ltr'>proditum</span> 
     </span>
     <span class='ocr_line' id='line_1_28' title="bbox 192 2105 1808 2171; baseline 0.001 -19"><span class='ocrx_word' id='word_1_255' title='bbox 192 2120 334 2165; x_wconf 80' lang='lat' dir='ltr'>esse3</span> <span class='ocrx_word' id='word_1_256' title='bbox 385 2107 430 2164; x_wconf 85' lang='lat'>7,</span> <span class='ocrx_word' id='word_1_257' title='bbox 472 2107 523 2165; x_wconf 73' lang='lat'>32</span> <span class='ocrx_word' id='word_1_258' title='bbox 557 2106 586 2151; x_wconf 84' lang='lat'>5</span> <span class='ocrx_word' id='word_1_259' title='bbox 629 2105 672 2152; x_wconf 90' lang='lat' dir='ltr'><strong>B</strong></span> <span class='ocrx_word' id='word_1_260' title='bbox 710 2121 787 2168; x_wconf 90' lang='lat' dir='ltr'>pr.</span> <span class='ocrx_word' id='word_1_261' title='bbox 815 2121 879 2152; x_wconf 92' lang='lat' dir='ltr'>m.</span> <span class='ocrx_word' id='word_1_262' title='bbox 915 2105 1071 2153; x_wconf 91' lang='lat' dir='ltr'>habet</span> <span class='ocrx_word' id='word_1_263' title='bbox 1112 2106 1235 2165; x_wconf 84' lang='lat' dir='ltr'>facti</span> <span class='ocrx_word' id='word_1_264' title='bbox 1267 2109 1353 2151; x_wconf 73' lang='lat' dir='ltr'>uix</span> <span class='ocrx_word' id='word_1_265' title='bbox 1379 2107 1654 2165; x_wconf 77' lang='lat' dir='ltr'>pudenti,</span> <span class='ocrx_word' id='word_1_266' title='bbox 1705 2123 1808 2171; x_wconf 88' lang='lat' dir='ltr'>qua</span> 
     </span>
     <span class='ocr_line' id='line_1_29' title="bbox 191 2174 1806 2239; baseline 0.001 -17"><span class='ocrx_word' id='word_1_267' title='bbox 191 2176 448 2239; x_wconf 85' lang='lat' dir='ltr'>scriptura</span> <span class='ocrx_word' id='word_1_268' title='bbox 475 2181 610 2223; x_wconf 91' lang='lat' dir='ltr'>certo</span> <span class='ocrx_word' id='word_1_269' title='bbox 641 2176 961 2223; x_wconf 87' lang='lat' dir='ltr'>confirmatur</span> <span class='ocrx_word' id='word_1_270' title='bbox 990 2174 1281 2222; x_wconf 87' lang='lat' dir='ltr'>emendatio</span> <span class='ocrx_word' id='word_1_271' title='bbox 1320 2191 1351 2222; x_wconf 92' lang='lat' dir='ltr'>a</span> <span class='ocrx_word' id='word_1_272' title='bbox 1375 2191 1456 2222; x_wconf 89' lang='lat' dir='ltr'>me</span> <span class='ocrx_word' id='word_1_273' title='bbox 1482 2176 1536 2222; x_wconf 90' lang='lat' dir='ltr'>in</span> <span class='ocrx_word' id='word_1_274' title='bbox 1565 2191 1661 2223; x_wconf 88' lang='lat' dir='ltr'>em.</span> <span class='ocrx_word' id='word_1_275' title='bbox 1689 2177 1806 2225; x_wconf 90' lang='lat' dir='ltr'>Val.</span> 
     </span>
     <span class='ocr_line' id='line_1_30' title="bbox 193 2245 1806 2309; baseline 0.001 -16"><span class='ocrx_word' id='word_1_276' title='bbox 193 2245 458 2309; x_wconf 85' lang='lat' dir='ltr'>proposita</span> <span class='ocrx_word' id='word_1_277' title='bbox 481 2247 599 2305; x_wconf 85' lang='lat' dir='ltr'>faeti</span> <span class='ocrx_word' id='word_1_278' title='bbox 622 2249 706 2291; x_wconf 77' lang='lat' dir='ltr'>uix</span> <span class='ocrx_word' id='word_1_279' title='bbox 726 2248 957 2305; x_wconf 79' lang='lat' dir='ltr'>pudendi;</span> <span class='ocrx_word' id='word_1_280' title='bbox 1002 2247 1055 2293; x_wconf 90' lang='lat' dir='ltr'>in</span> <span class='ocrx_word' id='word_1_281' title='bbox 1093 2246 1205 2292; x_wconf 92' lang='lat' dir='ltr'>loco</span> <span class='ocrx_word' id='word_1_282' title='bbox 1246 2252 1484 2309; x_wconf 90' lang='lat' dir='ltr'>corrupto</span> <span class='ocrx_word' id='word_1_283' title='bbox 1525 2247 1569 2306; x_wconf 92' lang='lat'>7,</span> <span class='ocrx_word' id='word_1_284' title='bbox 1608 2248 1654 2306; x_wconf 89' lang='lat'>3,</span> <span class='ocrx_word' id='word_1_285' title='bbox 1696 2248 1726 2294; x_wconf 80' lang='lat'>8</span> <span class='ocrx_word' id='word_1_286' title='bbox 1762 2247 1806 2294; x_wconf 92' lang='lat' dir='ltr'>B</span> 
     </span>
     <span class='ocr_line' id='line_1_31' title="bbox 192 2314 1806 2380; baseline 0.001 -18"><span class='ocrx_word' id='word_1_287' title='bbox 192 2329 269 2380; x_wconf 89' lang='lat' dir='ltr'>pr.</span> <span class='ocrx_word' id='word_1_288' title='bbox 299 2333 362 2362; x_wconf 91' lang='lat' dir='ltr'>m.</span> <span class='ocrx_word' id='word_1_289' title='bbox 394 2315 551 2363; x_wconf 90' lang='lat' dir='ltr'>habet</span> <span class='ocrx_word' id='word_1_290' title='bbox 576 2319 743 2370; x_wconf 81' lang='lat' dir='ltr'>omnis,</span> <span class='ocrx_word' id='word_1_291' title='bbox 789 2323 844 2362; x_wconf 90' lang='lat' dir='ltr'>ut</span> <span class='ocrx_word' id='word_1_292' title='bbox 873 2323 950 2363; x_wconf 90' lang='lat' dir='ltr'>est</span> <span class='ocrx_word' id='word_1_293' title='bbox 974 2317 1027 2362; x_wconf 91' lang='lat' dir='ltr'>in</span> <span class='ocrx_word' id='word_1_294' title='bbox 1058 2315 1120 2368; x_wconf 82' lang='lat' dir='ltr'>G,</span> <span class='ocrx_word' id='word_1_295' title='bbox 1162 2314 1301 2362; x_wconf 89' lang='lat' dir='ltr'>unde</span> <span class='ocrx_word' id='word_1_296' title='bbox 1335 2316 1495 2364; x_wconf 90' lang='lat' dir='ltr'>maior</span> <span class='ocrx_word' id='word_1_297' title='bbox 1529 2317 1806 2364; x_wconf 85' lang='lat' dir='ltr'>auctoritas</span> 
     </span>
     <span class='ocr_line' id='line_1_32' title="bbox 190 2385 1803 2450; baseline 0.001 -18"><span class='ocrx_word' id='word_1_298' title='bbox 190 2385 394 2433; x_wconf 87' lang='lat' dir='ltr'>accedit</span> <span class='ocrx_word' id='word_1_299' title='bbox 420 2386 692 2433; x_wconf 87' lang='lat' dir='ltr'>facillimae</span> <span class='ocrx_word' id='word_1_300' title='bbox 722 2385 1072 2434; x_wconf 84' lang='lat' dir='ltr'>emendationi</span> <span class='ocrx_word' id='word_1_301' title='bbox 1099 2401 1124 2432; x_wconf 89' lang='lat'><em>0</em></span> <span class='ocrx_word' id='word_1_302' title='bbox 1151 2389 1302 2442; x_wconf 86' lang='lat' dir='ltr'>nimis,</span> <span class='ocrx_word' id='word_1_303' title='bbox 1333 2401 1483 2450; x_wconf 87' lang='lat' dir='ltr'>quam</span> <span class='ocrx_word' id='word_1_304' title='bbox 1510 2402 1539 2432; x_wconf 92' lang='lat' dir='ltr'>a</span> <span class='ocrx_word' id='word_1_305' title='bbox 1564 2387 1803 2450; x_wconf 88' lang='lat' dir='ltr'>Kempfio</span> 
     </span>
     <span class='ocr_line' id='line_1_33' title="bbox 193 2449 1804 2520; baseline -0.001 -16"><span class='ocrx_word' id='word_1_306' title='bbox 193 2473 301 2504; x_wconf 91' lang='lat' dir='ltr'>non</span> <span class='ocrx_word' id='word_1_307' title='bbox 330 2472 443 2504; x_wconf 86' lang='lat' dir='ltr'>esse</span> <span class='ocrx_word' id='word_1_308' title='bbox 481 2463 741 2520; x_wconf 88' lang='lat' dir='ltr'>receptam</span> <span class='ocrx_word' id='word_1_309' title='bbox 776 2456 885 2504; x_wconf 85' lang='lat' dir='ltr'>fere</span> <span class='ocrx_word' id='word_1_310' title='bbox 922 2455 1226 2504; x_wconf 87' lang='lat' dir='ltr'>incredibile</span> <span class='ocrx_word' id='word_1_311' title='bbox 1262 2449 1490 2516; x_wconf 81' lang='lat' dir='ltr'>uidetur3</span> <span class='ocrx_word' id='word_1_312' title='bbox 1538 2458 1583 2515; x_wconf 95' lang='lat'>7,</span> <span class='ocrx_word' id='word_1_313' title='bbox 1615 2457 1661 2515; x_wconf 88' lang='grc'>5,</span> <span class='ocrx_word' id='word_1_314' title='bbox 1695 2459 1720 2502; x_wconf 97' lang='grc'>1</span> <span class='ocrx_word' id='word_1_315' title='bbox 1761 2456 1804 2503; x_wconf 89' lang='grc' dir='ltr'>Β</span> 
     </span>
     <span class='ocr_line' id='line_1_34' title="bbox 194 2524 1806 2590; baseline 0.001 -17"><span class='ocrx_word' id='word_1_316' title='bbox 194 2543 271 2590; x_wconf 90' lang='lat' dir='ltr'>pr.</span> <span class='ocrx_word' id='word_1_317' title='bbox 298 2543 363 2574; x_wconf 87' lang='lat' dir='ltr'>m.</span> <span class='ocrx_word' id='word_1_318' title='bbox 392 2528 520 2573; x_wconf 84' lang='lat' dir='ltr'>cu&#39;ius</span> <span class='ocrx_word' id='word_1_319' title='bbox 545 2530 617 2573; x_wconf 83' lang='lat' dir='ltr'>rei</span> <span class='ocrx_word' id='word_1_320' title='bbox 640 2528 919 2587; x_wconf 83' lang='lat' dir='ltr'>deformitas</span> <span class='ocrx_word' id='word_1_321' title='bbox 943 2531 1010 2573; x_wconf 84' lang='lat' dir='ltr'>sie</span> <span class='ocrx_word' id='word_1_322' title='bbox 1034 2529 1289 2573; x_wconf 84' lang='lat' dir='ltr'>homines</span> <span class='ocrx_word' id='word_1_323' title='bbox 1315 2528 1506 2586; x_wconf 78' lang='lat' dir='ltr'>offendit</span> <span class='ocrx_word' id='word_1_324' title='bbox 1531 2524 1668 2587; x_wconf 90' lang='lat' dir='ltr'>(cum</span> <span class='ocrx_word' id='word_1_325' title='bbox 1696 2527 1806 2574; x_wconf 88' lang='lat' dir='ltr'>eius</span> 
     </span>
     <span class='ocr_line' id='line_1_35' title="bbox 191 2595 1807 2660; baseline 0 -17"><span class='ocrx_word' id='word_1_326' title='bbox 191 2597 304 2644; x_wconf 90' lang='grc'>1000</span> <span class='ocrx_word' id='word_1_327' title='bbox 337 2596 474 2660; x_wconf 86' lang='lat' dir='ltr'>quod</span> <span class='ocrx_word' id='word_1_328' title='bbox 504 2604 580 2644; x_wconf 89' lang='lat' dir='ltr'>est</span> <span class='ocrx_word' id='word_1_329' title='bbox 605 2611 760 2644; x_wconf 83' lang='lat' dir='ltr'>omnes</span> <span class='ocrx_word' id='word_1_330' title='bbox 788 2604 838 2645; x_wconf 94' lang='lat' dir='ltr'>et</span> <span class='ocrx_word' id='word_1_331' title='bbox 864 2601 1007 2644; x_wconf 84' lang='lat' dir='ltr'>omnis</span> <span class='ocrx_word' id='word_1_332' title='bbox 1032 2598 1087 2644; x_wconf 91' lang='lat' dir='ltr'>in</span> <span class='ocrx_word' id='word_1_333' title='bbox 1115 2595 1227 2644; x_wconf 89' lang='lat' dir='ltr'>cod.</span> <span class='ocrx_word' id='word_1_334' title='bbox 1244 2602 1542 2644; x_wconf 85' lang='lat' dir='ltr'>constanter</span> <span class='ocrx_word' id='word_1_335' title='bbox 1560 2596 1807 2659; x_wconf 86' lang='lat' dir='ltr'>scriptum</span> 
     </span>
     <span class='ocr_line' id='line_1_36' title="bbox 189 2666 1806 2733; baseline 0 -20"><span class='ocrx_word' id='word_1_336' title='bbox 189 2668 261 2713; x_wconf 88' lang='lat' dir='ltr'>sit</span> <span class='ocrx_word' id='word_1_337' title='bbox 281 2667 390 2725; x_wconf 87' lang='lat' dir='ltr'>oms,</span> <span class='ocrx_word' id='word_1_338' title='bbox 413 2684 471 2714; x_wconf 92' lang='lat' dir='ltr'>eo</span> <span class='ocrx_word' id='word_1_339' title='bbox 485 2668 647 2730; x_wconf 83' lang='lat' dir='ltr'>magis</span> <span class='ocrx_word' id='word_1_340' title='bbox 669 2668 852 2715; x_wconf 88' lang='lat' dir='ltr'>mirere</span> <span class='ocrx_word' id='word_1_341' title='bbox 874 2667 1010 2733; x_wconf 89' lang='lat' dir='ltr'>quod</span> <span class='ocrx_word' id='word_1_342' title='bbox 1034 2668 1225 2731; x_wconf 90' lang='lat' dir='ltr'>optima</span> <span class='ocrx_word' id='word_1_343' title='bbox 1243 2666 1688 2729; x_wconf 88' lang='lat' dir='ltr'>lectioaKempfio</span> <span class='ocrx_word' id='word_1_344' title='bbox 1712 2681 1806 2713; x_wconf 90' lang='lat' dir='ltr'>ne-</span> 
     </span>
     <span class='ocr_line' id='line_1_37' title="bbox 191 2734 1804 2802; baseline -0.001 -19"><span class='ocrx_word' id='word_1_345' title='bbox 191 2736 363 2798; x_wconf 87' lang='lat' dir='ltr'>glecta</span> <span class='ocrx_word' id='word_1_346' title='bbox 391 2734 506 2798; x_wconf 90' lang='lat' dir='ltr'>est).</span> <span class='ocrx_word' id='word_1_347' title='bbox 587 2739 631 2796; x_wconf 90' lang='lat'>7,</span> <span class='ocrx_word' id='word_1_348' title='bbox 663 2740 708 2791; x_wconf 94' lang='lat'>6,</span> <span class='ocrx_word' id='word_1_349' title='bbox 741 2740 766 2783; x_wconf 86' lang='lat'>1</span> <span class='ocrx_word' id='word_1_350' title='bbox 806 2739 847 2785; x_wconf 94' lang='grc' dir='ltr'>Β</span> <span class='ocrx_word' id='word_1_351' title='bbox 884 2755 958 2802; x_wconf 91' lang='lat' dir='ltr'>pr.</span> <span class='ocrx_word' id='word_1_352' title='bbox 986 2755 1050 2785; x_wconf 91' lang='lat' dir='ltr'>m.</span> <span class='ocrx_word' id='word_1_353' title='bbox 1094 2736 1334 2784; x_wconf 89' lang='lat' dir='ltr'>distincte</span> <span class='ocrx_word' id='word_1_354' title='bbox 1359 2735 1517 2785; x_wconf 78' lang='lat' dir='ltr'>habet</span> <span class='ocrx_word' id='word_1_355' title='bbox 1554 2738 1804 2782; x_wconf 85' lang='lat' dir='ltr'>adusum</span> 
     </span>
     <span class='ocr_line' id='line_1_38' title="bbox 150 2802 1803 2867; baseline 0 -14"><span class='ocrx_word' id='word_1_356' title='bbox 150 2802 154 2805; x_wconf 69' lang='grc'><strong>’</strong></span> <span class='ocrx_word' id='word_1_357' title='bbox 183 2809 614 2867; x_wconf 77' lang='lat' dir='ltr'>propulsandorum</span> <span class='ocrx_word' id='word_1_358' title='bbox 634 2809 842 2865; x_wconf 79' lang='lat' dir='ltr'>hostium,</span> <span class='ocrx_word' id='word_1_359' title='bbox 874 2815 923 2855; x_wconf 91' lang='lat' dir='ltr'>et</span> <span class='ocrx_word' id='word_1_360' title='bbox 943 2808 1143 2856; x_wconf 90' lang='lat' dir='ltr'>demum</span> <span class='ocrx_word' id='word_1_361' title='bbox 1165 2822 1194 2853; x_wconf 87' lang='lat' dir='ltr'>a</span> <span class='ocrx_word' id='word_1_362' title='bbox 1213 2805 1440 2855; x_wconf 90' lang='lat' dir='ltr'>secunda</span> <span class='ocrx_word' id='word_1_363' title='bbox 1460 2808 1672 2862; x_wconf 55' lang='lat' dir='ltr'>adesum,</span> <span class='ocrx_word' id='word_1_364' title='bbox 1699 2805 1732 2852; x_wconf 92' lang='lat' dir='ltr'>i.</span> <span class='ocrx_word' id='word_1_365' title='bbox 1758 2821 1803 2853; x_wconf 83' lang='lat' dir='ltr'>e.</span> 
     </span>
     <span class='ocr_line' id='line_1_39' title="bbox 188 2876 1804 2941; baseline 0.001 -19"><span class='ocrx_word' id='word_1_366' title='bbox 188 2879 459 2933; x_wconf 63' lang='lat' dir='ltr'>(alimmum,</span> <span class='ocrx_word' id='word_1_367' title='bbox 489 2883 768 2925; x_wconf 86' lang='lat' dir='ltr'>atramento</span> <span class='ocrx_word' id='word_1_368' title='bbox 796 2878 866 2925; x_wconf 89' lang='lat' dir='ltr'>ita</span> <span class='ocrx_word' id='word_1_369' title='bbox 895 2878 1112 2937; x_wconf 84' lang='lat' dir='ltr'>diuerso,</span> <span class='ocrx_word' id='word_1_370' title='bbox 1150 2883 1204 2924; x_wconf 92' lang='lat' dir='ltr'>ut</span> <span class='ocrx_word' id='word_1_371' title='bbox 1230 2876 1370 2924; x_wconf 89' lang='lat' dir='ltr'>linea</span> <span class='ocrx_word' id='word_1_372' title='bbox 1396 2876 1558 2941; x_wconf 89' lang='lat' dir='ltr'>primo</span> <span class='ocrx_word' id='word_1_373' title='bbox 1587 2882 1804 2940; x_wconf 87' lang='lat' dir='ltr'>aspectu</span> 
     </span>
    </p>
   </div>
  </div>
 </body>
</html>
