1924 3152
199 125 298 178 122
816 138 819 142 “
902 129 1001 174 LIB.
1040 128 1107 173 111.

197 239 437 291 siderum
473 235 679 288 clarum
714 234 907 301 decuS,
955 235 1143 287 diuum
1170 233 1395 301 Iulium,
1437 235 1805 288 certissimam

194 326 355 361 uerae
396 306 616 358 uirtutis
654 304 895 375 effigiem
907 345 921 371 ,
957 313 1457 375 repraesentemUS‚
1491 323 1614 357 cum
1649 305 1804 358 innu-

194 375 444 431 merabili
479 374 829 428 multitudine
855 384 908 427 et
932 374 1103 428 feroci
1140 375 1215 426 im
1257 383 1348 428 etu
1373 374 1702 429 Neruiorum
1726 376 1803 427 in-

195 447 388 500 clinari
413 446 587 498 aciem
613 464 767 497 suam
791 445 1031 513 uideret,
1070 447 1190 498 timi
1235 446 1316 497 ‘us
1344 446 1610 516 pugnanti
1643 444 1807 498 militi

151 535 171 567 5
194 525 405 571 scutum
432 516 672 569 detraxit
707 534 879 587 eoque
906 524 1081 569 tectus
1119 517 1380 569 acerrime
1405 516 1662 586 proeliari
1686 533 1804 570 coe-

231 590 289 641 it.
356 606 460 658 quo
510 587 658 640 facto
708 586 1087 640 fortitudinem
1131 606 1228 657 per
1276 594 1452 639 totum
1502 586 1802 639 exercitum

193 609 445 725 Effudit,
497 657 878 727 labentemque
922 656 1051 710 belli
1086 657 1364 710 fortunam
1401 657 1586 709 diuino
1632 657 1801 709 animi

193 729 385 782 ardore
419 728 675 780 restituit.
737 727 883 779 idem
918 726 1024 780 alio
1060 726 1268 798 proelio
1306 726 1534 796 legionis
1570 725 1802 779 Martiae

193 798 540 870 aquiliferum
582 797 851 850 ineundae
898 797 1060 867 fugae
1107 798 1285 866 gratia
1328 797 1437 848 iam
1482 814 1804 849 conuersum

64 912 67 917 .
132 887 173 919 10
195 869 447 922 faucibus
485 867 916 939 conprehensum
951 868 1008 919 in
1049 867 1377 920 contrariam
1403 873 1614 937 partem
1637 874 1803 919 retor-

192 941 263 992 sit
306 940 693 1008 dexteramque
738 937 810 990 ad
854 938 1063 989 hostem
1106 937 1334 989 tendens
1382 941 1669 1007 equorsum
1711 943 1800 988 tu’

189 1010 365 1081 inquit
410 1009 599 1062 ‘abis‘P
647 1008 758 1060 illic
784 1015 911 1060 sunt
936 1027 1058 1059 cum
1095 1008 1291 1078 quibus
1330 1007 1700 1060 dimicamus’.
1750 1015 1803 1059 et

189 1079 444 1132 manibus
490 1078 710 1149 quidem
751 1097 917 1130 unum
953 1078 1207 1144 militem,
1253 1077 1630 1131 adhortatione
1674 1094 1802 1129 uero

190 1159 303 1203 tam
336 1151 450 1202 acri
494 1149 736 1200 omnium
779 1148 1055 1218 legionum
1098 1147 1519 1219 trepidationem
1564 1147 1802 1200 correxit

127 1236 169 1271 15
191 1221 447 1291 uincique
473 1228 696 1290 paratas
724 1220 944 1271 uincere
972 1219 1173 1272 docuit.

295 1291 381 1342 20.
445 1290 700 1342 Ceterum
745 1297 806 1340 ut
847 1288 1117 1340 humanae
1154 1288 1372 1341 uirtutis
1420 1294 1603 1340 actum
1648 1305 1800 1338 exse-

190 1379 440 1432 quamur,
487 1379 611 1412 cum
646 1359 926 1411 Hannibal
964 1358 1234 1428 Capuam,
1285 1359 1341 1409 in
1377 1376 1484 1428 qua
1521 1357 1799 1410 Romanus

126 1483 131 1486 ,
189 1431 461 1484 exercitus
490 1437 635 1495 erat,
666 1428 967 1494 obsideret,
996 1429 1195 1482 Vibius
1224 1429 1439 1481 Accaus
1455 1467 1469 1494 ,
1507 1426 1800 1496 Paelignae

189 1501 424 1554 cohortis
461 1499 796 1570 praefectus,
834 1498 1099 1552 uexillum
1124 1507 1276 1552 trans
1303 1499 1570 1550 Punicum
1594 1497 1801 1550 uallum

126 1570 448 1641 2oproiecit‚
502 1588 558 1622 se
592 1570 772 1640 ipsum
811 1589 1042 1640 suosque
1080 1567 1506 1634 commilitoneS‚
1559 1568 1607 1620 si
1642 1568 1799 1636 signo

189 1642 373 1695 hostes
410 1641 570 1710 potiti
607 1648 814 1707 essent,
852 1648 1168 1706 execratus7
1219 1646 1272 1692 et
1307 1640 1376 1691 ad
1414 1637 1472 1690 id
1507 1636 1802 1708 petendum

74 1749 165 1784 Par.
191 1748 259 1790 19.
286 1745 331 1790 C.
347 1744 529 1790 Caesar
554 1759 657 1790 cum
683 1744 973 1790 multitudine
991 1744 1264 1790 Neruiorum
1290 1743 1496 1789 inclinari
1517 1742 1657 1788 aciem
1676 1755 1802 1787 suam

189 1815 388 1866 uideret,
434 1815 568 1860 militi
609 1815 807 1861 timidius
843 1816 1065 1875 pugnanti
1101 1821 1281 1862 scutum
1316 1813 1492 1874 rapuit,
1538 1818 1585 1858 et
1615 1811 1801 1864 fortiter

187 1885 441 1946 proeliatus
477 1886 619 1932 aciem
646 1885 866 1932 restituit.
927 1885 1044 1930 idem
1080 1884 1167 1932 alio
1195 1883 1370 1945 proelio
1397 1882 1592 1942 legionis
1618 1881 1802 1927 Martiae

126 1964 168 1996 25
191 1954 502 2016 aquiliferum,
548 1956 769 2001 ineundae
805 1956 940 2013 fugae
965 1956 1112 2014 gratia
1148 1955 1235 2000 iam
1261 1966 1558 2003 conuersum,
1596 1951 1800 1997 saucibus

189 2026 567 2086 comprehensum
605 2028 648 2070 in
675 2025 947 2071 contrariam
973 2031 1148 2084 partem
1176 2025 1381 2069 retorsit.
1441 2024 1512 2066 20.
1548 2022 1658 2066 Cum
1684 2021 1801 2066 Han-

187 2094 309 2141 nibal
336 2096 553 2155 Capuam,
582 2109 714 2155 quam
740 2095 967 2141 Romanus
996 2095 1220 2140 exercitus
1247 2092 1284 2150 †
1311 2092 1563 2142 obsederat,
1590 2091 1802 2137 dese-nde·

187 2171 281 2216 ret,
327 2165 482 2211 Vibius
516 2166 715 2216 AccauS,
753 2161 991 2224 Paelignae
1028 2164 1230 2210 cohortis
1269 2163 1549 2224 praefectus,
1586 2161 1800 2208 uexillum

190 2241 316 2297 trans
343 2235 559 2280 Punicum
586 2233 757 2280 uallum
784 2236 999 2295 proiecit,
1028 2248 1077 2280 se
1102 2234 1251 2294 ipsum
1277 2232 1724 2292 commilitonesque,
1763 2233 1799 2276 si

128 2314 171 2348 30
192 2306 329 2366 potiti
357 2312 511 2351 essent
536 2306 691 2351 hostes
720 2307 868 2364 signo,
897 2311 1171 2350 exsecratus.
1223 2303 1346 2364 quod
1371 2309 1422 2349 ut
1447 2302 1649 2348 Valerius
1675 2299 1800 2347 Flac·

300 2417 325 2454 2
347 2418 762 2468 repraesentemus.
795 2413 908 2454 Cum
930 2415 1026 2454 edd.
1038 2430 1054 2460 ;
1075 2418 1191 2454 reete
1213 2413 1344 2453 uerba
1365 2412 1562 2453 distinxit
1590 2410 1753 2451 Vahlen
1777 2407 1798 2462 ΙΙ

186 2471 524 2512 innumerabile
547 2469 606 2510 B¹
667 2473 692 2512 8
722 2469 830 2511 ordo
862 2471 1070 2511 restituit
1094 2464 1150 2510 B'
1178 2467 1197 2523 Η
1226 2469 1363 2510 marti
1383 2460 1438 2508 B'
1497 2469 1523 2508 9
1545 2467 1638 2508 iam
1659 2479 1735 2508 om.
1759 2465 1803 2511 B,

189 2528 242 2568 10
270 2527 457 2568 retorsit
485 2528 547 2567 P:
579 2526 782 2568 detraxit
803 2526 857 2574 B,
888 2527 1085 2567 retraxit
1114 2527 1254 2566 Per-iz.
1326 2526 1378 2565 17
1406 2525 1455 2564 in
1486 2536 1579 2576 qua
1599 2545 1653 2551 ——-
1675 2518 1795 2575 erat]

188 2597 433 2637 quamquam
462 2585 584 2624 lectio
615 2583 666 2624 ob
694 2585 951 2635 scripturam
971 2585 1013 2623 in
1034 2584 1075 2622 P
1101 2585 1267 2623 incerta
1293 2583 1481 2627 uidetur,
1507 2580 1636 2631 foede
1664 2583 1801 2618 lamen

194 2641 410 2680 Valerium
438 2652 611 2681 errasse
640 2645 826 2692 apparet
855 2653 912 2679 ea:
942 2640 1037 2679 Δία.
1070 2642 1126 2679 25
1136 2670 1146 2686 ,
1180 2640 1235 2678 14
1312 2639 1364 2678 18
1394 2648 1559 2676 aceens
1587 2635 1655 2681 B‚·
1685 2639 1731 2673 at
1758 2647 1798 2674 u.

197 2695 434 2738 Wez‘ssenb.
456 2698 516 2736 acl
534 2697 631 2736 Liu.
655 2700 725 2742 25,
751 2698 819 2743 14,
844 2699 870 2736 5
891 2692 910 2749 Η
931 2696 1147 2748 pelignae
1170 2695 1212 2734 B
1274 2696 1325 2734 19
1346 2692 1522 2733 uallum
1542 2691 1594 2731 b:
1623 2689 1799 2730 bellum

186 2750 275 2791 BP
328 2753 382 2791 20
404 2764 554 2803 suosq.
579 2752 864 2793 comilitones
881 2752 924 2791 B
943 2754 987 2792 in
1008 2754 1136 2792 litura
1154 2747 1175 2805 ll
1195 2751 1235 2791 si
1255 2750 1388 2802 signo
1409 2748 1453 2788 B
1474 2750 1516 2787 z‘n
1532 2747 1594 2787 lic.
1619 2745 1699 2798 (ex
1714 2742 1799 2797 P).-

187 2807 229 2848 si
251 2819 301 2848 se
322 2808 427 2849 dect.

201 2883 209 2887 ·
300 2865 354 2904 22
385 2861 560 2903 Caesar
590 2877 666 2904 om.
697 2865 739 2903 V
765 2862 783 2916 ΙΙ
812 2861 1104 2918 Neruiorum]
1138 2874 1374 2904 seruorum
1401 2860 1445 2900 V
1499 2861 1553 2900 27
1582 2861 1699 2899 immo
1722 2855 1803 2898 de-

188 2917 432 2971 fendebat,
467 2918 698 2960 obsideret
757 2921 810 2960 29
832 2917 1027 2975 uallum]
1055 2918 1224 2960 bellum
1253 2918 1294 2957 V
