1878 3100
36 95 38 98 ⁴
28 0 73 60 {a

770 146 1098 220 PRAEFArlo.
1717 171 1753 214 v

134 315 407 374 familiam,
467 329 598 379 quae
650 329 902 377 nusquam
951 313 1060 361 fere
1109 312 1209 360 nisi
1260 312 1580 376 paucissimis
1628 312 1752 360 locis

135 387 378 435 meliores
417 385 667 433 lectiones
706 400 855 448 quam
891 384 1174 432 Bernensis
1202 382 1382 443 habet,
1423 399 1526 430 non
1567 399 1630 431 ex
1657 383 1753 430 hoc

134 457 344 506 fluxisse
381 470 653 519 apparere.
743 453 897 507 Alter
938 453 1131 502 deinde
1167 455 1384 518 scriptor
1421 452 1488 501 ad
1527 453 1755 501 codicem

136 525 523 577 emendandum
548 524 751 572 Paridis
781 525 1056 588 epitomam
1083 524 1333 584 adhibuit,
1375 541 1438 572 ex
1464 525 1606 573 cuius
1635 522 1753 573 scri-

133 606 285 663 ptura
334 596 516 644 multos
563 596 703 643 locos
747 596 933 659 partim
969 595 1023 642 in
1060 602 1305 644 contextu
1349 594 1622 643 uerborum
1665 596 1753 642 im-

132 668 398 736 mutauit,x
425 667 612 731 partim
656 666 905 714 lectiones
952 665 1182 714 diuersas
1227 665 1292 714 ad
1338 666 1621 730 marginem
1665 666 1754 714 acl-

134 739 365 803 scripsit,
396 736 581 802 quibus
608 737 718 784 fere
746 754 949 802 semper
975 737 1151 802 aliqua
1177 743 1315 796 nota,
1358 744 1447 784 aut
1472 737 1515 782 I.
1545 739 1617 793 P.,
1646 737 1679 784 i.
1710 753 1752 785 8.

132 811 286 858 Iulius
311 810 466 865 Paris,
496 815 583 855 aut
608 809 695 864 br„
722 808 755 855 i.
785 824 828 856 e.
858 810 1113 864 breuiator,
1146 814 1235 855 aut
1260 813 1321 864 u„
1350 807 1382 854 i.
1414 824 1458 855 e.
1486 814 1636 863 uetus,
1665 807 1753 856 ad-

133 881 271 928 iecta
300 875 403 941 est,
451 878 516 925 cs.
543 878 756 943 Kempf.
794 895 846 941 p.
879 880 961 926 79.
1036 878 1183 926 Idem
1221 878 1439 942 scriptor
1477 894 1541 925 ex
1564 877 1753 925 Paride

135 957 291 1015 caput
318 965 526 1014 quoque
558 948 622 996 de
640 949 1074 1012 praenominibus,
1099 947 1252 1014 quod,
1278 965 1391 997 cum
1409 949 1602 997 Valerii
1625 947 1755 996 liber

137 1020 367 1069 decimus
394 1018 757 1078 intercidisset,
788 1021 963 1067 nescio
986 1037 1084 1084 quo
1106 1027 1258 1083 pacto
1281 1018 1347 1067 ad
1368 1036 1554 1067 nouem
1575 1035 1754 1083 super·

136 1091 283 1140 stites
319 1090 578 1148 adhaesit,
625 1090 812 1153 partim
847 1091 901 1137 in
940 1099 1166 1138 extremo
1205 1090 1328 1139 folio
1355 1090 1638 1139 Bernensis
1667 1089 1753 1137 de-

134 1161 383 1226 scriptum
394 1159 646 1219 adiunxit,
670 1161 856 1224 partim
876 1161 931 1207 in
954 1161 1213 1209 schedulis
1236 1160 1465 1220 adiectis,
1493 1162 1549 1208 in
1570 1159 1754 1226 quibus

137 1233 293 1280 etiam
321 1232 597 1295 epitomam
623 1231 848 1294 capitum
874 1229 990 1278 libri
1018 1232 1182 1295 primi,
1214 1248 1346 1296 quae
1372 1248 1499 1291 uno,
1529 1239 1586 1279 ut
1612 1230 1754 1278 uide-

133 1310 230 1361 tur,
262 1302 606 1367 quaternione
634 1301 902 1366 archetypi
932 1301 1206 1366 deperdito
1227 1303 1281 1349 in
1305 1301 1537 1350 omnibus
1559 1301 1757 1350 Valerii

136 1371 398 1421 codicibus
425 1387 566 1419 nunc
603 1370 812 1430 desunt,
862 1371 1231 1436 descripserat,
1279 1373 1370 1421 sed
1397 1373 1579 1421 harum
1614 1373 1755 1420 sche-

138 1423 371 1491 dularum
395 1441 553 1490 hodie
580 1459 685 1490 non
713 1450 991 1506 supersunt
1018 1444 1117 1491 nisi
1140 1443 1271 1492 duae
1293 1450 1344 1491 et
1363 1444 1517 1491 tertia
1536 1444 1761 1501 maxima·

136 1530 202 1562 ex
230 1519 377 1578 parte
406 1511 710 1572 dilacerata,
738 1513 793 1560 in
822 1530 922 1577 qua
947 1520 1146 1561 tantum
1172 1530 1336 1578 pauca
1362 1514 1567 1562 Paridis
1595 1512 1755 1561 uerba

138 1591 344 1633 seruata
370 1590 504 1632 sunt.
559 1582 740 1631 Codex
769 1585 1039 1647 epitomae,
1072 1602 1173 1649 qua
1195 1584 1500 1632 emendator
1519 1586 1755 1633 Beruen-

135 1655 206 1703 sis
242 1670 362 1702 usus
401 1661 503 1713 est,
543 1653 826 1702 simillimus
867 1662 976 1702 erat
1002 1655 1241 1704 Vaticani
1278 1672 1374 1703 nec
1399 1663 1572 1703 tamen
1600 1655 1753 1715 idem,

119 1732 195 1779 ,ut
232 1740 296 1772 ex
330 1724 510 1789 paucis
546 1723 853 1772 lectionibus
901 1724 1338 1790 discrepantibus,
1386 1743 1513 1791 quas
1551 1725 1756 1773 Paridis

139 1795 378 1859 exemplo
407 1793 586 1842 addita
611 1801 734 1841 nota
758 1795 799 1843 B
827 1796 1199 1855 subiunximus,
1229 1803 1463 1861 apparet.
1519 1796 1757 1845 Ceterum

136 1865 277 1913 hunc
304 1865 605 1928 scriptorem
631 1864 889 1912 diuersum
926 1865 988 1912 ab
1015 1866 1130 1924 illo,
1175 1867 1262 1930 qui
1290 1867 1484 1931 aliquot
1518 1882 1699 1914 uersus
1728 1883 1758 1912 a

136 1934 344 1983 librario
373 1934 614 1999 primario
637 1936 849 1983 omissos
873 1936 927 1982 in
947 1938 1178 2000 margine
1202 1938 1481 2001 suppleuit,
1514 1937 1755 1986 eundem-

138 2022 239 2071 que
266 2005 601 2070 posteriorem
637 2005 822 2064 fuisse,
870 2014 1076 2070 praeter
1114 2008 1396 2071 scripturae
1433 2009 1596 2071 genus
1631 2008 1755 2056 inde

139 2076 334 2135 elucet,
383 2075 521 2141 quod
557 2076 613 2122 in
638 2092 741 2124 uno
768 2076 948 2124 horum
975 2077 1442 2129 additamentorum
1471 2081 1514 2137 1,
1559 2082 1602 2134 1,
1627 2080 1675 2124 4
1701 2079 1754 2126 in

135 2147 346 2194 nomine
381 2147 441 2194 P.
484 2145 671 2194 Cloelii
711 2146 872 2195 Siculi
915 2149 1134 2212 pristina
1177 2150 1426 2213 scriptura
1467 2166 1613 2197 erasa
1649 2150 1756 2197 eius

136 2217 249 2264 loco
287 2233 490 2265 nomen·
514 2217 699 2263 Siculus
741 2217 796 2264 in
834 2217 986 2266 litura
1034 2236 1107 2266 exae
1131 2219 1322 2268 Paride
1369 2220 1613 2284 scriptum
1662 2227 1755 2267 est.

135 2287 352 2335 Praeter
376 2287 468 2334 has
495 2303 675 2335 manus
706 2288 1078 2338 emendatrices
1114 2291 1266 2338 tertia
1303 2292 1614 2354 corruptrix,
1661 2289 1756 2339 sed

139 2373 203 2406 ea
250 2373 456 2422 quoque
501 2364 706 2405 uetusta
748 2359 802 2405 in
840 2359 1094 2408 Bernensi
1140 2360 1570 2424 deprehenditur,
1620 2377 1755 2426 quae

136 2427 321 2475 multas
354 2428 609 2476 lectiones
650 2444 838 2492 prauas
877 2437 964 2477 aut
999 2431 1338 2494 interpolatas
1385 2448 1448 2479 ex
1485 2431 1628 2497 libris
1668 2431 1755 2479 de-

138 2496 411 2545 terioribus
450 2498 646 2556 intulit,
692 2499 799 2547 sed*
824 2499 896 2546 ita
933 2508 989 2547 ut
1027 2502 1208 2549 saltem
1245 2502 1386 2551 haud
1425 2503 1601 2566 paucis
1628 2502 1756 2549 locis

140 2583 274 2634 quae
301 2567 464 2632 prima
488 2584 667 2616 manus
695 2570 971 2633 scripserat
1010 2571 1180 2620 adhuc
1218 2571 1402 2635 dispici
1430 2573 1656 2636 possint:
1701 2572 1755 2618 in

30 2640 38 2667 ³
62 2666 67 2669 .
138 2637 253 2686 aliis
281 2645 451 2686 tamen
480 2638 676 2701 primae
701 2656 881 2687 manus
909 2642 1192 2705 scripturae
1229 2659 1434 2705 prorsus
1472 2643 1753 2706 perierunt,

139 2724 251 2756 cum
285 2715 388 2756 tres
426 2709 728 2772 scriptoreS,
782 2710 866 2773 qui
904 2711 1067 2758 codici
1095 2718 1271 2759 nostro
1314 2712 1642 2761 emendando
1671 2722 1757 2759 aut

140 2777 479 2842 deprauando
509 2795 715 2843 operam
753 2789 1031 2840 uariarum,
1076 2798 1384 2848 quamquam
1418 2783 1561 2831 libris
1589 2785 1755 2847 pretio

139 2847 416 2896 admodum
452 2847 667 2898 diuersis
702 2850 780 2897 usi
818 2858 959 2911 sunt,
1006 2852 1059 2899 in
1096 2869 1200 2901 una
1234 2861 1408 2917 tamen
1443 2870 1498 2901 re
1525 2855 1662 2902 inter
1700 2870 1754 2900 se

143 2920 519 2967 consenserint.
577 2937 696 2968 nam
733 2921 908 2969 nescio
949 2938 1048 2986 quo
1088 2924 1381 2987 elegantiae
1419 2941 1575 2973 sensu
1619 2924 1757 2972 ducti
