1878 3132
1204 0 1303 16 ‘ert‘u
1324 16 1326 18 ,
1363 0 1383 18 ’“,
1420 2 1445 20 νὴ(

199 111 298 163 106
908 114 1006 160 Lm.
1046 114 1096 159 ΙΙ.

196 240 396 292 eosque
423 222 713 274 intromitti
740 221 916 272 iussit.
978 221 1069 290 qui
1096 229 1278 291 postes
1305 221 1501 274 ianuae
1526 229 1804 294 tamquam
1848 226 1851 230 ’

196 293 435 362 aliquam
471 292 943 359 religiosissimam
978 310 1131 342 aram
1158 298 1514 362 sanctumque
1539 293 1804 364 templum

143 399 145 401 -
194 363 468 427 uenerati,
498 361 692 430 cupide
720 360 990 431 Scipionis
1019 362 1305 415 dexteram
1332 362 1804 432 adprehenderunt

195 451 256 483 ac
296 432 388 483 diu
423 432 651 484 osculati
687 432 881 501 positis
919 439 1045 483 ante
1079 431 1410 485 uestibulum
1438 432 1621 500 doan,
1703 453 1804 486 uae

152 518 172 549 5
197 503 421 554 deorum
458 502 829 555 inmortalium
864 502 1073 554 numini
1099 504 1405 555 consecrari
1433 503 1633 570 solent,
1699 506 1806 556 aeti

194 571 338 642 quod
365 573 674 642 Scipionem
700 573 905 624 uidisse
933 574 1278 642 contigisset,
1306 574 1376 626 ad
1401 573 1542 625 lares
1569 584 1804 627 reuerte-

191 652 336 694 runt.
421 643 552 713 quid
594 642 697 695 hoc
739 643 922 694 fructu
964 644 1270 696 maiestatis
1321 644 1622 711 excelsius,
1675 644 1806 714 quid

194 715 360 765 etiam
400 714 724 765 iucundius?
781 713 951 766 hostis
997 715 1136 766 iram
1175 713 1537 767 admiratione
1573 715 1656 766 sui
1693 714 1804 784 pla-

193 785 364 850 cauit,
407 784 712 854 spectaculo
739 786 1082 853 praesentiae
1118 803 1248 836 suae
1273 784 1548 838 latronum
1573 780 1804 853 gestien-

132 870 173 904 10
196 855 264 906 tis
295 854 476 907 oculos
505 854 662 905 uidit.
716 854 939 923 delapsa
964 854 1112 907 caelo
1141 855 1323 906 sidera
1342 854 1653 907 hominibus
1682 855 1728 907 si
1751 873 1807 907 se

194 921 447 987 offerant,
487 924 852 976 uenerationis
882 925 1115 994 amplius
1143 943 1253 976 non
1278 925 1559 994 recipient.

298 996 348 1046 3.
411 995 485 1046 Et
527 994 660 1045 haec
695 994 915 1063 quidem
960 996 1088 1047 uiuo
1128 995 1396 1064 Scipioni,
1446 995 1582 1047 illud
1625 1003 1807 1047 autem

192 1064 430 1117 Aemilio
454 1065 622 1117 Paulo
652 1065 892 1115 exanimi
912 1066 1159 1134 contigit.
1211 1083 1335 1116 nam
1363 1083 1485 1117 cum
1513 1067 1804 1135 exsequiae

193 1136 308 1186 eius
353 1136 760 1187 celebrarentur
805 1153 869 1187 ac
903 1135 1042 1187 forte
1086 1144 1215 1187 tunc
1249 1135 1520 1205 principes
1555 1135 1805 1187 Macedo-

131 1224 171 1257 15
193 1205 315 1256 niae
352 1204 641 1274 legationis
677 1206 896 1258 nomine
932 1206 1140 1258 Romae
1178 1213 1542 1271 morarentur,
1587 1205 1807 1257 funebri

191 1275 330 1327 lecto
368 1284 563 1345 sponte
601 1293 697 1326 sua
744 1294 859 1327 sese
898 1275 1262 1327 subiecerunt.
1338 1275 1484 1345 quod
1526 1275 1804 1345 aliquanto

192 1346 368 1397 maius
396 1347 698 1411 uidebitur,
730 1346 775 1396 si
802 1345 894 1415 qui
919 1355 1213 1413 cognoscat
1240 1345 1365 1398 lecti
1390 1345 1536 1397 illius
1567 1345 1806 1398 frontem

190 1416 559 1468 Macedonicis
597 1416 887 1485 triumphis
929 1416 1101 1467 fuisse
1138 1415 1475 1468 adornatam.
1545 1423 1806 1486 quantum

193 1487 338 1537 enim
374 1486 544 1538 Paulo
590 1486 925 1551 tribuerunt,
974 1494 1202 1556 propter
1245 1505 1404 1556 quem
1451 1486 1627 1552 gentis
1679 1504 1807 1537 suae

127 1575 170 1607 20
193 1555 428 1608 cladium
453 1556 658 1608 indicia
678 1575 774 1626 per
800 1574 895 1607 ora
918 1556 1070 1625 uulgi
1090 1556 1234 1608 ferre
1261 1574 1370 1608 non
1391 1555 1806 1609 exhorruerunt.

192 1625 337 1696 quod
375 1626 742 1696 spectaculum
775 1627 957 1678 funeri
1003 1628 1239 1696 speciem
1284 1626 1506 1678 alterius
1542 1625 1807 1695 triumphi

192 1696 417 1748 adiecit:
459 1697 545 1749 bis
573 1698 717 1748 enim
743 1704 797 1748 te
811 1737 824 1763 ,
853 1697 1050 1763 Paule,
1088 1696 1412 1749 Macedonia
1438 1697 1564 1750 urbi
1590 1705 1806 1749 nostrae

188 1767 478 1818 inlustrem
538 1766 804 1832 ostendit,
869 1768 1196 1820 incolumem
1248 1766 1437 1837 spoliis
1489 1767 1631 1832 suiS,
1692 1765 1806 1817 fato

189 1836 436 1888 functum
461 1837 682 1891 umeris.

127 1926 169 1958 25
300 1908 349 1959 4.
401 1907 483 1959 Ne
510 1907 609 1959 filii
635 1908 853 1977 quidem
878 1908 959 1960 tui
986 1908 1254 1978 Scipionis
1282 1907 1606 1972 Aemiliani,
1646 1924 1805 1975 quem

192 1977 247 2028 in
283 1977 634 2046 adoptionem
669 1979 848 2030 dando
888 1978 1119 2029 duarum
1156 1977 1490 2028 familiarum
1525 1994 1802 2029 ornamen-

190 2054 308 2097 tum
335 2066 453 2099 esse
479 2047 726 2113 uoluisti,
765 2047 1039 2099 maiestati
1065 2066 1259 2116 parum
1284 2046 1500 2116 honoris
1538 2045 1802 2099 tributum

192 2124 290 2180 est,
331 2135 452 2168 cum
478 2135 601 2169 eum
628 2116 1031 2169 adulescentem
1056 2117 1348 2169 admodum
1374 2115 1648 2168 aLucullo
1677 2134 1799 2168 con-

192 2186 306 2237 sule
342 2187 564 2256 petendi
603 2186 795 2238 auxilii
833 2189 1014 2255 gratia
1050 2206 1119 2239 ex
1155 2187 1427 2262 Hispania
1462 2187 1518 2238 in
1554 2185 1802 2238 Africam

127 2277 169 2309 30
192 2258 420 2308 missum
464 2257 952 2326 Karthaginienses
997 2265 1050 2310 et
1091 2257 1388 2308 Masinissa
1429 2274 1529 2308 rex
1571 2257 1637 2308 de
1670 2274 1803 2325 pace

191 2327 613 2398 disceptatorem
639 2326 789 2379 uelut
809 2326 1085 2380 consulem
1112 2335 1167 2380 et
1192 2327 1578 2397 imperatorem
1603 2325 1801 2378 habue-

190 2405 333 2449 runt.
418 2398 610 2467 ignara
659 2398 877 2468 quidem
925 2397 1167 2452 fatorum
1218 2416 1454 2451 suorum.
1489 2395 1798 2463 Karthago:

193 2467 415 2520 orientis
444 2469 588 2520 enim
622 2467 757 2521 illud
783 2468 1038 2521 iuuentae
1068 2468 1230 2520 decus
1258 2467 1486 2520 deorum
1520 2475 1682 2536 atque
1707 2465 1800 2518 ho-

1528 2563 1549 2575 s

76 2611 166 2646 Par.
193 2599 294 2645 culo
323 2601 588 2646 mirantibus
615 2600 843 2661 praebuit.
883 2606 944 2660 ,2.
973 2601 1082 2646 Cum
1107 2600 1283 2646 Aemilii
1309 2599 1436 2645 Pauli
1460 2599 1698 2658 exsequiae
1729 2610 1798 2641 ce-

127 2683 169 2715 35
191 2669 478 2716 lebrarentur
516 2686 567 2717 ac
592 2671 711 2717 forte
742 2679 847 2717 tunc
883 2672 1111 2732 principes
1140 2671 1430 2717 Macedonum
1455 2669 1621 2714 Romae
1656 2681 1802 2712 mora-

305 2792 330 2830 2
363 2791 567 2843 aliquam
588 2793 655 2832 B:
686 2806 764 2835 om.
786 2793 955 2845 Kempf'
967 2795 1163 2834 cum‘suis
1184 2795 1287 2834 dett.
1347 2793 1375 2831 4
1405 2791 1484 2842 qui
1503 2789 1547 2830 B
1606 2789 1632 2828 8
1663 2787 1802 2828 admi—

190 2847 419 2887 rationem
441 2848 514 2887 sui
536 2848 714 2900 placuit
734 2842 791 2888 B'
854 2851 904 2888 12
926 2849 1014 2890 hae
1036 2849 1092 2897 B,
1116 2849 1202 2888 hoc
1224 2850 1328 2889 dett.
1345 2848 1477 2899 pauci
1536 2846 1588 2885 18
1611 2843 1804 2884 adorna-

190 2906 286 2942 tum
308 2897 364 2942 B'
423 2905 476 2943 20
499 2903 703 2956 gladium
724 2898 780 2943 B'
801 2901 819 2957 [l
841 2909 1139 2945 exorruerunt
1159 2896 1214 2944 B'
1274 2904 1329 2943 24
1349 2901 1515 2942 fultum
1536 2893 1592 2940 B'
