1924 3152
685 167 803 212 car.
832 166 890 218 11,
930 166 958 224 §
985 168 1182 211 21—23.
1645 159 1746 212 125

122 277 260 331 leius
289 293 502 330 summo
530 273 715 329 studio
742 283 797 329 et
822 292 1022 344 magno
1049 272 1286 327 militum
1312 291 1538 326 numero
1575 271 1645 325 ad
1671 271 1745 325 lo·

124 367 252 402 cum
286 346 619 419 capiendum
643 345 932 411 niteretur,
970 363 1155 398 omnes
1184 346 1278 416 qui
1303 345 1529 414 propius
1567 361 1744 396 acces-

125 426 310 472 serant
333 417 628 483 interemit,
657 422 721 469 ac
741 416 861 468 sine
887 415 999 468 ullo
1025 435 1283 485 regressu
1300 415 1469 486 pedes
1491 433 1744 487 pugnans

122 508 286 572 super
307 489 587 558 ingentem
613 495 882 557 stragem,
921 505 1084 557 quam
1108 487 1227 557 ipse
1253 487 1490 553 fecerat,
1525 486 1747 540 corruit.

122 578 275 614 emus
302 559 502 630 capite,
528 576 733 626 umer0,
760 558 963 610 femine
990 558 1204 623 saucio,
1233 557 1387 611 oculo
1416 566 1570 610 eruto
1584 599 1598 625 ,
1628 575 1744 610 scu-
1770 581 1791 614 5

122 639 238 695 tum
264 644 297 683 c
324 640 379 684 et
404 644 486 681 XX
510 629 714 683 ictibus
781 628 1056 682 erfossum
1093 631 1366 700 apparuit.
1419 628 1544 681 talis
1579 628 1638 680 in
1664 647 1748 680 ca-

124 702 251 756 stris
286 700 401 754 diui
436 700 543 754 Iuli
579 699 715 752 disci
741 648 870 753 1iina
905 699 1105 752 milites
1143 699 1307 767 aluit,
1344 718 1578 770 quorum
1611 698 1750 751 alter

126 773 380 839 dextera,
431 770 571 824 alter
615 719 772 824 oculb
812 772 1015 824 amisso
1055 770 1305 825 hostibus
1343 770 1609 838 inhaesit,
1657 769 1750 822 ille

123 851 252 914 post
274 842 418 896 hanc
443 842 711 895 iacturam
736 841 931 907 uictor,
958 841 1047 894 hic
1072 861 1139 894 ne
1160 841 1263 894 hac
1289 841 1514 912 quidem
1539 842 1751 895 iactura

124 914 323 967 uictus,
1049 955 1055 960 -
1773 936 1814 968 10

234 985 415 1037 Tuum
441 1003 600 1051 uer0,
638 984 860 1051 Scaeui,
900 982 1375 1055 inexuperabilem
1402 984 1658 1055 spiritum
1693 982 1751 1033 in

126 1066 253 1110 utra
277 1064 434 1127 parte
460 1074 642 1108 rerum
678 1063 905 1107 naturae
941 1055 1306 1109 admiratione
1331 1072 1635 1126 prosequar
1659 1072 1750 1106 ne-

130 1128 272 1193 3010,
325 1127 581 1198 quoniam
630 1125 924 1180 excellenti
956 1127 1164 1180 uirtute
1210 1126 1442 1180 dubium
1479 1125 1753 1196 reliquisti

128 1199 272 1251 inter
297 1197 545 1249 undasne
570 1216 814 1268 pugnam
840 1197 1127 1251 fortiorem
1154 1196 1396 1250 edideris
1426 1216 1496 1249 an
1522 1197 1580 1248 in
1605 1205 1753 1249 terra

127 1286 317 1322 uocem
350 1268 585 1321 miseriS.
659 1267 804 1322 bello
842 1287 1106 1339 namque,
1149 1286 1255 1340 quo
1283 1268 1345 1321 C.
1374 1267 1605 1334 Caesar,
1645 1285 1754 1319 non
1777 1288 1818 1322 15

127 1347 413 1392 contentus
450 1358 618 1410 opera
644 1358 743 1392 sua
776 1339 1028 1392 litoribus
1059 1338 1268 1392 Oceani
1302 1338 1587 1405 claudere,
1633 1337 1753 1389 Bri-

128 1411 382 1472 tannicae
415 1409 630 1463 insulae
664 1409 918 1464 caelestis
958 1411 1147 1463 iniecit
1179 1429 1400 1476 111311113,
1444 1428 1567 1462 011111
1601 1416 1753 1480 quat-

131 1490 254 1535 tuor
304 1480 750 1535 conmilitonibus
800 1490 919 1534 rate
970 1490 1311 1535 transuectus
1362 1482 1420 1532 in
1471 1478 1756 1551 scopulum

127 1552 375 1604 uicinum
410 1552 650 1620 insulae,
689 1571 856 1624 quam
882 1554 1121 1606 hostium
1155 1552 1404 1623 ingentes
1432 1552 1625 1622 copiae
1663 1550 1755 1603 ob-

130 1623 397 1688 tinebant,
425 1631 719 1694 postquam
745 1632 928 1677 aestus
954 1643 1212 1694 regressu
1237 1642 1334 1676 suo
1362 1624 1621 1694 spatium,
1649 1640 1756 1692 quo
1780 1646 1824 1677 20

134 1711 226 1745 sco
266 1692 389 1744 ulus
427 1701 483 1746 et
519 1693 702 1746 insula
736 1695 1156 1761 diuidebantur,
1193 1695 1251 1746 in
1286 1694 1493 1746 uadum
1519 1693 1759 1746 transitu

136 1763 242 1815 fac‘
270 1781 299 1815 e
336 1762 579 1833 redegit,
630 1766 841 1834 ingenti
877 1765 1227 1818 multitudine
1263 1765 1628 1818 barbarorum
1663 1763 1757 1815 ad-

134 1832 361 1899 fluente,
402 1834 596 1887 ceteris
633 1843 750 1887 rate
787 1835 858 1887 ad
894 1834 1025 1888 litus
1052 1836 1349 1904 regressiS,
1388 1834 1535 1888 solus
1571 1834 1759 1886 immo·

134 1903 303 1958 bilem
338 1905 592 1959 stationis
619 1905 852 1976 gradum
887 1906 1158 1973 retinens,
1194 1905 1437 1976 undique
1470 1904 1758 1958 ruentibus

136 2037 312 2070 summo
358 2024 504 2071 stadio
549 2025 604 2071 ad
637 2025 790 2071 locum
828 2026 1096 2086 capiendum
1131 2027 1381 2075 niteretur,
1433 2024 1645 2070 omnibus
1682 2025 1760 2084 qui
1784 2031 1828 2064 25

134 2109 279 2156 prope
317 2103 603 2141 accesserant
629 2097 918 2157 interemptis
945 2099 1143 2143 conruit.
1199 2102 1378 2142 scutum
1405 2097 1504 2142 eius
1531 2108 1634 2142 cxx
1659 2095 1760 2140 icti-

137 2164 224 2210 bus
252 2165 516 2225 perfossum
543 2167 768 2227 apparuit,
797 2169 895 2228 ipse
921 2168 1187 2214 interuentu
1214 2166 1578 2214 commilitonum
1607 2179 1762 2212 serua·

139 2242 229 2282 tus.
264 2262 322 2268 -
361 2236 483 2282 Idem
509 2252 626 2287 cum,
654 2238 699 2283 C.
727 2233 1217 2284 CaesareBritanniam
1244 2244 1565 2300 oppugnante,
1594 2244 1690 2282 rate
1717 2239 1764 2281 in

137 2308 396 2367 proximum
431 2308 671 2369 scopulum
701 2315 993 2355 transuectus
1029 2317 1172 2361 esset,
1213 2308 1645 2370 superuenientibus
1684 2308 1765 2352 ho-

140 2377 311 2428 stibus,
351 2380 516 2424 ceteris
544 2379 599 2424 ad
625 2378 737 2424 litus
764 2382 1015 2440 regressis,
1044 2380 1172 2426 solus
1200 2380 1411 2426 stationis
1438 2379 1629 2439 gradum
1656 2378 1763 2423 reti·
1789 2388 1830 2419 30

139 2459 278 2497 nens,
326 2461 492 2507 magno
529 2449 652 2495 edito
690 2451 897 2510 proelio,
937 2451 1110 2497 femore
1149 2452 1365 2507 traiecto,
1406 2451 1554 2510 clipeo
1593 2448 1765 2495 crebris

142 2516 442 2562 foraminibus
478 2518 745 2580 absumpto,
785 2521 1017 2581 profundo
1045 2535 1094 2567 se
1130 2523 1383 2571 commisit,
1423 2528 1470 2567 et
1497 2526 1684 2566 euectus
1711 2519 1767 2564 ad

261 2642 282 2680 1
312 2639 463 2681 locum
492 2641 723 2682 Foertsclz:
766 2656 869 2683 eum
898 2644 985 2683 BP
1050 2647 1076 2684 2
1114 2645 1340 2685 niteretur
1368 2645 1408 2684 P
1436 2649 1478 2683 et
1509 2645 1551 2685 in
1580 2656 1669 2683 ras.
1699 2642 1766 2682 B:

142 2697 404 2738 mitteretur
424 2698 529 2737 dett.
590 2700 615 2739 3
638 2698 769 2751 pedis
793 2698 979 2751 Scanyer
999 2703 1093 2743 coll.
1113 2715 1158 2753 p.
1184 2698 1281 2747 12'5,
1305 2703 1365 2741 23
1424 2701 1452 2740 4
1480 2699 1692 2740 fecerant
1712 2691 1769 2739 B'

144 2753 170 2794 5
191 2754 404 2794 saucium
424 2746 481 2793 B'
502 2750 521 2807 Η
543 2758 724 2794 scutum
747 2767 802 2795 .c.
827 2755 867 2794 B
887 2757 931 2796 in
952 2758 1082 2796 litura
1141 2760 1166 2798 6
1189 2758 1439 2810 apparauit
1459 2751 1529 2803 B'‚
1555 2756 1770 2809 apparuit

141 2810 244 2863 ipse
274 2811 544 2852 interuentu
574 2810 933 2852 commilitonum
962 2816 1176 2854 seruatus
1204 2814 1247 2854 P
1314 2815 1363 2854 11
1394 2812 1563 2854 Scaeui
1583 2813 1769 2865 Kempf:

139 2877 319 2907 scaeua
340 2868 396 2915 B,
419 2867 475 2918 cf.
494 2868 577 2908 Dio
598 2868 715 2909 Cass.
740 2870 811 2915 37,
829 2871 888 2909 53
950 2871 1004 2909 14
1024 2868 1148 2910 terra
1164 2863 1220 2910 B'
1283 2871 1335 2911 15
1357 2869 1564 2911 emiseris
1582 2869 1770 2921 Stanyer

146 2922 201 2961 16
220 2922 535 2964 brittannicae
559 2925 614 2974 B,
646 2927 743 2966 item
768 2927 863 2972 126,
888 2927 913 2964 6
972 2927 1027 2966 22
1048 2926 1242 2967 facilem
1263 2927 1306 2966 B
1689 2949 1708 2965 .

259 2981 316 3021 25
337 2980 395 3021 ad
417 2994 522 3022 eum
544 2994 645 3034 cap.
676 2982 726 3029 V,
752 2995 826 3024 em.
844 2982 1053 3024 Foercsch
1110 2985 1166 3024 28
1188 2994 1701 3036 caesar-oppugnans
1731 2982 1776 3021 V

1784 2073 1877 2108 Par.
