1936 3120
1320 0 1347 14 -“
1360 0 1691 33 *wrm-ww„
1709 0 1747 13 ’ν’-ι

187 82 293 134 392
874 90 973 134 LIB.
1013 89 1113 136 Vlll.

186 195 265 247 ita
290 203 483 246 neutra
508 193 856 263 interpellare
882 194 1059 248 ualuit
1083 214 1151 248 ne
1177 214 1285 248 non
1311 197 1489 250 animo
1516 205 1570 251 et
1587 198 1802 253 uideret

189 274 242 317 et
268 265 495 332 uigeret.

293 334 342 386 ἶ).
384 333 654 386 Publilius
683 353 811 387 uero
840 343 1062 388 senator
1088 343 1142 388 et
1165 336 1354 407 Lupus
1381 337 1607 391 Pontius
1635 356 1798 409 eques

187 404 483 470 Romaan
507 405 617 455 suis
640 406 977 475 temporibus
1002 405 1242 459 celebres
1260 426 1549 460 causarum
1569 417 1798 476 actoreS‚

144 491 164 521 5
187 474 485 526 luminibus
524 475 672 544 capti
708 476 899 527 eadem
935 477 1210 544 industria
1245 477 1489 530 forensia
1524 478 1801 548 stipendia

187 545 403 596 executi
430 553 572 596 sunt.
634 546 820 615 itaque
858 546 1197 617 frequentius
1225 549 1390 600 etiam
1417 547 1798 615 audiebantur,

185 615 632 667 concurrentibus
661 614 811 681 aliis,
841 617 969 686 quia
994 618 1212 684 ingenio
1240 635 1423 669 eorum
1451 617 1797 671 delectaban-

184 692 299 750 tur,
339 684 492 750 aliis,
531 686 660 755 quia
687 688 1048 738 constantiam
1075 688 1506 740 admirabantur.
1564 707 1797 759 namque

186 754 309 821 alii,
355 762 444 819 qui
487 762 584 807 tali
623 755 943 809 inconmodo
990 756 1226 826 perculsi
1272 776 1546 810 secessum
1585 766 1796 828 petunt,

121 842 161 873 10
185 824 467 896 duplicant
492 827 766 892 tenebraS‚
795 827 1038 879 fortuitis
1063 827 1401 880 uoluntarias
1430 828 1744 881 adicientes

290 896 340 947 6.
381 896 500 947 Iam
527 897 588 948 P.
617 896 869 962 CraSSUS‚
892 916 1020 949 cum
1045 898 1102 948 in
1122 899 1315 950 Asiam
1342 897 1798 952 adAristonicum

182 984 366 1035 regem
395 966 781 1019 debellandum
807 967 997 1019 consul
1020 969 1282 1034 uenisset,
1311 977 1465 1021 tanta
1485 987 1616 1020 cura
1628 969 1797 1022 Grae-

184 1055 279 1088 cae
307 1036 525 1105 linguae
548 1037 800 1089 notitiam
827 1039 1008 1091 animo
1048 1038 1467 1108 conprehendit,
1507 1047 1567 1091 ut
1593 1057 1712 1107 eam
1738 1039 1798 1090 in

184 1108 421 1177 quinque
459 1107 695 1159 diuisam
730 1126 934 1176 genera
968 1127 1065 1178 per
1099 1127 1285 1161 omnes
1313 1117 1497 1179 partes
1526 1127 1588 1162 ac
1615 1127 1798 1161 nume-

120 1193 159 1223 15
183 1196 271 1230 ros
300 1178 516 1247 penitus
544 1187 912 1246 cognosceret.
968 1198 1105 1249 quae
1131 1197 1217 1230 res
1247 1180 1543 1231 maximum
1561 1180 1611 1231 ei
1628 1179 1796 1232 socio-

182 1267 304 1299 rum
331 1267 574 1301 amorem
601 1248 930 1314 conciliauit,
960 1268 1067 1319 qua
1093 1250 1213 1319 quis
1237 1268 1422 1301 eorum
1442 1250 1628 1318 lingua
1648 1249 1796 1319 apud

182 1319 424 1370 tribunal
449 1318 590 1370 illius
617 1318 1023 1388 postulauerat‚
1061 1319 1253 1371 eadem
1281 1319 1498 1372 decreta
1523 1319 1794 1371 reddenti.

289 1390 337 1440 7.
379 1388 461 1439 Ne
488 1388 718 1440 Roscius
748 1388 967 1458 quidem
995 1388 1379 1454 subtrahatur,
1409 1389 1690 1442 scaenicae
1717 1389 1795 1439 in-

182 1458 421 1510 dustriae
446 1458 791 1510 notissimum
817 1460 1156 1529 exemplum,
1186 1459 1278 1529 qui
1303 1458 1512 1511 nullum
1538 1477 1796 1530 umquam

115 1543 157 1575 20
182 1536 463 1598 spectante
491 1528 691 1598 populo
719 1537 959 1598 gestum,
994 1530 1098 1580 nisi
1137 1548 1295 1598 quem
1323 1530 1472 1582 domi
1497 1529 1794 1583 meditatus

182 1599 389 1665 fuerat,
442 1617 645 1668 ponere
682 1617 848 1650 ausus
887 1611 986 1652 est.
1064 1610 1397 1669 quapropter
1440 1617 1548 1651 non
1585 1599 1797 1651 ludicra

180 1688 268 1720 ars
296 1669 582 1735 Roscium,
621 1669 717 1720 sed
744 1670 977 1722 Roscius
1015 1669 1284 1721 ludicram
1319 1677 1491 1722 artem
1528 1687 1796 1722 commen-

181 1739 361 1805 dauit,
389 1758 489 1791 nec
515 1738 667 1807 uulgi
693 1748 904 1792 tantum
930 1740 1205 1805 fauorem,
1242 1759 1433 1792 uerum
1459 1742 1622 1792 etiam
1649 1740 1794 1810 prin-

179 1806 362 1880 cipum
388 1809 792 1862 familiaritates
820 1809 1101 1880 amplexus
1131 1819 1226 1862 est.
1289 1810 1422 1862 haec
1448 1819 1575 1862 sunt
1600 1811 1797 1862 attenti

119 1951 160 1983 25
183 1942 356 2002 populo
392 1942 722 2002 benignissime
763 1944 1092 2003 interpretatus
1127 1950 1212 1988 est.
1284 1946 1324 1987 5.
1365 1942 1584 1988 Publilius
1612 1948 1796 1988 senator

62 1991 155 2024 ΡΜ
183 2020 229 2058 et
258 2013 411 2072 Lupus
438 2013 629 2058 Pontius
658 2027 799 2072 eques
826 2014 901 2063 R.,
930 2013 1130 2058 celebres
1158 2027 1395 2058 causarum
1424 2020 1624 2065 actores,
1663 2012 1794 2056 lumi-

180 2083 314 2128 nibus
342 2085 459 2142 capti
488 2084 642 2128 eadem
684 2085 904 2129 industria
942 2084 1141 2128 forensia
1179 2083 1404 2142 stipendia
1442 2084 1641 2127 exsecuti
1669 2088 1791 2126 sunt.

179 2157 220 2198 6.
262 2153 305 2197 C.
338 2153 528 2198 Crassus
570 2167 670 2197 cum
698 2155 741 2197 in
770 2155 920 2198 Asiam
948 2153 1002 2197 ad
1027 2154 1335 2197 Aristonicum
1374 2166 1527 2212 regem
1565 2151 1793 2196 debellan-

180 2223 285 2268 dum
316 2237 409 2268 cos.
438 2224 666 2272 uenisset,
708 2230 829 2267 tanta
868 2237 974 2267 cura
1011 2224 1219 2268 notitiam
1249 2222 1442 2267 Graecae
1476 2222 1658 2281 linguae
1686 2235 1793 2266 con-

114 2299 156 2330 30
179 2293 384 2353 prendit,
426 2300 477 2337 ut
504 2307 601 2337 eam
630 2295 672 2337 in
702 2294 903 2353 quinque
932 2307 1097 2351 genera
1125 2294 1315 2338 diuisam
1346 2307 1425 2353 per
1454 2306 1610 2337 omnes
1637 2299 1790 2352 partes

178 2378 230 2409 ac
256 2377 471 2408 numeros
500 2365 682 2423 penitus
711 2371 1035 2423 cognosceret:
1077 2378 1257 2423 quaque
1284 2364 1438 2424 lingua
1466 2364 1614 2408 fuerat
1639 2362 1792 2422 appel-

179 2435 296 2479 latus
324 2435 441 2494 apud
470 2434 682 2483 tribunal,
712 2435 866 2479 eadem
893 2435 1071 2479 decreta
1100 2434 1329 2479 reddebat.
1402 2438 1441 2478 7.
1478 2434 1666 2479 Roscius
1692 2432 1792 2477 nul-

178 2505 269 2549 lum
299 2519 495 2564 unquam
523 2505 695 2564 populo
724 2512 958 2564 spectante
986 2504 1192 2564 gestum,
1230 2505 1314 2549 nisi
1345 2518 1477 2564 quem
1506 2504 1625 2548 domi
1653 2503 1792 2547 medi-

179 2583 300 2620 tatus
330 2575 490 2624 fuerat,
519 2589 689 2634 ponere
717 2589 854 2619 ausus
882 2582 966 2620 est.

291 2714 315 2751 3
337 2711 567 2752 Publilius
589 2712 630 2750 P
650 2718 690 2751 et
710 2713 878 2751 Perz'z..·
909 2725 951 2764 p.
975 2711 1017 2750 B
1094 2712 1121 2750 4
1144 2714 1354 2751 auctores
1376 2705 1431 2749 B'
1452 2716 1496 2750 ut
1516 2711 1684 2749 uidetur
1762 2709 1788 2747 8

175 2781 326 2819 namq.
360 2768 441 2806 alii
474 2768 694 2808 conmodo
723 2768 766 2807 B
794 2782 963 2812 mance,-
1000 2770 1235 2819 recepimus
1257 2767 1444 2829 Kempfizi
1462 2768 1790 2818 supplementum

179 2827 231 2864 10
253 2823 512 2863 uoluntaria
535 2824 576 2863 B
639 2826 687 2863 11
713 2825 761 2863 Ρ.
787 2825 855 2864 Β.·
889 2823 938 2865 C.
965 2825 1003 2863 P
1063 2826 1112 2864 17
1134 2823 1353 2863 reddendi
1374 2822 1416 2862 B

290 2883 342 2921 26
363 2885 528 2932 pontus
563 2880 604 2919 V
