<?xml version="1.0" encoding="UTF-8"?>
<!DOCTYPE html PUBLIC "-//W3C//DTD XHTML 1.0 Transitional//EN"
    "http://www.w3.org/TR/xhtml1/DTD/xhtml1-transitional.dtd">
<html xmlns="http://www.w3.org/1999/xhtml" xml:lang="en" lang="en">
 <head>
  <title>
</title>
<meta http-equiv="Content-Type" content="text/html;charset=utf-8" />
  <meta name='ocr-system' content='tesseract 3.04.00' />
  <meta name='ocr-capabilities' content='ocr_page ocr_carea ocr_par ocr_line ocrx_word'/>
</head>
<body>
  <div class='ocr_page' id='page_1' title='image "./factorumetdictor00valeuoft_0010.png"; bbox 0 0 1878 3100; ppageno 0'>
   <div class='ocr_carea' id='block_1_1' title="bbox 206 153 1163 200">
    <p class='ocr_par' dir='ltr' id='par_1_1' title="bbox 206 153 1163 200">
     <span class='ocr_line' id='line_1_1' title="bbox 206 153 1163 200; baseline -0.002 0"><span class='ocrx_word' id='word_1_1' title='bbox 206 155 258 200; x_wconf 94' lang='lat' dir='ltr'>VI</span> <span class='ocrx_word' id='word_1_2' title='bbox 846 153 1163 199; x_wconf 81' lang='lat' dir='ltr'><strong>PRAEFATIO.</strong></span> 
     </span>
    </p>
   </div>
   <div class='ocr_carea' id='block_1_2' title="bbox 147 291 1819 2946">
    <p class='ocr_par' dir='ltr' id='par_1_2' title="bbox 147 291 1819 2946">
     <span class='ocr_line' id='line_1_2' title="bbox 205 291 1809 356; baseline 0 -14"><span class='ocrx_word' id='word_1_3' title='bbox 205 293 384 342; x_wconf 85' lang='lat' dir='ltr'>sedulo</span> <span class='ocrx_word' id='word_1_4' title='bbox 413 291 665 339; x_wconf 86' lang='lat' dir='ltr'>cauebant</span> <span class='ocrx_word' id='word_1_5' title='bbox 691 306 780 351; x_wconf 90' lang='lat' dir='ltr'>ne,</span> <span class='ocrx_word' id='word_1_6' title='bbox 826 291 879 339; x_wconf 87' lang='lat' dir='ltr'>id</span> <span class='ocrx_word' id='word_1_7' title='bbox 908 291 1044 356; x_wconf 88' lang='lat' dir='ltr'>quod</span> <span class='ocrx_word' id='word_1_8' title='bbox 1071 307 1277 356; x_wconf 87' lang='lat' dir='ltr'>perraro</span> <span class='ocrx_word' id='word_1_9' title='bbox 1306 292 1493 340; x_wconf 83' lang='lat' dir='ltr'>factum</span> <span class='ocrx_word' id='word_1_10' title='bbox 1521 299 1623 352; x_wconf 83' lang='lat' dir='ltr'>est,</span> <span class='ocrx_word' id='word_1_11' title='bbox 1651 292 1809 342; x_wconf 87' lang='lat' dir='ltr'>uerba</span> 
     </span>
     <span class='ocr_line' id='line_1_3' title="bbox 203 361 1810 425; baseline 0.001 -15"><span class='ocrx_word' id='word_1_12' title='bbox 203 362 449 410; x_wconf 88' lang='lat' dir='ltr'>mutanda</span> <span class='ocrx_word' id='word_1_13' title='bbox 476 370 562 409; x_wconf 89' lang='lat' dir='ltr'>aut</span> <span class='ocrx_word' id='word_1_14' title='bbox 588 361 832 409; x_wconf 90' lang='lat' dir='ltr'>addenda</span> <span class='ocrx_word' id='word_1_15' title='bbox 858 378 1013 425; x_wconf 88' lang='lat' dir='ltr'>super</span> <span class='ocrx_word' id='word_1_16' title='bbox 1038 378 1213 410; x_wconf 88' lang='lat' dir='ltr'>uersus</span> <span class='ocrx_word' id='word_1_17' title='bbox 1242 361 1615 422; x_wconf 79' lang='lat' dir='ltr'>adscriberent,</span> <span class='ocrx_word' id='word_1_18' title='bbox 1655 371 1741 411; x_wconf 89' lang='lat' dir='ltr'>aut</span> <span class='ocrx_word' id='word_1_19' title='bbox 1767 365 1810 411; x_wconf 87' lang='lat' dir='ltr'>si</span> 
     </span>
     <span class='ocr_line' id='line_1_4' title="bbox 205 431 1812 498; baseline 0 -18"><span class='ocrx_word' id='word_1_20' title='bbox 205 450 337 498; x_wconf 85' lang='lat' dir='ltr'>quae</span> <span class='ocrx_word' id='word_1_21' title='bbox 349 448 502 488; x_wconf 80' lang='lat' dir='ltr'>uoces</span> <span class='ocrx_word' id='word_1_22' title='bbox 525 432 779 480; x_wconf 80' lang='lat' dir='ltr'>delendae</span> <span class='ocrx_word' id='word_1_23' title='bbox 791 431 1091 479; x_wconf 87' lang='lat' dir='ltr'>uiderentur</span> <span class='ocrx_word' id='word_1_24' title='bbox 1111 432 1329 480; x_wconf 89' lang='lat' dir='ltr'>lineolas</span> <span class='ocrx_word' id='word_1_25' title='bbox 1342 431 1698 493; x_wconf 83' lang='lat' dir='ltr'>subducerent,</span> <span class='ocrx_word' id='word_1_26' title='bbox 1719 433 1812 481; x_wconf 88' lang='lat' dir='ltr'>sed</span> 
     </span>
     <span class='ocr_line' id='line_1_5' title="bbox 205 501 1811 567; baseline 0 -17"><span class='ocrx_word' id='word_1_27' title='bbox 205 504 505 567; x_wconf 80' lang='lat' dir='ltr'>plerumque</span> <span class='ocrx_word' id='word_1_28' title='bbox 544 501 884 566; x_wconf 82' lang='lat' dir='ltr'>compluribus</span> <span class='ocrx_word' id='word_1_29' title='bbox 920 501 1090 549; x_wconf 89' lang='lat' dir='ltr'>uerbis</span> <span class='ocrx_word' id='word_1_30' title='bbox 1128 508 1213 548; x_wconf 90' lang='lat' dir='ltr'>aut</span> <span class='ocrx_word' id='word_1_31' title='bbox 1248 502 1368 550; x_wconf 90' lang='lat' dir='ltr'>totis</span> <span class='ocrx_word' id='word_1_32' title='bbox 1395 501 1625 550; x_wconf 85' lang='lat' dir='ltr'>uersibus</span> <span class='ocrx_word' id='word_1_33' title='bbox 1655 504 1811 551; x_wconf 88' lang='lat' dir='ltr'>erasis</span> 
     </span>
     <span class='ocr_line' id='line_1_6' title="bbox 204 570 1813 630; baseline 0 -11"><span class='ocrx_word' id='word_1_34' title='bbox 204 590 390 621; x_wconf 89' lang='lat' dir='ltr'>nouam</span> <span class='ocrx_word' id='word_1_35' title='bbox 414 573 687 620; x_wconf 90' lang='lat' dir='ltr'>lectionem</span> <span class='ocrx_word' id='word_1_36' title='bbox 713 570 1034 630; x_wconf 86' lang='lat' dir='ltr'>inferebant,</span> <span class='ocrx_word' id='word_1_37' title='bbox 1063 572 1246 620; x_wconf 88' lang='lat' dir='ltr'>litteris</span> <span class='ocrx_word' id='word_1_38' title='bbox 1273 574 1346 619; x_wconf 90' lang='lat' dir='ltr'>ita</span> <span class='ocrx_word' id='word_1_39' title='bbox 1373 579 1458 620; x_wconf 89' lang='lat' dir='ltr'>aut</span> <span class='ocrx_word' id='word_1_40' title='bbox 1486 572 1705 620; x_wconf 85' lang='lat' dir='ltr'>diductis</span> <span class='ocrx_word' id='word_1_41' title='bbox 1727 579 1813 621; x_wconf 89' lang='lat' dir='ltr'>aut</span> 
     </span>
     <span class='ocr_line' id='line_1_7' title="bbox 206 642 1813 707; baseline 0.001 -18"><span class='ocrx_word' id='word_1_42' title='bbox 206 645 521 707; x_wconf 68' lang='lat' dir='ltr'>compressis,</span> <span class='ocrx_word' id='word_1_43' title='bbox 549 650 605 690; x_wconf 88' lang='lat' dir='ltr'>ut</span> <span class='ocrx_word' id='word_1_44' title='bbox 631 643 850 707; x_wconf 87' lang='lat' dir='ltr'>spatium</span> <span class='ocrx_word' id='word_1_45' title='bbox 876 658 1091 690; x_wconf 85' lang='lat' dir='ltr'>uacuum</span> <span class='ocrx_word' id='word_1_46' title='bbox 1116 658 1252 689; x_wconf 91' lang='lat' dir='ltr'>noua</span> <span class='ocrx_word' id='word_1_47' title='bbox 1277 642 1501 690; x_wconf 88' lang='lat' dir='ltr'>lectione</span> <span class='ocrx_word' id='word_1_48' title='bbox 1540 643 1695 706; x_wconf 88' lang='lat' dir='ltr'>plene</span> <span class='ocrx_word' id='word_1_49' title='bbox 1725 659 1813 690; x_wconf 82' lang='lat' dir='ltr'>ex-</span> 
     </span>
     <span class='ocr_line' id='line_1_8' title="bbox 203 712 1812 776; baseline 0 -16"><span class='ocrx_word' id='word_1_50' title='bbox 203 714 450 776; x_wconf 87' lang='lat' dir='ltr'>pleretur.</span> <span class='ocrx_word' id='word_1_51' title='bbox 481 712 634 761; x_wconf 83' lang='lat' dir='ltr'>Cuius</span> <span class='ocrx_word' id='word_1_52' title='bbox 655 714 730 761; x_wconf 88' lang='lat' dir='ltr'>rei</span> <span class='ocrx_word' id='word_1_53' title='bbox 750 713 1212 761; x_wconf 87' lang='lat' dir='ltr'>luculentissimum</span> <span class='ocrx_word' id='word_1_54' title='bbox 1231 712 1517 776; x_wconf 88' lang='lat' dir='ltr'>exemplum</span> <span class='ocrx_word' id='word_1_55' title='bbox 1536 712 1638 759; x_wconf 89' lang='lat' dir='ltr'>iam</span> <span class='ocrx_word' id='word_1_56' title='bbox 1655 713 1812 760; x_wconf 87' lang='lat' dir='ltr'>Kem-</span> 
     </span>
     <span class='ocr_line' id='line_1_9' title="bbox 205 780 1814 847; baseline -0.001 -17"><span class='ocrx_word' id='word_1_57' title='bbox 205 784 332 847; x_wconf 91' lang='lat' dir='ltr'>pfius</span> <span class='ocrx_word' id='word_1_58' title='bbox 372 783 446 846; x_wconf 85' lang='lat' dir='ltr'>(p.</span> <span class='ocrx_word' id='word_1_59' title='bbox 477 785 538 830; x_wconf 84' lang='lat'>79</span> <span class='ocrx_word' id='word_1_60' title='bbox 567 800 618 830; x_wconf 91' lang='lat' dir='ltr'>n.</span> <span class='ocrx_word' id='word_1_61' title='bbox 650 780 700 844; x_wconf 89' lang='lat'>1)</span> <span class='ocrx_word' id='word_1_62' title='bbox 742 799 805 830; x_wconf 84' lang='lat' dir='ltr'>ex</span> <span class='ocrx_word' id='word_1_63' title='bbox 829 783 940 830; x_wconf 86' lang='lat' dir='ltr'>loco</span> <span class='ocrx_word' id='word_1_64' title='bbox 969 784 1015 842; x_wconf 81' lang='lat'>2,</span> <span class='ocrx_word' id='word_1_65' title='bbox 1046 785 1135 842; x_wconf 87' lang='lat'>10,</span> <span class='ocrx_word' id='word_1_66' title='bbox 1166 783 1195 829; x_wconf 79' lang='lat'>8</span> <span class='ocrx_word' id='word_1_67' title='bbox 1225 783 1415 841; x_wconf 87' lang='lat' dir='ltr'>attulit,</span> <span class='ocrx_word' id='word_1_68' title='bbox 1454 781 1539 829; x_wconf 88' lang='lat' dir='ltr'>ubi</span> <span class='ocrx_word' id='word_1_69' title='bbox 1578 789 1814 846; x_wconf 83' lang='lat' dir='ltr'>quattuor</span> 
     </span>
     <span class='ocr_line' id='line_1_10' title="bbox 204 851 1813 917; baseline -0.001 -17"><span class='ocrx_word' id='word_1_70' title='bbox 204 866 380 901; x_wconf 89' lang='lat' dir='ltr'>uersus</span> <span class='ocrx_word' id='word_1_71' title='bbox 403 853 666 911; x_wconf 78' lang='lat' dir='ltr'>Martialis,</span> <span class='ocrx_word' id='word_1_72' title='bbox 691 853 849 916; x_wconf 85' lang='lat' dir='ltr'>ipsius</span> <span class='ocrx_word' id='word_1_73' title='bbox 870 859 1057 917; x_wconf 87' lang='lat' dir='ltr'>poetae</span> <span class='ocrx_word' id='word_1_74' title='bbox 1073 852 1280 900; x_wconf 90' lang='lat' dir='ltr'>nomine</span> <span class='ocrx_word' id='word_1_75' title='bbox 1296 851 1488 911; x_wconf 89' lang='lat' dir='ltr'>addito,</span> <span class='ocrx_word' id='word_1_76' title='bbox 1511 852 1565 898; x_wconf 88' lang='lat' dir='ltr'>in</span> <span class='ocrx_word' id='word_1_77' title='bbox 1579 852 1813 916; x_wconf 87' lang='lat' dir='ltr'>archety-</span> 
     </span>
     <span class='ocr_line' id='line_1_11' title="bbox 205 922 1813 987; baseline 0.001 -18"><span class='ocrx_word' id='word_1_78' title='bbox 205 923 748 987; x_wconf 86' lang='lat' dir='ltr'>puminculcatierant,</span> <span class='ocrx_word' id='word_1_79' title='bbox 776 939 900 987; x_wconf 85' lang='lat' dir='ltr'>quos</span> <span class='ocrx_word' id='word_1_80' title='bbox 922 939 1032 970; x_wconf 92' lang='lat' dir='ltr'>cum</span> <span class='ocrx_word' id='word_1_81' title='bbox 1045 922 1589 970; x_wconf 70' lang='lat' dir='ltr'>corrector-Beruensis</span> <span class='ocrx_word' id='word_1_82' title='bbox 1611 923 1813 986; x_wconf 88' lang='lat' dir='ltr'>spurios</span> 
     </span>
     <span class='ocr_line' id='line_1_12' title="bbox 206 991 1815 1056; baseline -0.001 -16"><span class='ocrx_word' id='word_1_83' title='bbox 206 1010 316 1041; x_wconf 86' lang='lat' dir='ltr'>esse</span> <span class='ocrx_word' id='word_1_84' title='bbox 337 994 696 1052; x_wconf 80' lang='lat' dir='ltr'>intellexisset,</span> <span class='ocrx_word' id='word_1_85' title='bbox 723 992 813 1040; x_wconf 87' lang='lat' dir='ltr'>sed</span> <span class='ocrx_word' id='word_1_86' title='bbox 836 993 1135 1056; x_wconf 86' lang='lat' dir='ltr'>simpliciter</span> <span class='ocrx_word' id='word_1_87' title='bbox 1158 991 1404 1038; x_wconf 79' lang='lat' dir='ltr'>inducere</span> <span class='ocrx_word' id='word_1_88' title='bbox 1426 991 1602 1051; x_wconf 90' lang='lat' dir='ltr'>nollet,</span> <span class='ocrx_word' id='word_1_89' title='bbox 1626 1007 1815 1040; x_wconf 84' lang='lat' dir='ltr'>nouem</span> 
     </span>
     <span class='ocr_line' id='line_1_13' title="bbox 204 1060 1811 1124; baseline -0.001 -14"><span class='ocrx_word' id='word_1_90' title='bbox 204 1079 380 1112; x_wconf 89' lang='lat' dir='ltr'>uersus</span> <span class='ocrx_word' id='word_1_91' title='bbox 419 1064 599 1110; x_wconf 87' lang='lat' dir='ltr'>litteris</span> <span class='ocrx_word' id='word_1_92' title='bbox 638 1062 910 1110; x_wconf 88' lang='lat' dir='ltr'>admodum</span> <span class='ocrx_word' id='word_1_93' title='bbox 938 1061 1158 1110; x_wconf 88' lang='lat' dir='ltr'>diductis</span> <span class='ocrx_word' id='word_1_94' title='bbox 1189 1068 1238 1108; x_wconf 92' lang='lat' dir='ltr'>et</span> <span class='ocrx_word' id='word_1_95' title='bbox 1266 1062 1486 1108; x_wconf 88' lang='lat' dir='ltr'>extentis</span> <span class='ocrx_word' id='word_1_96' title='bbox 1519 1060 1583 1108; x_wconf 91' lang='lat' dir='ltr'>de</span> <span class='ocrx_word' id='word_1_97' title='bbox 1609 1062 1811 1124; x_wconf 84' lang='lat' dir='ltr'>integro</span> 
     </span>
     <span class='ocr_line' id='line_1_14' title="bbox 204 1130 1812 1197; baseline -0.001 -17"><span class='ocrx_word' id='word_1_98' title='bbox 204 1134 423 1197; x_wconf 84' lang='lat' dir='ltr'>scripsit.</span> <span class='ocrx_word' id='word_1_99' title='bbox 509 1134 646 1180; x_wconf 86' lang='lat' dir='ltr'>Hinc</span> <span class='ocrx_word' id='word_1_100' title='bbox 682 1134 870 1180; x_wconf 87' lang='lat' dir='ltr'>factum</span> <span class='ocrx_word' id='word_1_101' title='bbox 909 1138 985 1179; x_wconf 87' lang='lat' dir='ltr'>est</span> <span class='ocrx_word' id='word_1_102' title='bbox 1022 1139 1077 1179; x_wconf 89' lang='lat' dir='ltr'>ut</span> <span class='ocrx_word' id='word_1_103' title='bbox 1116 1132 1169 1178; x_wconf 91' lang='lat' dir='ltr'>in</span> <span class='ocrx_word' id='word_1_104' title='bbox 1206 1130 1381 1180; x_wconf 80' lang='lat' dir='ltr'>codice</span> <span class='ocrx_word' id='word_1_105' title='bbox 1425 1146 1584 1194; x_wconf 87' lang='lat' dir='ltr'>saepe</span> <span class='ocrx_word' id='word_1_106' title='bbox 1627 1132 1812 1194; x_wconf 85' lang='lat' dir='ltr'>integri</span> 
     </span>
     <span class='ocr_line' id='line_1_15' title="bbox 203 1200 1815 1266; baseline -0.001 -16"><span class='ocrx_word' id='word_1_107' title='bbox 203 1219 383 1251; x_wconf 90' lang='lat' dir='ltr'>uersus</span> <span class='ocrx_word' id='word_1_108' title='bbox 430 1210 515 1250; x_wconf 85' lang='lat' dir='ltr'>aut</span> <span class='ocrx_word' id='word_1_109' title='bbox 559 1203 819 1266; x_wconf 86' lang='lat' dir='ltr'>complura</span> <span class='ocrx_word' id='word_1_110' title='bbox 861 1201 1020 1249; x_wconf 84' lang='lat' dir='ltr'>uerba</span> <span class='ocrx_word' id='word_1_111' title='bbox 1066 1217 1209 1249; x_wconf 85' lang='lat' dir='ltr'>erasa</span> <span class='ocrx_word' id='word_1_112' title='bbox 1253 1207 1565 1264; x_wconf 80' lang='lat' dir='ltr'>appareant,</span> <span class='ocrx_word' id='word_1_113' title='bbox 1618 1200 1704 1249; x_wconf 91' lang='lat' dir='ltr'>ubi</span> <span class='ocrx_word' id='word_1_114' title='bbox 1751 1217 1815 1248; x_wconf 87' lang='lat' dir='ltr'>ex</span> 
     </span>
     <span class='ocr_line' id='line_1_16' title="bbox 204 1270 1814 1321; baseline -0.001 -1"><span class='ocrx_word' id='word_1_115' title='bbox 204 1274 417 1321; x_wconf 88' lang='lat' dir='ltr'>aliorum</span> <span class='ocrx_word' id='word_1_116' title='bbox 445 1272 672 1320; x_wconf 87' lang='lat' dir='ltr'>codicum</span> <span class='ocrx_word' id='word_1_117' title='bbox 705 1272 1009 1320; x_wconf 83' lang='lat' dir='ltr'>testimoniis</span> <span class='ocrx_word' id='word_1_118' title='bbox 1039 1271 1204 1318; x_wconf 89' lang='lat' dir='ltr'>elucet</span> <span class='ocrx_word' id='word_1_119' title='bbox 1231 1287 1261 1317; x_wconf 85' lang='lat' dir='ltr'>a</span> <span class='ocrx_word' id='word_1_120' title='bbox 1286 1288 1438 1321; x_wconf 90' lang='lat' dir='ltr'>manu</span> <span class='ocrx_word' id='word_1_121' title='bbox 1466 1270 1814 1319; x_wconf 88' lang='lat' dir='ltr'>emendatrice</span> 
     </span>
     <span class='ocr_line' id='line_1_17' title="bbox 205 1336 1813 1406; baseline -0.001 -16"><span class='ocrx_word' id='word_1_122' title='bbox 205 1344 334 1390; x_wconf 90' lang='lat' dir='ltr'>nihil</span> <span class='ocrx_word' id='word_1_123' title='bbox 393 1343 492 1389; x_wconf 85' lang='lat' dir='ltr'>nisi</span> <span class='ocrx_word' id='word_1_124' title='bbox 551 1343 776 1406; x_wconf 83' lang='lat' dir='ltr'>singulas</span> <span class='ocrx_word' id='word_1_125' title='bbox 834 1343 1031 1388; x_wconf 88' lang='lat' dir='ltr'>litteras</span> <span class='ocrx_word' id='word_1_126' title='bbox 1082 1336 1240 1388; x_wconf 61' lang='lat' dir='ltr'>&#39;alicui</span> <span class='ocrx_word' id='word_1_127' title='bbox 1298 1341 1548 1389; x_wconf 85' lang='lat' dir='ltr'>vocabulo</span> <span class='ocrx_word' id='word_1_128' title='bbox 1607 1340 1813 1388; x_wconf 88' lang='lat' dir='ltr'>additas</span> 
     </span>
     <span class='ocr_line' id='line_1_18' title="bbox 204 1410 1815 1476; baseline -0.002 -15"><span class='ocrx_word' id='word_1_129' title='bbox 204 1420 294 1461; x_wconf 88' lang='lat' dir='ltr'>aut</span> <span class='ocrx_word' id='word_1_130' title='bbox 332 1412 565 1476; x_wconf 86' lang='lat' dir='ltr'>demptas</span> <span class='ocrx_word' id='word_1_131' title='bbox 605 1428 736 1459; x_wconf 86' lang='lat' dir='ltr'>esse.</span> <span class='ocrx_word' id='word_1_132' title='bbox 813 1413 876 1459; x_wconf 90' lang='lat' dir='ltr'>In</span> <span class='ocrx_word' id='word_1_133' title='bbox 912 1412 1098 1459; x_wconf 88' lang='lat' dir='ltr'>talibus</span> <span class='ocrx_word' id='word_1_134' title='bbox 1136 1411 1260 1458; x_wconf 91' lang='lat' dir='ltr'>locis</span> <span class='ocrx_word' id='word_1_135' title='bbox 1298 1427 1408 1457; x_wconf 91' lang='lat' dir='ltr'>cum</span> <span class='ocrx_word' id='word_1_136' title='bbox 1447 1410 1512 1458; x_wconf 90' lang='lat' dir='ltr'>ad</span> <span class='ocrx_word' id='word_1_137' title='bbox 1542 1411 1815 1474; x_wconf 88' lang='lat' dir='ltr'>pristinum</span> 
     </span>
     <span class='ocr_line' id='line_1_19' title="bbox 152 1480 1813 1547; baseline -0.002 -17"><span class='ocrx_word' id='word_1_138' title='bbox 152 1536 155 1538; x_wconf 51' lang='grc'><strong>,</strong></span> <span class='ocrx_word' id='word_1_139' title='bbox 205 1483 428 1547; x_wconf 89' lang='lat' dir='ltr'>spatium</span> <span class='ocrx_word' id='word_1_140' title='bbox 457 1481 765 1546; x_wconf 79' lang='lat' dir='ltr'>explendum</span> <span class='ocrx_word' id='word_1_141' title='bbox 791 1482 1071 1529; x_wconf 87' lang='lat' dir='ltr'>litterarum</span> <span class='ocrx_word' id='word_1_142' title='bbox 1099 1480 1410 1528; x_wconf 87' lang='lat' dir='ltr'>deductione</span> <span class='ocrx_word' id='word_1_143' title='bbox 1439 1480 1564 1544; x_wconf 75' lang='lat' dir='ltr'>oPus</span> <span class='ocrx_word' id='word_1_144' title='bbox 1596 1488 1729 1540; x_wconf 79' lang='lat' dir='ltr'>erat,</span> <span class='ocrx_word' id='word_1_145' title='bbox 1757 1480 1813 1527; x_wconf 91' lang='lat' dir='ltr'>in</span> 
     </span>
     <span class='ocr_line' id='line_1_20' title="bbox 206 1549 1812 1611; baseline -0.001 -12"><span class='ocrx_word' id='word_1_146' title='bbox 206 1553 544 1600; x_wconf 82' lang='lat' dir='ltr'>adnotatione</span> <span class='ocrx_word' id='word_1_147' title='bbox 573 1553 768 1611; x_wconf 84' lang='lat' dir='ltr'>critica,</span> <span class='ocrx_word' id='word_1_148' title='bbox 815 1559 870 1599; x_wconf 89' lang='lat' dir='ltr'>ut</span> <span class='ocrx_word' id='word_1_149' title='bbox 894 1551 1134 1598; x_wconf 90' lang='lat' dir='ltr'>breuitati</span> <span class='ocrx_word' id='word_1_150' title='bbox 1170 1551 1537 1609; x_wconf 53' lang='lat' dir='ltr'>consulerem„</span> <span class='ocrx_word' id='word_1_151' title='bbox 1563 1549 1721 1598; x_wconf 89' lang='lat' dir='ltr'>uerba</span> <span class='ocrx_word' id='word_1_152' title='bbox 1747 1549 1812 1598; x_wconf 88' lang='lat' dir='ltr'>de</span> 
     </span>
     <span class='ocr_line' id='line_1_21' title="bbox 207 1621 1814 1687; baseline -0.001 -18"><span class='ocrx_word' id='word_1_153' title='bbox 207 1622 386 1687; x_wconf 85' lang='lat' dir='ltr'>quibus</span> <span class='ocrx_word' id='word_1_154' title='bbox 411 1639 613 1687; x_wconf 86' lang='lat' dir='ltr'>quoque</span> <span class='ocrx_word' id='word_1_155' title='bbox 635 1623 745 1670; x_wconf 86' lang='lat' dir='ltr'>loco</span> <span class='ocrx_word' id='word_1_156' title='bbox 769 1623 934 1684; x_wconf 83' lang='lat' dir='ltr'>agitur</span> <span class='ocrx_word' id='word_1_157' title='bbox 955 1622 1007 1669; x_wconf 89' lang='lat' dir='ltr'>in</span> <span class='ocrx_word' id='word_1_158' title='bbox 1028 1637 1203 1668; x_wconf 85' lang='lat' dir='ltr'>rasura</span> <span class='ocrx_word' id='word_1_159' title='bbox 1228 1621 1463 1668; x_wconf 89' lang='lat' dir='ltr'>maiore</span> <span class='ocrx_word' id='word_1_160' title='bbox 1491 1621 1680 1684; x_wconf 87' lang='lat' dir='ltr'>scripta</span> <span class='ocrx_word' id='word_1_161' title='bbox 1701 1636 1814 1668; x_wconf 84' lang='lat' dir='ltr'>esse</span> 
     </span>
     <span class='ocr_line' id='line_1_22' title="bbox 206 1689 1815 1757; baseline -0.002 -18"><span class='ocrx_word' id='word_1_162' title='bbox 206 1692 569 1757; x_wconf 85' lang='lat' dir='ltr'>significabam.</span> <span class='ocrx_word' id='word_1_163' title='bbox 622 1689 942 1756; x_wconf 78' lang='lat' dir='ltr'>Qua-mquam</span> <span class='ocrx_word' id='word_1_164' title='bbox 959 1699 1127 1738; x_wconf 85' lang='lat' dir='ltr'>autem</span> <span class='ocrx_word' id='word_1_165' title='bbox 1150 1707 1333 1753; x_wconf 83' lang='lat' dir='ltr'>magno</span> <span class='ocrx_word' id='word_1_166' title='bbox 1359 1706 1514 1753; x_wconf 88' lang='lat' dir='ltr'>opere</span> <span class='ocrx_word' id='word_1_167' title='bbox 1536 1689 1815 1738; x_wconf 89' lang='lat' dir='ltr'>dolendum</span> 
     </span>
     <span class='ocr_line' id='line_1_23' title="bbox 208 1760 1812 1826; baseline -0.002 -16"><span class='ocrx_word' id='word_1_168' title='bbox 208 1770 284 1810; x_wconf 87' lang='lat' dir='ltr'>est</span> <span class='ocrx_word' id='word_1_169' title='bbox 310 1779 467 1826; x_wconf 84' lang='lat' dir='ltr'>saepe</span> <span class='ocrx_word' id='word_1_170' title='bbox 494 1763 719 1825; x_wconf 84' lang='lat' dir='ltr'>ignorari</span> <span class='ocrx_word' id='word_1_171' title='bbox 749 1778 878 1826; x_wconf 91' lang='lat' dir='ltr'>quae</span> <span class='ocrx_word' id='word_1_172' title='bbox 906 1763 1098 1825; x_wconf 86' lang='lat' dir='ltr'>primae</span> <span class='ocrx_word' id='word_1_173' title='bbox 1125 1777 1302 1808; x_wconf 83' lang='lat' dir='ltr'>manus</span> <span class='ocrx_word' id='word_1_174' title='bbox 1331 1761 1580 1824; x_wconf 88' lang='lat' dir='ltr'>scriptura</span> <span class='ocrx_word' id='word_1_175' title='bbox 1605 1760 1658 1821; x_wconf 87' lang='lat' dir='ltr'>in</span> <span class='ocrx_word' id='word_1_176' title='bbox 1687 1761 1812 1808; x_wconf 88' lang='lat' dir='ltr'>Ber-</span> 
     </span>
     <span class='ocr_line' id='line_1_24' title="bbox 206 1829 1812 1895; baseline -0.002 -15"><span class='ocrx_word' id='word_1_177' title='bbox 206 1834 357 1881; x_wconf 89' lang='lat' dir='ltr'>nensi</span> <span class='ocrx_word' id='word_1_178' title='bbox 378 1832 545 1891; x_wconf 87' lang='lat' dir='ltr'>fuerit,</span> <span class='ocrx_word' id='word_1_179' title='bbox 570 1831 1058 1895; x_wconf 85' lang='lat' dir='ltr'>interpolationibus</span> <span class='ocrx_word' id='word_1_180' title='bbox 1081 1838 1250 1878; x_wconf 90' lang='lat' dir='ltr'>tamen</span> <span class='ocrx_word' id='word_1_181' title='bbox 1272 1829 1654 1889; x_wconf 89' lang='lat' dir='ltr'>recentioribus,</span> <span class='ocrx_word' id='word_1_182' title='bbox 1682 1845 1812 1894; x_wconf 90' lang='lat' dir='ltr'>quae</span> 
     </span>
     <span class='ocr_line' id='line_1_25' title="bbox 206 1901 1815 1966; baseline -0.003 -15"><span class='ocrx_word' id='word_1_183' title='bbox 206 1903 460 1966; x_wconf 88' lang='lat' dir='ltr'>pessimae</span> <span class='ocrx_word' id='word_1_184' title='bbox 488 1919 599 1950; x_wconf 84' lang='lat' dir='ltr'>esse</span> <span class='ocrx_word' id='word_1_185' title='bbox 627 1903 821 1961; x_wconf 78' lang='lat' dir='ltr'>solent,</span> <span class='ocrx_word' id='word_1_186' title='bbox 860 1903 1081 1949; x_wconf 86' lang='lat' dir='ltr'>intactus</span> <span class='ocrx_word' id='word_1_187' title='bbox 1121 1901 1425 1964; x_wconf 80' lang='lat' dir='ltr'>permansit3</span> <span class='ocrx_word' id='word_1_188' title='bbox 1465 1916 1583 1947; x_wconf 89' lang='lat' dir='ltr'>nam</span> <span class='ocrx_word' id='word_1_189' title='bbox 1609 1906 1815 1963; x_wconf 89' lang='lat' dir='ltr'>praeter</span> 
     </span>
     <span class='ocr_line' id='line_1_26' title="bbox 205 1968 1812 2037; baseline -0.002 -18"><span class='ocrx_word' id='word_1_190' title='bbox 205 1973 356 2021; x_wconf 89' lang='lat' dir='ltr'>trium</span> <span class='ocrx_word' id='word_1_191' title='bbox 384 1972 699 2019; x_wconf 86' lang='lat' dir='ltr'>librariorum</span> <span class='ocrx_word' id='word_1_192' title='bbox 724 1973 1061 2037; x_wconf 87' lang='lat' dir='ltr'>posteriorum</span> <span class='ocrx_word' id='word_1_193' title='bbox 1088 1987 1292 2029; x_wconf 88' lang='lat' dir='ltr'>manus,</span> <span class='ocrx_word' id='word_1_194' title='bbox 1342 1969 1406 2018; x_wconf 86' lang='lat' dir='ltr'>dc</span> <span class='ocrx_word' id='word_1_195' title='bbox 1446 1968 1624 2034; x_wconf 88' lang='lat' dir='ltr'>quibus</span> <span class='ocrx_word' id='word_1_196' title='bbox 1661 1968 1812 2017; x_wconf 84' lang='lat' dir='ltr'>modo</span> 
     </span>
     <span class='ocr_line' id='line_1_27' title="bbox 210 2038 1814 2106; baseline -0.002 -17"><span class='ocrx_word' id='word_1_197' title='bbox 210 2042 598 2106; x_wconf 83' lang='lat' dir='ltr'>disputauimus,</span> <span class='ocrx_word' id='word_1_198' title='bbox 649 2058 896 2106; x_wconf 85' lang='lat' dir='ltr'>nusquam</span> <span class='ocrx_word' id='word_1_199' title='bbox 926 2042 1034 2089; x_wconf 87' lang='lat' dir='ltr'>fere</span> <span class='ocrx_word' id='word_1_200' title='bbox 1060 2041 1316 2088; x_wconf 91' lang='lat' dir='ltr'>recentior</span> <span class='ocrx_word' id='word_1_201' title='bbox 1343 2041 1395 2087; x_wconf 90' lang='lat' dir='ltr'>in</span> <span class='ocrx_word' id='word_1_202' title='bbox 1423 2038 1600 2087; x_wconf 89' lang='lat' dir='ltr'>codice</span> <span class='ocrx_word' id='word_1_203' title='bbox 1630 2038 1814 2102; x_wconf 89' lang='lat' dir='ltr'>depre-</span> 
     </span>
     <span class='ocr_line' id='line_1_28' title="bbox 208 2110 1813 2176; baseline -0.002 -17"><span class='ocrx_word' id='word_1_204' title='bbox 208 2112 473 2171; x_wconf 87' lang='lat' dir='ltr'>henditur,</span> <span class='ocrx_word' id='word_1_205' title='bbox 513 2130 613 2159; x_wconf 87' lang='lat' dir='ltr'>uno</span> <span class='ocrx_word' id='word_1_206' title='bbox 642 2113 753 2160; x_wconf 89' lang='lat' dir='ltr'>loco</span> <span class='ocrx_word' id='word_1_207' title='bbox 785 2128 949 2176; x_wconf 82' lang='lat' dir='ltr'>eoque</span> <span class='ocrx_word' id='word_1_208' title='bbox 975 2111 1167 2174; x_wconf 83' lang='lat' dir='ltr'>insigni</span> <span class='ocrx_word' id='word_1_209' title='bbox 1197 2117 1437 2174; x_wconf 85' lang='lat' dir='ltr'>excepto,</span> <span class='ocrx_word' id='word_1_210' title='bbox 1478 2110 1532 2156; x_wconf 92' lang='lat' dir='ltr'>in</span> <span class='ocrx_word' id='word_1_211' title='bbox 1562 2125 1660 2174; x_wconf 86' lang='lat' dir='ltr'>quo</span> <span class='ocrx_word' id='word_1_212' title='bbox 1699 2110 1813 2172; x_wconf 89' lang='lat' dir='ltr'>ipso</span> 
     </span>
     <span class='ocr_line' id='line_1_29' title="bbox 208 2177 1813 2246; baseline -0.002 -17"><span class='ocrx_word' id='word_1_213' title='bbox 208 2183 473 2245; x_wconf 88' lang='lat' dir='ltr'>Kempfius</span> <span class='ocrx_word' id='word_1_214' title='bbox 488 2184 785 2245; x_wconf 87' lang='lat' dir='ltr'>scripturam</span> <span class='ocrx_word' id='word_1_215' title='bbox 801 2199 830 2228; x_wconf 87' lang='lat' dir='ltr'>a</span> <span class='ocrx_word' id='word_1_216' title='bbox 843 2182 1054 2246; x_wconf 88' lang='lat' dir='ltr'>reliquis</span> <span class='ocrx_word' id='word_1_217' title='bbox 1077 2181 1230 2244; x_wconf 88' lang='lat' dir='ltr'>plane</span> <span class='ocrx_word' id='word_1_218' title='bbox 1245 2179 1500 2227; x_wconf 80' lang='lat' dir='ltr'>diuersam</span> <span class='ocrx_word' id='word_1_219' title='bbox 1511 2196 1616 2226; x_wconf 91' lang='lat' dir='ltr'>non</span> <span class='ocrx_word' id='word_1_220' title='bbox 1628 2177 1813 2226; x_wconf 90' lang='lat' dir='ltr'>adten—</span> 
     </span>
     <span class='ocr_line' id='line_1_30' title="bbox 209 2250 1811 2316; baseline -0.002 -17"><span class='ocrx_word' id='word_1_221' title='bbox 209 2252 300 2299; x_wconf 88' lang='lat' dir='ltr'>dit.</span> <span class='ocrx_word' id='word_1_222' title='bbox 352 2253 414 2299; x_wconf 91' lang='lat' dir='ltr'>In</span> <span class='ocrx_word' id='word_1_223' title='bbox 445 2253 677 2316; x_wconf 79' lang='lat' dir='ltr'>exemplo</span> <span class='ocrx_word' id='word_1_224' title='bbox 705 2254 839 2300; x_wconf 89' lang='lat' dir='ltr'>enim</span> <span class='ocrx_word' id='word_1_225' title='bbox 867 2259 1134 2315; x_wconf 86' lang='lat' dir='ltr'>postremo,</span> <span class='ocrx_word' id='word_1_226' title='bbox 1168 2250 1304 2316; x_wconf 86' lang='lat' dir='ltr'>quod</span> <span class='ocrx_word' id='word_1_227' title='bbox 1334 2252 1378 2308; x_wconf 90' lang='lat'>1,</span> <span class='ocrx_word' id='word_1_228' title='bbox 1411 2252 1454 2308; x_wconf 89' lang='lat'>1,</span> <span class='ocrx_word' id='word_1_229' title='bbox 1485 2250 1601 2296; x_wconf 82' lang='lat' dir='ltr'>Ext.</span> <span class='ocrx_word' id='word_1_230' title='bbox 1629 2250 1661 2294; x_wconf 86' lang='lat'>4</span> <span class='ocrx_word' id='word_1_231' title='bbox 1689 2255 1811 2296; x_wconf 89' lang='lat' dir='ltr'>ante</span> 
     </span>
     <span class='ocr_line' id='line_1_31' title="bbox 209 2316 1812 2389; baseline -0.002 -21"><span class='ocrx_word' id='word_1_232' title='bbox 209 2339 445 2384; x_wconf 83' lang='lat' dir='ltr'>magnam</span> <span class='ocrx_word' id='word_1_233' title='bbox 490 2323 748 2380; x_wconf 80' lang='lat' dir='ltr'>lacunam,</span> <span class='ocrx_word' id='word_1_234' title='bbox 800 2339 949 2386; x_wconf 88' lang='lat' dir='ltr'>quam</span> <span class='ocrx_word' id='word_1_235' title='bbox 991 2337 1165 2369; x_wconf 86' lang='lat' dir='ltr'>omnes</span> <span class='ocrx_word' id='word_1_236' title='bbox 1207 2319 1403 2368; x_wconf 86' lang='lat' dir='ltr'>Valerii</span> <span class='ocrx_word' id='word_1_237' title='bbox 1447 2318 1563 2366; x_wconf 90' lang='lat' dir='ltr'>libri</span> <span class='ocrx_word' id='word_1_238' title='bbox 1604 2316 1812 2389; x_wconf 79' lang='lat' dir='ltr'>habent,</span> 
     </span>
     <span class='ocr_line' id='line_1_32' title="bbox 209 2390 1818 2454; baseline -0.003 -15"><span class='ocrx_word' id='word_1_239' title='bbox 209 2393 411 2454; x_wconf 85' lang='lat' dir='ltr'>legitur,</span> <span class='ocrx_word' id='word_1_240' title='bbox 439 2393 510 2439; x_wconf 88' lang='lat' dir='ltr'>sic</span> <span class='ocrx_word' id='word_1_241' title='bbox 537 2393 644 2440; x_wconf 88' lang='lat' dir='ltr'>fere</span> <span class='ocrx_word' id='word_1_242' title='bbox 671 2393 926 2454; x_wconf 81' lang='lat' dir='ltr'>uulgatur:</span> <span class='ocrx_word' id='word_1_243' title='bbox 971 2393 1186 2451; x_wconf 71' lang='lat' dir='ltr'>Excepta</span> <span class='ocrx_word' id='word_1_244' title='bbox 1212 2404 1409 2449; x_wconf 78' lang='lat' dir='ltr'>namque</span> <span class='ocrx_word' id='word_1_245' title='bbox 1433 2392 1480 2434; x_wconf 86' lang='lat' dir='ltr'>in</span> <span class='ocrx_word' id='word_1_246' title='bbox 1501 2390 1626 2449; x_wconf 81' lang='lat' dir='ltr'>frelo</span> <span class='ocrx_word' id='word_1_247' title='bbox 1651 2404 1680 2433; x_wconf 85' lang='lat' dir='ltr'>a</span> <span class='ocrx_word' id='word_1_248' title='bbox 1707 2391 1818 2434; x_wconf 77' lang='lat' dir='ltr'>eiai-</span> 
     </span>
     <span class='ocr_line' id='line_1_33' title="bbox 211 2462 1817 2522; baseline -0.003 -15"><span class='ocrx_word' id='word_1_249' title='bbox 211 2465 291 2509; x_wconf 82' lang='lat' dir='ltr'>bas</span> <span class='ocrx_word' id='word_1_250' title='bbox 311 2465 408 2508; x_wconf 77' lang='lat' dir='ltr'>sais</span> <span class='ocrx_word' id='word_1_251' title='bbox 419 2466 674 2522; x_wconf 73' lang='lat' dir='ltr'>piraticam</span> <span class='ocrx_word' id='word_1_252' title='bbox 697 2464 1014 2508; x_wconf 74' lang='lat' dir='ltr'>exercentibus</span> <span class='ocrx_word' id='word_1_253' title='bbox 1033 2464 1189 2522; x_wconf 70' lang='lat' dir='ltr'>mayni</span> <span class='ocrx_word' id='word_1_254' title='bbox 1197 2462 1422 2521; x_wconf 82' lang='lat' dir='ltr'>ponderis</span> <span class='ocrx_word' id='word_1_255' title='bbox 1441 2473 1587 2504; x_wconf 83' lang='lat' dir='ltr'>aurea</span> <span class='ocrx_word' id='word_1_256' title='bbox 1608 2463 1817 2514; x_wconf 81' lang='lat' dir='ltr'>cratera,</span> 
     </span>
     <span class='ocr_line' id='line_1_34' title="bbox 210 2530 1815 2592; baseline -0.004 -14"><span class='ocrx_word' id='word_1_257' title='bbox 210 2548 348 2592; x_wconf 78' lang='lat' dir='ltr'>quam</span> <span class='ocrx_word' id='word_1_258' title='bbox 375 2534 577 2579; x_wconf 83' lang='lat' dir='ltr'>Romani</span> <span class='ocrx_word' id='word_1_259' title='bbox 598 2534 767 2592; x_wconf 68' lang='lat' dir='ltr'>Pythio</span> <span class='ocrx_word' id='word_1_260' title='bbox 792 2535 993 2591; x_wconf 78' lang='lat' dir='ltr'>Apollini</span> <span class='ocrx_word' id='word_1_261' title='bbox 1017 2534 1296 2578; x_wconf 82' lang='lat' dir='ltr'>deeimarum</span> <span class='ocrx_word' id='word_1_262' title='bbox 1323 2532 1503 2577; x_wconf 84' lang='lat' dir='ltr'>nomine</span> <span class='ocrx_word' id='word_1_263' title='bbox 1529 2530 1815 2583; x_wconf 67' lang='lat' dir='ltr'>diffluerent,</span> 
     </span>
     <span class='ocr_line' id='line_1_35' title="bbox 212 2597 1817 2663; baseline -0.001 -17"><span class='ocrx_word' id='word_1_264' title='bbox 212 2606 397 2648; x_wconf 78' lang='lat' dir='ltr'>incitato</span> <span class='ocrx_word' id='word_1_265' title='bbox 425 2605 487 2648; x_wconf 82' lang='lat' dir='ltr'>acl</span> <span class='ocrx_word' id='word_1_266' title='bbox 525 2617 624 2648; x_wconf 91' lang='lat' dir='ltr'>eam</span> <span class='ocrx_word' id='word_1_267' title='bbox 660 2605 958 2662; x_wconf 77' lang='lat' dir='ltr'>partiendam</span> <span class='ocrx_word' id='word_1_268' title='bbox 989 2605 1187 2663; x_wconf 77' lang='lat' dir='ltr'>populo,</span> <span class='ocrx_word' id='word_1_269' title='bbox 1233 2607 1282 2647; x_wconf 82' lang='lat' dir='ltr'>al</span> <span class='ocrx_word' id='word_1_270' title='bbox 1317 2601 1539 2659; x_wconf 77' lang='lat' dir='ltr'>comperit</span> <span class='ocrx_word' id='word_1_271' title='bbox 1577 2597 1817 2662; x_wconf 87' lang='lat' dir='ltr'>(Timasi-</span> 
     </span>
     <span class='ocr_line' id='line_1_36' title="bbox 212 2669 1815 2736; baseline -0.004 -18"><span class='ocrx_word' id='word_1_272' title='bbox 212 2672 359 2718; x_wconf 85' lang='lat' dir='ltr'>theus</span> <span class='ocrx_word' id='word_1_273' title='bbox 387 2672 798 2734; x_wconf 86' lang='lat' dir='ltr'>Liparitanorum</span> <span class='ocrx_word' id='word_1_274' title='bbox 824 2669 1106 2736; x_wconf 82' lang='lat' dir='ltr'>princeps),</span> <span class='ocrx_word' id='word_1_275' title='bbox 1137 2686 1236 2717; x_wconf 82' lang='lat' dir='ltr'>eam</span> <span class='ocrx_word' id='word_1_276' title='bbox 1255 2671 1460 2729; x_wconf 78' lang='lat' dir='ltr'>Delphos</span> <span class='ocrx_word' id='word_1_277' title='bbox 1477 2669 1815 2729; x_wconf 81' lang='lat' dir='ltr'>perferendam</span> 
     </span>
     <span class='ocr_line' id='line_1_37' title="bbox 147 2737 1815 2803; baseline 0 -20"><span class='ocrx_word' id='word_1_278' title='bbox 147 2778 154 2783; x_wconf 72' lang='grc'>,</span> <span class='ocrx_word' id='word_1_279' title='bbox 213 2745 412 2787; x_wconf 77' lang='lat' dir='ltr'>curauit.</span> <span class='ocrx_word' id='word_1_280' title='bbox 464 2742 708 2788; x_wconf 86' lang='lat' dir='ltr'>Extrema</span> <span class='ocrx_word' id='word_1_281' title='bbox 735 2743 996 2789; x_wconf 86' lang='lat' dir='ltr'>sententia</span> <span class='ocrx_word' id='word_1_282' title='bbox 1021 2743 1075 2789; x_wconf 91' lang='lat' dir='ltr'>in</span> <span class='ocrx_word' id='word_1_283' title='bbox 1099 2738 1371 2798; x_wconf 88' lang='lat' dir='ltr'>codicibus,</span> <span class='ocrx_word' id='word_1_284' title='bbox 1404 2737 1584 2803; x_wconf 86' lang='lat' dir='ltr'>quibus</span> <span class='ocrx_word' id='word_1_285' title='bbox 1602 2737 1815 2800; x_wconf 83' lang='lat' dir='ltr'>Pighius</span> 
     </span>
     <span class='ocr_line' id='line_1_38' title="bbox 213 2809 1819 2874; baseline -0.004 -17"><span class='ocrx_word' id='word_1_286' title='bbox 213 2828 330 2858; x_wconf 87' lang='lat' dir='ltr'>usus</span> <span class='ocrx_word' id='word_1_287' title='bbox 360 2818 449 2870; x_wconf 88' lang='lat' dir='ltr'>est,</span> <span class='ocrx_word' id='word_1_288' title='bbox 479 2811 633 2858; x_wconf 89' lang='lat' dir='ltr'>multo</span> <span class='ocrx_word' id='word_1_289' title='bbox 662 2811 865 2874; x_wconf 85' lang='lat' dir='ltr'>plenior</span> <span class='ocrx_word' id='word_1_290' title='bbox 891 2813 962 2858; x_wconf 89' lang='lat' dir='ltr'>sic</span> <span class='ocrx_word' id='word_1_291' title='bbox 991 2817 1181 2858; x_wconf 85' lang='lat' dir='ltr'>exstat:</span> <span class='ocrx_word' id='word_1_292' title='bbox 1218 2815 1270 2855; x_wconf 86' lang='lat' dir='ltr'>ut</span> <span class='ocrx_word' id='word_1_293' title='bbox 1296 2811 1515 2868; x_wconf 79' lang='lat' dir='ltr'>comperit</span> <span class='ocrx_word' id='word_1_294' title='bbox 1539 2824 1566 2853; x_wconf 87' lang='lat' dir='ltr'>a</span> <span class='ocrx_word' id='word_1_295' title='bbox 1594 2809 1819 2854; x_wconf 81' lang='lat' dir='ltr'>Romanis</span> 
     </span>
     <span class='ocr_line' id='line_1_39' title="bbox 212 2878 1816 2946; baseline -0.003 -18"><span class='ocrx_word' id='word_1_296' title='bbox 212 2883 380 2941; x_wconf 68' lang='lat' dir='ltr'>Pythio</span> <span class='ocrx_word' id='word_1_297' title='bbox 405 2878 606 2941; x_wconf 72' lang='lat' dir='ltr'>Apollini</span> <span class='ocrx_word' id='word_1_298' title='bbox 629 2884 907 2927; x_wconf 74' lang='lat' dir='ltr'>deeimarum</span> <span class='ocrx_word' id='word_1_299' title='bbox 933 2885 1112 2927; x_wconf 86' lang='lat' dir='ltr'>nomine</span> <span class='ocrx_word' id='word_1_300' title='bbox 1141 2882 1362 2946; x_wconf 75' lang='lat' dir='ltr'>dicatam,</span> <span class='ocrx_word' id='word_1_301' title='bbox 1403 2879 1612 2924; x_wconf 77' lang='lat' dir='ltr'>manibus</span> <span class='ocrx_word' id='word_1_302' title='bbox 1638 2891 1816 2923; x_wconf 78' lang='lat' dir='ltr'>uenan-</span> 
     </span>
    </p>
   </div>
  </div>
 </body>
</html>
