1924 3152
643 0 666 13 π
680 0 725 14 7¹⁴*
748 0 754 2 ·
826 0 846 15 κ’

671 157 789 204 CAP.
817 157 876 209 11,
914 157 1009 202 Ext.
1040 157 1069 216 g
1097 157 1239 202 5—9.
1666 148 1767 202 131

137 267 410 323 trimentis
448 267 591 338 ignis
629 265 903 331 incendit,
956 265 1320 335 protinusque
1365 263 1618 317 strictum
1655 262 1769 333 gla—

138 339 292 392 dium
313 340 372 391 in
390 339 572 392 medio
593 337 775 408 posuit
795 355 859 389 ac
879 335 1040 389 binos
1061 336 1207 387 inter
1228 353 1284 387 se
1306 334 1569 387 dimicare
1586 333 1768 402 iussit,

136 421 198 465 ut
234 411 414 464 uictus
450 409 628 462 incisa
662 408 875 460 ceruice
912 406 1234 459 ardentibus
1263 407 1421 459 tectis
1460 405 1769 476 superiace-

135 490 304 536 retur.
370 480 464 552 qui
513 497 637 532 cum
686 486 796 531 tam
846 477 978 531 forti
1028 476 1150 546 lege
1199 477 1392 530 mortis
1446 477 1621 530 omnis
1674 475 1768 529 ab·

138 571 259 606 sum
301 551 490 618 sisset,
530 549 602 603 ad
627 547 882 602 ultimum
910 567 966 601 se
993 548 1112 619 ipse
1139 546 1373 600 flammis
1401 547 1686 601 immersit.
1792 572 1812 602 5

243 571 296 676 ἐξ
331 621 542 674 Verum
575 628 639 674 ut
676 638 849 692 aeque
882 618 1088 690 populo
1117 619 1365 672 Romano
1399 618 1655 671 inimicae
1680 637 1770 671 ur-

134 694 222 748 bis
262 692 538 746 excidium
573 691 837 759 referam,
876 690 1225 760 Karthagine
1261 697 1425 761 capta
1458 708 1601 742 uxor
1626 690 1769 742 Has—

137 763 386 818 drubalis
425 763 761 836 exprobrata
805 762 855 815 ei
895 762 1206 833 impietate,
1259 760 1405 833 quod
1442 779 1475 813 a
1513 760 1769 832 Scipione

138 835 239 888 soli
276 835 382 888 sibi
416 835 714 906 impetrare
759 833 934 886 uitam
969 839 1253 886 contentus
1292 831 1518 898 fuisset,
1572 831 1772 885 dextra

135 905 402 978 laeuaque
422 923 737 958 communes
759 903 902 958 filios
929 911 1165 958 mortem
1190 923 1301 958 non
1326 904 1628 956 recusantis
1658 912 1766 957 tra-
1791 925 1834 957 10

134 977 298 1044 henS,
338 976 591 1030 incendio
620 994 677 1028 se
703 974 1235 1046 flagrantispatriae
1265 974 1484 1028 obiecit.

244 1047 295 1100 9.
356 1046 606 1099 Mulieris
657 1045 999 1100 fortitudinis
1051 1045 1303 1117 exemplo
1349 1065 1522 1117 aeque
1569 1044 1770 1115 fortem

138 1119 369 1171 duarum
414 1117 721 1188 puellarum
765 1135 956 1170 casum
1000 1116 1284 1170 adiciams
1331 1116 1469 1169 Cum
1502 1115 1771 1187 pestifera

138 1188 408 1242 seditione
435 1189 836 1260 Syracusarum
872 1195 991 1241 tota
1017 1189 1161 1257 regis
1192 1187 1422 1241 Gelonis
1452 1189 1619 1258 stirps
1657 1187 1768 1240 eui—

137 1258 474 1313 dentissimis
538 1258 811 1312 exhausta
871 1256 1120 1312 cladibus
1186 1258 1257 1311 ad
1317 1259 1539 1311 unicam
1597 1257 1770 1311 filiam
1793 1280 1834 1312 15

132 1330 495 1384 Harmoniam
519 1330 795 1400 uirginem
830 1337 977 1383 esset
1001 1329 1230 1382 redacta
1269 1338 1324 1382 et
1357 1330 1413 1381 in
1449 1348 1571 1382 eam
1598 1338 1770 1384 certa-

135 1401 233 1454 tim
259 1401 330 1455 ab
356 1400 592 1453 inimicis
619 1401 856 1473 impetus
888 1400 1045 1453 fieret
1058 1441 1072 1468 ,
1110 1400 1301 1453 nutrix
1328 1401 1444 1453 eius
1483 1400 1771 1472 aequalem

135 1471 215 1524 illi
260 1470 502 1543 puellam
543 1472 696 1543 regio
747 1471 898 1526 cultu
940 1479 1189 1525 ornatam
1224 1470 1519 1525 hostilibus
1566 1471 1768 1542 gladiis

136 1542 394 1610 subiecit,
446 1561 586 1614 quae
631 1562 700 1596 ne
750 1561 874 1595 cum
917 1543 1064 1595 ferro
1110 1543 1333 1614 quidem
1379 1541 1768 1610 trucidaretur,
1848 1573 1854 1577 „

137 1615 290 1666 cuius
329 1623 475 1667 esset
501 1614 841 1668 condicionis
875 1613 1257 1685 proclamauit.
1310 1613 1585 1667 admirata
1617 1612 1768 1666 illius
1792 1635 1835 1667 20

137 1684 377 1736 animum
411 1684 716 1739 Harmonia
769 1683 864 1756 [et]
914 1692 1102 1738 tantae
1148 1684 1279 1737 fidei
1326 1703 1615 1756 superesse
1659 1703 1772 1746 non

139 1820 184 1862 in
225 1816 375 1862 medio
401 1819 559 1878 posuit
594 1832 646 1863 ac
670 1817 806 1863 binos
833 1816 1044 1864 dimicare
1071 1817 1230 1867 iussit,
1276 1824 1328 1862 ut
1354 1819 1506 1864 uictus
1534 1817 1764 1863 occidere·
1792 1830 1882 1866 Par.

139 1896 230 1934 tur.
282 1887 382 1948 ipse
407 1887 660 1934 nouissime
695 1901 744 1933 se
781 1887 973 1934 flammis
1000 1888 1189 1933 inmisit.
1251 1890 1292 1932 8.
1332 1887 1470 1948 Capta
1497 1887 1769 1947 Carthagine

139 1972 255 2005 uxor
280 1957 602 2022 Hasdrubalis,
638 1959 795 2005 dextra
822 1959 1044 2019 laeuaque
1081 1958 1202 2004 filios
1232 1958 1442 2009 trahens,
1481 1958 1690 2005 incendio
1719 1972 1769 2005 se

140 2028 411 2090 superiecit‚
449 2036 661 2076 accusato
691 2031 793 2075 uiro
822 2030 946 2091 quod
972 2031 1112 2075 uitam
1141 2045 1163 2076 a
1193 2029 1406 2090 Scipione
1443 2037 1602 2090 petere
1628 2031 1766 2076 susti·
1788 2045 1831 2079 25
1866 2048 1869 2052 ·

139 2100 254 2146 nuit.
329 2101 372 2144 9.
418 2099 529 2146 Cum
564 2101 782 2162 pestifera
821 2101 1045 2147 seditione
1085 2100 1414 2161 Syracusarum
1451 2107 1548 2147 tota
1586 2100 1766 2147 Gelonis

143 2173 285 2232 stirps
322 2177 593 2233 consumpta
639 2179 762 2218 esset
800 2179 844 2217 et
881 2174 1013 2218 unica
1055 2180 1321 2233 superesset
1356 2173 1625 2224 Harmonia,
1667 2187 1768 2219 cum

143 2241 196 2287 ad
223 2255 320 2287 eam
347 2241 402 2288 ah
439 2243 635 2289 inimicis
663 2244 860 2303 impetus
888 2242 1041 2294 fieret,
1081 2245 1233 2289 nutrix
1271 2244 1567 2290 subornatam
1604 2250 1767 2304 aequa-

139 2311 227 2358 lem
261 2311 458 2374 puellam
503 2313 755 2360 hostilibus
793 2313 958 2374 gladiis
997 2313 1214 2370 subiecit,
1261 2329 1377 2375 quae
1411 2328 1468 2360 ne
1508 2329 1610 2361 cum
1644 2315 1766 2360 ferro

143 2384 325 2442 quidem
350 2383 672 2436 trucidaretur,
701 2384 832 2431 cuius
860 2392 985 2431 esset
1011 2385 1296 2432 condicionis
1322 2386 1637 2446 proclamauit.
1690 2385 1766 2432 ad-
1790 2401 1832 2433 30

252 2522 281 2560 4
310 2519 647 2574 adsumpsisset
664 2515 719 2561 B'
780 2524 807 2563 5
827 2523 1007 2564 inmisit
1027 2523 1070 2563 P
1087 2529 1204 2564 reete
1227 2528 1271 2563 ut
1291 2524 1462 2564 uidetur
1522 2525 1545 2564 7
1575 2522 1767 2575 hasdry-

139 2576 262 2617 balis
289 2569 347 2616 B'
406 2578 434 2618 8
464 2589 492 2617 a
522 2578 731 2631 scipione
753 2578 796 2618 B
824 2581 868 2619 in
889 2581 1017 2621 litura
1079 2580 1130 2618 11
1161 2578 1410 2632 fraglantis
1431 2571 1488 2618 B‘
1515 2575 1536 2632 l]
1566 2579 1769 2620 subiecit

140 2635 235 2675 cod.
257 2632 409 2674 Bamb.
433 2633 595 2682 Medii,
628 2635 882 2686 superiecit
900 2636 959 2684 P,
993 2637 1108 2688 quod
1124 2648 1270 2675 uerum
1289 2637 1461 2676 uidetur
1521 2636 1574 2675 12
1601 2635 1766 2677 mulie-

137 2690 236 2731 bris
257 2691 361 2734 dett.
384 2697 427 2731 et
447 2700 474 2735 ς
535 2691 588 2733 18
614 2690 825 2732 hostibus
847 2684 903 2731 B'
964 2693 1016 2732 19
1047 2704 1149 2731 cum
1174 2692 1218 2732 Γ
1244 2697 1286 2731 et
1305 2692 1468 2744 Kapp:
1501 2705 1578 2733 om.
1609 2691 1652 2731 B
1711 2694 1766 2734 20

142 2746 428 2789 condicionis
457 2747 772 2801 proclamauit
801 2747 845 2787 B
873 2749 916 2788 in
945 2750 1075 2788 litura
1106 2761 1164 2788 ex
1185 2748 1227 2787 P
1252 2750 1394 2800 spatio
1423 2762 1557 2790 uacuo
1586 2750 1764 2790 relicto:

143 2803 429 2845 condicionis
471 2804 630 2846 ederet
670 2803 751 2856 (al.
785 2803 1013 2855 ediceret)
1055 2804 1364 2857 proclamauit
1403 2806 1526 2848 codd.
1567 2807 1764 2858 plerique

142 2857 278 2912 (quae
302 2872 403 2900 cum
418 2874 476 2902 ne
499 2874 601 2902 cum
622 2862 655 2901 f.
680 2861 862 2914 quidem
884 2860 1194 2902 trucidaretur
1217 2861 1346 2903 cuius
1371 2875 1411 2906 c.
1436 2865 1562 2903 esset
1582 2861 1763 2903 ederet:

140 2916 448 2970 proclamauit
470 2917 587 2958 adm.
612 2919 642 2958 i.
668 2931 710 2960 a.
732 2918 987 2959 Harmonia
1010 2921 1056 2959 et
1076 2918 1231 2972 Kapp)
1294 2921 1344 2960 21
1371 2923 1417 2961 et
1437 2918 1493 2968 B,
1526 2932 1602 2960 om.
1628 2918 1668 2959 P

253 2975 307 3014 25
329 2987 384 3014 an
405 2975 732 3016 sustinuisset?
901 3001 921 3011 ι
1710 2970 1729 2986 ”

1433 3036 1574 3098 9>lev
