1924 3152
188 145 288 198 186
805 143 807 146 ’
880 149 979 195 LIB.
1017 149 1106 195 1111.

129 280 139 287 ¹
183 267 351 325 retur,
390 259 474 311 ‘di
500 258 782 311 meli01·a!'
809 257 987 327 inquit
1014 256 1278 311 ‘libenter
1305 259 1449 311 enim
1475 260 1799 316 istinetam-

184 348 346 399 quam
374 348 443 380 ex
469 327 652 399 aliqua
677 328 888 381 furiosa
915 328 1134 399 profugi
1162 327 1583 384 dominatione'.

289 428 339 479 3.
391 427 580 497 Aeque
618 426 941 479 abstinentis
979 434 1229 480 senectae
1256 427 1606 483 Xenocraten
1629 431 1798 484 fuisse
1849 444 1851 446 ’

182 497 517 567 accepimus:
560 498 712 550 cuius
748 497 1016 567 opinionis
1044 515 1152 549 non
1177 515 1352 567 parua
1378 498 1513 552 fides
1550 501 1655 553 erit
1678 520 1799 554 nar-

141 588 161 621 5
183 569 353 633 rati0‚
391 586 530 638 quae
567 575 839 638 sequetur.
907 568 974 620 In
1007 566 1296 638 peruigilio
1331 567 1576 639 Phryne,
1614 571 1798 625 nobile

181 637 413 691 Athenis
451 645 719 704 scortum,
757 638 912 690 iuxta
949 656 1071 690 eum
1105 638 1233 691 uino
1262 656 1489 707 grauem
1525 641 1797 708 accubuit,

180 710 410 779 pignore
444 726 565 761 cum
593 709 921 779 quibusdam
956 709 1247 761 iuuenibus
1283 709 1462 779 posito
1499 728 1569 762 an
1594 718 1797 783 tempe-

179 779 415 831 rantiam
442 779 559 832 eius
587 797 928 850 corrumpere
955 790 1160 849 posset.
1211 797 1373 849 quam
1399 797 1498 832 nec
1523 788 1675 834 tactu
1698 801 1795 836 nec

182 868 426 903 sermone
453 858 808 920 aspernatUS,
849 849 1027 919 quoad
1053 848 1305 902 uoluerat
1327 849 1386 900 in
1413 850 1536 902 sinu
1563 869 1660 904 suo
1687 870 1796 904 mo-

118 942 159 973 10
181 930 387 987 ratam,
424 920 691 991 propositi
728 921 950 973 inritam
990 919 1215 972 dimisit.
1285 919 1493 973 factum
1529 921 1797 992 sapientia

178 991 355 1044 inbuti
391 991 559 1043 animi
593 990 903 1055 abstinens,
945 989 1043 1042 sed
1067 989 1444 1043 meretriculae
1477 1009 1690 1063 quoque
1718 993 1796 1046 di-

180 1069 324 1114 ctum
351 1080 614 1133 perquam
640 1061 899 1114 facetum.
952 1059 1328 1114 deridentibus
1358 1062 1503 1113 enim
1530 1081 1588 1115 se
1614 1062 1796 1116 adule-

179 1133 484 1199 scentibuS‚
537 1132 681 1202 quod
726 1139 836 1184 tam
879 1131 1119 1185 formosa
1161 1140 1381 1202 tamque
1426 1130 1643 1201 elegans
1678 1135 1797 1204 poti

179 1202 324 1255 senis
360 1203 602 1254 animum
637 1201 927 1255 inlecebris
954 1201 1209 1272 pellicere
1235 1220 1344 1254 non
1370 1203 1666 1272 potuisset,
1701 1222 1794 1274 pa-

114 1291 155 1326 15
178 1280 430 1343 ctumque
468 1273 732 1325 uictoriae
759 1273 994 1343 pretium
1027 1271 1433 1347 flagitantibus,
1476 1272 1543 1325 de
1578 1272 1795 1326 homine

178 1363 236 1396 se
263 1343 386 1396 cum
413 1343 479 1395 iis
496 1383 510 1410 ,
547 1362 655 1396 non
682 1343 750 1395 de
779 1351 959 1395 statua
984 1343 1182 1413 pignus
1219 1343 1465 1412 posuisse
1492 1344 1790 1414 respondit.

176 1422 429 1484 potestne
453 1414 586 1465 haec
612 1413 938 1466 Xenocratis
967 1412 1302 1466 continentia
1329 1431 1361 1464 a
1387 1431 1656 1484 quoquam
1682 1433 1792 1467 ma-

176 1485 261 1554 gis
289 1502 416 1536 uere
443 1479 739 1554 magisque
754 1484 973 1554 proprie
1001 1483 1362 1536 demonstrari
1389 1502 1548 1554 quam
1576 1485 1646 1538 ab
1672 1485 1793 1555 ipsa

176 1554 521 1607 meretricula
557 1573 821 1624 expressa
847 1555 967 1607 est‘?
1017 1553 1236 1623 Phryne
1262 1553 1666 1623 pulchritudine
1694 1574 1792 1608 sua

111 1645 153 1677 20
176 1624 327 1677 nulla
363 1633 518 1695 parte
544 1625 1041 1678 constantissimam
1075 1625 1193 1676 eius
1231 1624 1622 1678 abstinentiam
1645 1624 1793 1678 labe·

174 1696 331 1748 fecit:
382 1696 549 1766 quid?
589 1714 689 1747 rex
723 1694 1042 1748 Alexander
1078 1694 1285 1748 diuitiis
1323 1702 1545 1766 quatere
1577 1697 1791 1767 potuit?

176 1766 246 1819 ab
273 1764 366 1818 illo
394 1785 607 1837 quoque
636 1775 875 1819 statuam
902 1776 957 1818 et
982 1765 1203 1836 quidem
1229 1783 1401 1836 aeque
1426 1765 1634 1818 frustra
1659 1774 1791 1818 tem·

173 1844 386 1907 ptatam
422 1845 599 1908 puteS.
654 1836 864 1906 legatos
902 1836 974 1889 ad
1010 1854 1132 1888 eum
1168 1853 1290 1887 cum
1327 1835 1535 1907 aliquot
1568 1835 1788 1889 talentis

174 1907 416 1960 miserat.
494 1926 628 1989 quos
664 1908 721 1959 in
765 1906 1102 1971 academiam
1139 1906 1426 1977 perductos
1467 1906 1628 1961 solito
1665 1907 1788 1974 sibi,

110 1996 152 2028 25
175 1977 248 2045 id¹
271 1987 353 2030 est
379 1979 594 2031 modlco
633 1987 901 2049 apparatu
937 1985 990 2030 et
1025 1977 1319 2030 admodum
1344 1976 1589 2047 paruulis
1617 1978 1787 2047 copiis

174 2048 406 2118 excepit.
480 2055 702 2119 postero
743 2048 830 2099 die
865 2047 1330 2115 interrogantibus
1368 2047 1585 2099 cuinam
1620 2046 1788 2099 'adnu-

172 2118 374 2170 merari
400 2119 687 2189 pecuniam
713 2117 894 2184 uellet,
925 2118 1114 2188 <quidi>
1154 2135 1252 2169 uos
1269 2124 1281 2143 '
1311 2117 1488 2186 inquit
1515 2118 1787 2170 ‘hesterna

173 2206 306 2240 cena
341 2207 450 2241 non
485 2188 835 2241 intellexistis
874 2206 939 2240 ea
964 2204 1049 2239 me
1085 2206 1192 2240 non
1228 2186 1540 2255 indigel'eP'
1578 2188 1655 2240 ita
1690 2206 1789 2240 rex

172 2257 484 2329 philosophi
519 2259 819 2312 amicitiam
847 2276 1024 2310 emere
1050 2257 1250 2323 uoluit,
1288 2256 1643 2328 philosophus
1670 2259 1787 2327 regi

109 2346 150 2380 30
174 2347 327 2381 suam
353 2328 589 2383 uendere
614 2328 805 2383 noluit.

60 2500 150 2536 Par.
176 2491 463 2537 continentes
500 2504 601 2537 esse
634 2490 812 2536 debere.
878 2492 918 2535 3.
960 2490 1234 2536 Xenocrates
1270 2491 1314 2535 in
1353 2488 1594 2550 peruigilio
1630 2490 1785 2549 grauis

174 2562 305 2612 uino,
345 2576 445 2607 eum
484 2562 604 2608 iuxta
642 2575 745 2607 eum
781 2561 883 2607 data
922 2574 1059 2621 opera
1088 2567 1289 2607 scortum
1318 2560 1437 2620 quod
1475 2554 1784 2605 eratAthenis

173 2632 562 2691 speciosissimum
589 2632 890 2682 accubuisset,
919 2646 1002 2678 nec
1026 2637 1149 2677 tactu
1175 2644 1259 2677 nec
1284 2630 1499 2676 sermone'
1517 2635 1784 2690 aspernatus

286 2783 311 2821 2
342 2796 397 2822 ex
419 2794 542 2833 aqua
565 2776 619 2822 B'
680 2786 704 2824 5
734 2786 950 2836 sequetur
971 2783 1025 2830 B,
1056 2784 1136 2823 sed
1168 2785 1270 2822 etur
1297 2785 1340 2821 in
1367 2793 1457 2823 ras.
1483 2776 1502 2834 {l
1528 2779 1704 2832 phyrne
1727 2779 1781 2825 B,

170 2839 269 2880 item
289 2853 327 2878 u.
354 2840 407 2878 19
467 2840 490 2879 7
523 2851 582 2878 an
603 2838 670 2879 B:
701 2843 748 2880 ni
769 2840 970 2881 Pithoeus
1029 2840 1054 2879 9
1076 2837 1203 2879 mora
1219 2837 1275 2888 B,
1308 2836 1476 2877 morari
1497 2835 1520 2876 b
1582 2837 1633 2876 13
1664 2834 1786 2887 quod

170 2898 267 2935 tam
290 2895 352 2936 Γ.·
385 2891 476 2947 ῑεῑᾳ.
505 2895 561 2943 Β,
596 2895 703 2946 quia
725 2899 818 2935 tam
840 2906 867 2940 ς
895 2893 913 2949 Η
941 2896 1186 2936 formosam
1207 2893 1249 2934 B
1310 2894 1363 2933 14
1392 2891 1592 2946 pelicere
1615 2884 1670 2931 B'
1732 2893 1783 2932 1ss

172 2951 244 2992 his
266 2951 308 2992 B
369 2953 420 2993 17
442 2954 632 3005 potesne
654 2951 713 2991 B·
755 2953 809 2991 22
831 2955 1035 2993 statuam
1058 2950 1268 3004 equidem
1290 2949 1331 2989 B
