1936 3120
471 5 531 21 νι-
552 6 558 10 ·
577 0 796 30 ῗῐῑπατῡψπ
827 0 835 2 f
878 6 941 12 —
966 10 974 13 -
997 6 1001 7 ν
1042 4 1045 8 ⁴
1071 0 1142 17 πω
1255 6 1258 7 ⁷

608 114 743 169 ΔΟΑΡ.
771 115 802 166 1,
828 113 995 160 Absol.⁴
1015 113 1044 172 g
1074 91 1269 186 105—13'.
1649 109 1752 160 377

74 255 89 263 κ
132 218 388 277 fortunae
413 239 524 275 reo.
602 219 850 273 Calidius
877 220 1244 274 Bononiensis
1280 220 1336 271 in
1365 219 1617 273 cubiculo
1645 238 1755 272 ma-

132 292 225 345 riti
259 300 428 346 noctu
465 290 836 362 deprehensus
848 330 862 357 ,
900 309 1022 343 cum
1059 291 1129 343 ob
1164 290 1220 342 id
1249 309 1472 343 causam
1500 290 1756 343 adulterii

105 410 114 429 ,
140 363 382 428 diceret,
401 362 545 414 inter
571 361 843 414 maximos
870 370 924 413 et
950 361 1313 429 grauissimos
1341 361 1602 413 infamiae
1628 360 1756 413 fluc-

137 443 226 487 tus
254 432 494 498 emersit,
523 441 636 485 tam
676 450 805 483 uam
826 431 1198 500 fragmentum
1218 431 1493 501 naufragii
1520 430 1640 484 leue
1667 432 1758 483 ad-

136 505 357 556 modum
379 521 550 571 genus
573 451 908 554 deilensionis
931 500 1240 571 amplexus:
1272 502 1586 554 adfirmauit
1613 505 1755 554 enim
1778 515 1799 548 5

139 591 197 626 se
242 573 311 626 ob
354 591 595 626 amorem
639 573 796 642 pueri
834 572 979 624 serui
1016 591 1077 625 eo
1116 591 1235 624 esse
1272 573 1609 642 perductum.
1671 591 1756 624 su-

137 651 356 715 spectus
383 653 501 696 erat
525 642 676 695 locus
693 683 706 708 ,
747 652 1062 712 suspectum
1088 653 1328 712 temPUS,
1368 651 1623 713 suspecta
1647 662 1758 695 ma-

138 714 238 767 tris
278 712 520 766 familiae
565 732 824 783 persona,
873 722 1130 783 suspecta
1174 715 1337 765 etiam
1382 713 1760 766 adulescentia

140 785 312 907 {pgius
329 824 343 850 ,
372 783 470 835 sed
495 784 699 836 crimen
727 783 974 836 libidims
1005 783 1277 838 confessio
1306 784 1760 854 intemperantiae

162 857 180 906 i
224 856 418 907 erauit.
1779 869 1824 900 ιο

253 953 334 1004 13.
394 951 741 1004 Remissioris
787 951 914 1017 hoc,
968 950 1104 1003 illud
1157 951 1435 1022 aliquanto
1488 951 1758 1021 grauioris

142 1025 404 1075 materiae
439 1023 767 1092 exemplum.
831 1041 951 1074 cum
989 1023 1266 1091 parricidii
1304 1041 1526 1074 causam
1561 1024 1760 1074 fratres

145 1093 316 1146 Caelii
344 1093 615 1158 dicerent,
647 1092 935 1161 splendido
966 1093 1298 1145 Tarracinae
1325 1093 1440 1144 loco
1468 1095 1602 1159 nati,
1632 1112 1760 1163 quo-

101 1190 104 1193 *
143 1183 262 1216 rum
287 1174 446 1233 pater
471 1163 533 1214 T.
564 1163 779 1214 Caelius
808 1163 864 1213 in
899 1163 1151 1216 cubiculo
1190 1164 1503 1234 quiescens,
1541 1164 1669 1215 filiis
1705 1165 1762 1214 in

36 1283 42 1292 ,
74 1251 78 1254 ’
143 1234 311 1287 altero
339 1232 669 1285 cubantibus
697 1233 864 1295 lecto,
903 1242 1020 1284 erat
1047 1235 1430 1304 interemptus,
1467 1253 1641 1304 neque
1668 1241 1764 1286 aut
1786 1247 1832 1279 15

145 1311 336 1356 seruus
365 1304 653 1374 quisquam
692 1313 785 1356 aut
821 1303 960 1356 liber
985 1304 1352 1369 inueniretur,
1393 1305 1463 1356 ad
1491 1323 1650 1374 quem
1677 1323 1762 1355 su·

144 1375 315 1446 spicio
361 1373 544 1426 caedis
590 1375 917 1444 pertineret,
967 1373 1068 1426 hoc
1107 1393 1216 1426 uno
1262 1376 1480 1426 nomine
1525 1374 1765 1427 absoluti

147 1455 300 1511 sunt,
343 1445 471 1515 quia
506 1445 782 1497 iudicibus
821 1443 1043 1511 planum
1078 1445 1287 1496 factum
1314 1455 1398 1499 est
1423 1445 1545 1498 illos
1575 1453 1764 1515 aperto

144 1516 283 1569 ostio
310 1515 557 1566 inuentos
588 1533 708 1566 esse
736 1514 1085 1567 dormientes.
1152 1534 1374 1568 somnus
1402 1515 1658 1568 innoxiae
1686 1534 1764 1568 se-

147 1585 396 1637 curitatis
425 1585 761 1636 certissimus
800 1585 968 1637 index
1004 1586 1219 1636 miseris
1249 1605 1406 1655 opem
1434 1585 1583 1637 tulit:
1626 1586 1764 1637 iudi-
1789 1602 1834 1633 20

148 1663 330 1708 catum
369 1664 452 1707 est
488 1656 630 1705 enim
668 1674 847 1706 rerum
885 1666 1137 1707 naturam
1175 1675 1284 1708 non
1320 1659 1562 1725 recipere
1588 1665 1651 1707 ut
1679 1675 1764 1708 oc-

148 1727 258 1777 ciso
285 1735 440 1795 patre
468 1744 635 1794 supra
661 1724 890 1776 uulnera
917 1735 969 1776 et
995 1744 1244 1776 cruorem
1273 1726 1386 1777 eius
1417 1727 1651 1796 quietem
1680 1744 1766 1776 ca-

148 1814 276 1866 pere
305 1795 601 1867 potuerint.

256 1899 440 1946 Damn.
486 1897 530 1944 1.
579 1893 965 1944 Percurremus
1005 1912 1146 1945 nunc
1175 1912 1295 1959 eos,
1332 1894 1529 1963 quibus
1557 1893 1614 1943 in
1642 1911 1766 1944 cau-

151 1984 244 2017 sae
270 1964 509 2018 dictione
535 1964 711 2032 magis
740 1982 879 2033 quae
909 1974 1066 2016 extra
1091 1964 1464 2034 quaestionem
1491 1971 1646 2016 erant
1672 1982 1766 2016 no·
1791 1973 1832 2005 25

150 2127 272 2172 cium
300 2131 499 2174 secutus,
539 2124 618 2169 sed
645 2126 899 2169 accusantis
938 2126 1269 2170 auctoritatem.
1347 2128 1412 2169 1‘2.
1454 2123 1648 2169 Calidius
1684 2125 1767 2169 Bo·
1792 2132 1883 2166 Par.

154 2197 391 2242 noniensis
418 2197 462 2239 in
490 2195 698 2240 eubiculo
729 2196 876 2239 mariti
906 2203 1041 2240 noctu
1069 2196 1336 2255 deprensus,
1365 2209 1465 2240 cuin
1495 2195 1552 2240 oh
1575 2195 1618 2239 id
1645 2194 1768 2239 adul-

154 2268 255 2311 terii
291 2267 463 2311 diceret
497 2280 702 2316 causam,
743 2265 997 2310 adfirmauit
1033 2280 1081 2310 se
1110 2265 1167 2310 oh
1195 2280 1394 2311 amorem
1430 2267 1561 2325 pueri
1589 2266 1686 2310 eius
1714 2279 1767 2309 eo

153 2350 255 2381 esse
283 2336 567 2396 perductum.
619 2336 847 2380 consessio
876 2337 1084 2394 quamuis
1115 2335 1221 2380 salsa
1250 2336 1423 2395 profuit
1451 2337 1627 2380 iuueni:
1666 2349 1768 2379 nam

154 2405 392 2450 absolutus
419 2412 503 2450 est.
567 2408 630 2449 13.
672 2406 780 2449 Cum
809 2405 1038 2464 parricidii
1066 2420 1244 2450 causam
1274 2406 1362 2450 duo
1391 2406 1524 2450 Caelii
1549 2406 1767 2455 dicerent,
1793 2416 1835 2447 30

155 2475 392 2535 splendido
421 2475 689 2519 Tarracinae
726 2475 828 2519 loco
866 2477 984 2525 nati,
1026 2476 1148 2534 quod
1185 2483 1314 2535 pater
1340 2489 1498 2520 eorum
1524 2475 1699 2519 Caelius
1725 2476 1770 2519 in

156 2545 367 2591 cubiculo
397 2545 652 2604 quiesccnS‚
681 2544 785 2589 filiis
814 2546 857 2588 in
884 2546 1026 2589 altero
1053 2545 1326 2590 cubantibus
1353 2544 1500 2594 lecto,
1530 2552 1626 2589 erat
1653 2546 1770 2589 occi-

157 2631 259 2666 sus,
300 2623 543 2676 postquam
580 2617 816 2675 cognitum
852 2622 922 2659 est
958 2615 1061 2659 illos
1090 2622 1248 2674 aperto
1279 2617 1398 2660 ostio
1427 2617 1641 2659 inuentos
1669 2629 1770 2659 esse

156 2687 450 2735 dormientes,
482 2685 678 2731 absoluti
708 2693 829 2730 suut.

276 2855 297 2891 l
343 2851 559 2892 callidius
580 2851 621 2890 B
711 2852 761 2889 12
803 2850 972 2889 fratres
1000 2851 1043 2889 in
1064 2849 1106 2889 B
1126 2856 1270 2901 punct.
1295 2856 1336 2889 et
1364 2852 1466 2890 add.
1490 2853 1531 2890 in
1554 2864 1631 2903 my.
1655 2863 1713 2890 ex
1736 2851 1775 2889 P

158 2907 246 2948 duo
308 2910 360 2948 14
385 2909 497 2948 titus
523 2908 697 2948 coelius
724 2906 762 2945 Β
799 2903 817 2958 Η
860 2907 906 2945 in
930 2905 1075 2946 altero
1098 2907 1159 2945 P:
1192 2905 1339 2946 altero
1361 2906 1404 2945 B
1484 2909 1534 2946 19
1557 2907 1707 2962 hostio
1731 2905 1772 2944 B
