1936 3120
724 134 1004 194 11111133-
1019 141 1069 194 x,
1098 143 1166 186 16.
1648 133 1753 189 503

146 267 275 322 patre
299 257 424 306 filius
449 258 585 313 lauit,
622 271 707 303 nec
740 258 787 303 in
814 261 1063 317 conspectu
1099 255 1444 302 simulacrorum
1481 255 1628 315 turpia
1656 267 1930 301 εον-11111111.

146 332 273 394 poris
298 329 598 376 nudabantur.
1743 331 1746 334 ’

252 403 295 446 9.
335 399 553 446 Sollemni
579 399 794 445 conuiuio
821 404 997 443 tantum
1024 398 1207 458 cognati
1235 396 1591 448 conueniebam,
1634 395 1758 457 quod
1782 402 1820 454 1,
1843 401 1868 442 8

147 473 358 520 charistia
383 470 648 517 uocabatur.
699 476 794 515 tum
821 468 907 513 diis
934 467 1116 514 arbitris
1145 473 1190 512 et
1217 467 1568 529 consanguineis
1594 466 1755 513 mediis

100 553 126 587 5
150 545 188 590 si
216 557 304 604 qua
329 547 459 588 erant
485 541 634 602 iurgia
659 538 1023 601 proferebantur,
1053 545 1098 584 et
1124 538 1240 584 dicta
1268 546 1403 600 atque
1425 539 1660 584 aestimata
1681 537 1757 584 de·

148 613 449 676 ponebantur.

255 686 324 729 10.
364 683 503 728 Senes
531 681 639 728 olim
667 681 802 727 etiam
838 680 1011 726 alienos
1048 681 1238 726 iuuenes
1265 694 1348 742 pro
1376 681 1469 725 suis
1509 679 1756 726 habebant:
1780 688 1818 739 1,
1842 687 1869 728 9

149 757 346 801 inuicem
371 753 682 800 adolescentes
722 751 1040 813 grandioribus
1079 753 1208 812 quasi
1234 750 1442 812 patribus
1469 750 1756 796 deserebant:

151 825 313 873 obuios
361 823 759 886 prosequebantur
793 822 847 868 ad
883 824 1050 869 curiam
1086 822 1418 883 manebantque
1458 822 1504 867 in
1542 821 1758 868 obserua-

83 908 128 940 10
152 899 292 948 tione,
318 896 462 942 donec
487 895 771 940 reducerent.
1932 943 1936 949 .

257 970 323 1012 11.
363 965 688 1012 Adolescentes
715 965 768 1011 ad
795 964 1056 1011 conuiuium
1086 965 1234 1025 rogati
1262 963 1540 1024 quaerebant
1567 963 1620 1009 de
1649 977 1755 1010 con·
1785 973 1823 1023 1,
1845 972 1872 1013 9
1929 976 1932 980 “

151 1039 270 1085 uiuis
290 1073 300 1089 ,
338 1051 394 1083 ne
422 1037 540 1083 forte
567 1036 624 1083 ob
651 1037 956 1082 reuerentiam
993 1049 1153 1081 senum
1189 1034 1387 1081 habituri
1415 1035 1542 1080 locos
1570 1048 1660 1080 non
1689 1048 1758 1080 es-

153 1116 270 1156 sent.
330 1108 512 1154 admissi
553 1107 605 1153 ad
648 1121 847 1153 mensam
883 1106 1148 1167 parcissime
1188 1106 1497 1167 loquebantur
1531 1106 1757 1166 primique

152 1179 414 1241 surgebant

84 1262 130 1296 15
261 1253 326 1296 12.
366 1250 504 1296 Senes
542 1251 585 1294 in
622 1250 848 1295 conuiuiis
886 1249 1106 1294 maiorum
1143 1247 1298 1293 laudes
1335 1247 1608 1294 carminibus
1644 1247 1759 1294 cele·
1785 1257 1824 1304 1,
1847 1257 1902 1298 10

153 1322 305 1368 bratas
335 1320 459 1366 tibiis
487 1319 707 1366 canebant
735 1319 789 1366 ad
815 1319 1139 1365 incendendam
1169 1318 1384 1379 exemplis
1411 1321 1710 1365 iuuentutem.

258 1394 326 1436 13.
366 1391 516 1437 Multis
543 1390 735 1437 saeculis
764 1389 943 1436 durauit
969 1397 1019 1435 ut
1046 1390 1160 1436 dicta
1190 1391 1235 1435 in
1263 1391 1386 1435 curia
1414 1390 1458 1434 in
1480 1390 1646 1450 uulgus
1668 1403 1759 1434 non
1783 1399 1822 1449 2,
1849 1400 1871 1439 1

154 1465 343 1510 exirent.
405 1469 589 1508 senatus
635 1468 784 1507 autem
830 1467 1006 1507 secreto
1043 1461 1304 1507 decreuerat
1339 1460 1506 1506 bellum
1542 1460 1760 1522 punicum

154 1534 355 1580 tertium.
419 1533 506 1578 hoc
539 1532 589 1588 Q.
624 1531 786 1578 Fabius
824 1533 1037 1578 Maximus
1072 1532 1117 1577 P.
1158 1532 1320 1578 Crasso
1359 1533 1621 1592 quaestorio
1659 1532 1759 1576 uiro

84 1616 131 1648 20
154 1604 368 1653 narrauit,
397 1602 455 1648 ob
483 1602 605 1663 quod
631 1603 800 1648 factum
826 1603 1040 1648 Maximus
1067 1618 1091 1648 a
1121 1601 1385 1648 consulibus
1413 1609 1627 1663 tanquam
1655 1615 1761 1663 pro·

155 1675 276 1720 ditor
303 1674 469 1719 secreti
497 1672 766 1733 obiurgatus
794 1680 878 1718 est.

262 1747 331 1790 14.
369 1745 592 1790 Eumenes
638 1758 715 1789 rex
750 1744 881 1788 Asiae
925 1745 1101 1788 senatui
1145 1743 1345 1804 prodidit
1380 1743 1547 1789 Persen
1591 1742 1760 1788 bellum
1778 1754 1818 1804 2,
1849 1755 1872 1793 1

154 1829 327 1878 parare.
405 1814 510 1875 quid
546 1821 642 1859 tum
677 1828 755 1859 rex
787 1812 969 1859 locutus
1006 1815 1087 1863 sit,
1126 1814 1232 1874 quid
1273 1820 1455 1859 senatus
1492 1814 1760 1866 decreuerit,

155 1894 259 1932 ante
283 1885 453 1931 Persen
481 1892 661 1946 captum
689 1886 824 1930 sciuit
850 1898 995 1930 nemo.

86 1968 134 2001 25
264 1959 332 2001 15.
372 1957 495 2002 Inter
543 1954 775 2001 consulem
825 1956 1172 2016 proximumque
1221 1955 1374 2000 nullus
1426 1954 1760 2001 admittebatur.
1785 1967 1825 2017 2,
1848 1968 1877 2007 4

157 2027 354 2088 denique
382 2025 431 2082 Q.
458 2026 621 2072 Fabius
649 2027 862 2072 Maximus
900 2028 973 2072 uir
1008 2026 1193 2071 ultimae
1221 2027 1471 2072 senectutis
1498 2033 1605 2087 post
1632 2028 1763 2087 quin·

158 2104 253 2144 tum
278 2097 562 2144 consulatum
591 2112 720 2143 suum
749 2105 937 2157 rogatus
965 2112 987 2142 a
1014 2096 1131 2147 filio,
1169 2111 1222 2142 an
1260 2098 1390 2143 nixus
1426 2099 1514 2142 iret
1541 2097 1595 2142 ad
1622 2097 1763 2143 collo·

158 2170 313 2230 quium
341 2167 604 2219 Samnitum,
634 2168 782 2214 noluit
807 2181 979 2214 memor
1005 2169 1160 2214 moris.

264 2242 334 2284 16.
371 2239 490 2284 Idem
516 2239 678 2285 Fabius
706 2239 760 2285 ad
785 2240 1019 2285 consulem
1046 2239 1223 2299 legatus
1245 2238 1456 2285 Suessam
1474 2240 1639 2285 missus
1661 2253 1762 2286 cum
1784 2251 1826 2301 2,
1849 2251 1878 2290 4

90 2322 138 2354 30
162 2311 207 2355 in
243 2317 493 2369 conspectu
529 2310 728 2355 consulis
764 2324 848 2355 nec
883 2324 1001 2370 equo
1040 2309 1275 2355 ‹lesiluerit
1310 2323 1394 2355 nec
1428 2318 1563 2370 caput
1598 2310 1763 2371 deope-

156 2379 316 2430 ruerit,
336 2380 506 2426 rectius
527 2380 824 2440 perlictorem
842 2381 1081 2425 mandante
1099 2379 1192 2425 filio
1213 2387 1459 2440 utrumque
1482 2381 1602 2426 fecit.
1643 2382 1766 2441 quod

156 2449 370 2511 probauit
395 2456 537 2510 pater,
567 2450 738 2495 scilicet
763 2457 980 2510 reputans
1007 2449 1184 2495 consuli
1211 2450 1393 2510 publice
1421 2451 1764 2510 obsequendum

158 2521 313 2571 fuisse,
339 2521 553 2580 priuatim
579 2522 718 2580 patri:
747 2519 910 2566 Fabius
933 2520 987 2566 ad
1009 2519 1324 2581 explorandam
1351 2519 1431 2566 filii
1461 2523 1765 2568 constantiam

158 2605 251 2637 non
279 2590 629 2652 obsequebatur.

273 2730 301 2768 4
320 2725 433 2782 tum]
459 2741 559 2768 cum
583 2729 616 2769 G
673 2729 698 2769 8
719 2735 998 2782 exspectares
1018 2728 1214 2769 honores
1236 2727 1509 2769 deferebant
1557 2731 1582 2771 9
1604 2730 1766 2772 oluuos

163 2784 199 2826 G
276 2787 327 2825 12
369 2786 424 2825 ob
448 2786 757 2825 reuerentiam
779 2798 950 2834 senum,
975 2799 1030 2826 ne
1055 2785 1171 2826 forte
1196 2785 1336 2826 Christ
1415 2788 1467 2827 13
1509 2788 1712 2828 ammissi
1735 2788 1768 2828 G

163 2842 215 2882 15
247 2841 536 2882 celebrantes
558 2842 654 2881 Mai
727 2844 782 2883 20
812 2842 1090 2896 proditorum
1115 2842 1148 2882 C
1223 2843 1276 2883 23
1306 2842 1488 2883 locutus
1512 2848 1581 2884 est
1604 2843 1638 2884 C
1711 2845 1766 2885 25

159 2898 509 2938 *immittebatur
533 2898 566 2938 C
638 2900 693 2939 28
715 2899 946 2938 sarmitum
971 2899 1004 2939 C
1088 2900 1141 2938 29
1165 2897 1223 2938 ad
1244 2897 1383 2938 filium
1408 2899 1641 2940 consulem
1669 2901 1766 2941 Val-

158 2955 214 2994 30
234 2956 281 2994 in
303 2968 379 2996 om.
406 2955 439 2995 C
456 2951 475 3008 [l
496 2954 748 2995 dissiluerit
771 2955 803 2996 C
860 2958 913 2996 33
937 2954 1340 3008 exemplorandum
1366 2956 1399 2996 C
