1936 3120
380 82 389 89 ⁸
418 102 537 176 ens.
563 125 691 178 xlm,
719 124 749 183 3
775 128 819 172 4.
843 124 887 172 5.
911 123 1010 170 Ext.
1039 88 1069 183 g
1096 125 1237 168 1-3.
1263 122 1351 175 xv,
1379 122 1409 182 3
1437 127 1473 169 1.
1639 117 1759 170 1481

149 243 253 304 set,
279 253 403 288 cum
427 241 585 306 pater
610 251 739 286 suus
765 231 824 283 in
850 249 969 284 eam
981 230 1331 302 *prouinciam
1355 249 1652 302 numquam
1671 248 1759 283 ac-

149 306 419 370 cessisset,
461 308 547 357 ‘at
570 307 748 357 meus’
795 302 974 374 inquit
1019 302 1278 356 ‘Romam
1313 302 1587 356 accessit’.
1637 301 1758 356 ioco
1827 354 1830 357 ,

148 395 380 450 namque
418 375 730 428 lacessitam
753 373 943 426 matris
982 391 1112 426 suae
1148 373 1488 444 pudicitiam,
1525 373 1764 426 inuicem

149 448 460 519 suspicione
493 446 550 497 in
587 453 821 497 matrem
860 445 974 496 eius
1019 445 1250 510 reiecta,
1299 444 1560 496 audacius
1599 462 1763 515 quam

151 519 323 589 uirgis
351 525 404 571 et
431 516 712 569 securibus
741 514 988 568 subiecto
1016 515 1378 569 conueniebat
1402 514 1548 568 ultus
1577 522 1678 568 est.
1782 528 1806 563 5

148 660 278 714 XV.
307 664 407 712 DE
427 661 547 711 HIS
573 661 699 719 QVI
721 659 981 710 INFIMO
1007 659 1177 709 LOCO
1203 660 1376 709 NATI
1402 659 1765 710 MENDACIO

254 776 263 780 -
307 733 397 782 SE
420 731 864 782 CLARISSIMIS
894 731 1221 780 FAMILIIS
1242 731 1609 780 INSERERE

720 801 982 851 CONATI
1000 801 1203 852 SVNT.

259 898 710 953 Sed'tolerabilis
746 897 883 950 haec
919 905 973 950 et
1005 898 1100 949 uni
1135 905 1345 949 tantum
1372 898 1533 951 modo
1563 916 1763 968 anceps

149 972 446 1026 temeritas,
500 970 646 1042 quod
681 969 922 1039 sequitur
957 968 1310 1039 inpudentiae
1346 986 1516 1038 genus
1553 987 1653 1021 nec
1687 969 1764 1021 fe-
1788 983 1832 1018 ιο

152 1043 381 1096 rendum
422 1041 531 1093 ullo
575 1040 738 1094 modo
783 1039 1122 1111 periculique
1170 1057 1292 1092 cum
1340 1040 1604 1111 priuatim
1651 1047 1767 1092 tum

154 1115 318 1168 etiam
379 1112 560 1166 ublice
586 1111 695 1164 late
721 1110 977 1182 patentis

263 1186 312 1237 1.
406 1203 494 1235 am
519 1190 579 1235 ut
603 1182 888 1253 Equitium
914 1181 1096 1233 Firmo
1117 1181 1317 1234 Piceno
1345 1190 1651 1234 monstrum
1675 1201 1766 1235 ue-

153 1256 309 1308 niens
324 1295 339 1323 ,
379 1253 611 1319 relatum
645 1253 756 1305 iam
783 1254 842 1304 in
879 1252 1103 1304 huiusce
1130 1251 1258 1306 libri
1286 1254 1564 1323 superiore
1589 1261 1766 1324 parte,

153 1335 519 1398 praeteream,
549 1324 698 1376 cuius
726 1324 783 1375 in
809 1321 1185 1393 amplectendo
1215 1323 1301 1375 Ti.
1331 1323 1584 1377 Graccho
1611 1331 1766 1395 patre
1791 1337 1834 1372 15

154 1397 381 1450 euidens
408 1395 756 1448 mendacium
781 1394 1095 1447 turbulento
1122 1393 1275 1463 uulgi
1303 1413 1503 1462 errore,
1551 1395 1768 1465 amplis*

156 1469 295 1521 sima
319 1467 630 1520 tribunatus
658 1473 930 1536 potestate
958 1464 1223 1517 uallatum
1263 1472 1372 1532 est,
1413 1466 1768 1537 Herophilus,

156 1537 428 1591 ocularius
463 1537 736 1603 medicuS,
775 1536 835 1589 C.
869 1536 1107 1587 Marium
1142 1536 1253 1589 VII
1293 1535 1570 1589 consulem
1607 1556 1771 1590 auum

158 1609 266 1662 sibi
290 1607 619 1662 uindicando
647 1607 725 1659 ita
752 1625 809 1659 se
837 1605 1051 1673 extulit,
1088 1615 1149 1659 ut
1175 1614 1228 1659 et
1254 1606 1498 1660 coloniae
1541 1607 1637 1680 [se]
1681 1627 1770 1661 ue-

157 1688 472 1733 teranorum
492 1676 795 1747 complures
824 1684 875 1728 et
894 1675 1191 1747 municipia
1213 1676 1498 1747 splendida
1519 1678 1770 1748 collegia·
1793 1693 1836 1726 20

160 1770 264 1822 que
302 1749 416 1802 fere
463 1748 644 1802 omnia
687 1757 977 1816 patronum
1021 1748 1365 1817 adoptarent.
1430 1750 1561 1819 quin
1605 1751 1773 1802 etiam

163 1839 295 1873 cum.
313 1820 374 1873 C.
391 1819 611 1882 Caesar,
645 1818 1015 1888 Cn.Pompeio
1045 1817 1393 1870 adulescente
1420 1820 1478 1870 in
1498 1819 1774 1891 Hispania

163 1907 443 1963 oppresSO,
471 1889 728 1960 populum
755 1890 813 1940 in
831 1888 1003 1941 hortis
1025 1889 1137 1941 suis
1159 1889 1491 1955 admisisset,
1519 1892 1771 1960 proximo

160 1961 579 2016 intercolumnio
606 1979 778 2031 paene
797 1961 918 2031 pari
937 1959 1115 2013 studio
1142 1960 1482 2031 frequentiae
1503 1962 1772 2015 salutatus

162 2041 260 2086 est.
313 2033 459 2104 quod.
484 2033 592 2084 nisi
619 2031 839 2084 diuinae
861 2031 1115 2084 Caesaris
1136 2032 1281 2083 uires
1303 2031 1427 2084 huic
1450 2033 1771 2085 erubescen-
1795 2047 1839 2080 25

162 2105 264 2158 dae
289 2101 563 2176 procellae
590 2102 965 2169 obstitissent,
1004 2101 1179 2154 simile
1214 2102 1411 2155 uulnus
1438 2121 1523 2155 res
1551 2103 1775 2174 publica

163 2175 470 2246 excepisset
504 2182 667 2245 atque
703 2174 760 2224 in
794 2173 1015 2243 Equitio
1053 2181 1351 2243 acceperat.
1405 2183 1647 2227 ceterum
1683 2175 1772 2227 de-

164 2253 310 2299 creto
333 2246 448 2297 eius
473 2254 630 2297 extra
650 2243 871 2297 Italiam
888 2245 1163 2313 relegatus
1170 2284 1184 2311 ,
1200 2253 1492 2316 postquam
1511 2244 1602 2298 ille
1622 2245 1771 2299 caelo

163 2324 416 2385 receptus
438 2324 539 2382 est,
556 2315 615 2366 in
632 2315 825 2369 urbem
844 2314 1007 2366 rediit
1029 2322 1082 2366 et
1102 2314 1775 2369 consilium-interficiendi

274 2436 311 2478 1.
352 2433 623 2493 Herophilus
652 2433 879 2478 ocularius
906 2433 1107 2478 medicus
1136 2440 1225 2478 tam
1253 2433 1413 2478 similis
1434 2433 1571 2481 Mario
1594 2435 1695 2486 suit,
1724 2442 1775 2481 ut
1797 2438 1891 2475 Par.

169 2545 295 2583 esset
317 2555 418 2583 cum
439 2545 571 2595 pater
599 2539 721 2594 [suus
743 2563 798 2570 —
820 2540 1124 2595 prouJinciam
1145 2539 1298 2595 nuqua
1326 2544 1606 2585 accessisset
1631 2541 1699 2598 [at
1723 2566 1774 2574 —

0 2620 7 2648 ξ
169 2595 410 2652 acce]ssit.
453 2600 555 2639 ioco
585 2611 782 2649 namque
817 2596 1098 2651 [lacessitam
1123 2620 1167 2627 —
1194 2597 1354 2652 NATI]
1387 2600 1710 2642 MENDACIO
1732 2602 1776 2642 B

0 2651 26 2711 ξ,
167 2658 196 2697 4
235 2660 423 2710 regesta
449 2655 599 2699 Cauch.
623 2662 664 2695 et
689 2655 842 2698 Gembl.
866 2656 1006 2707 Piylzii
1093 2657 1144 2696 13
1186 2657 1440 2707 aequitium
1461 2657 1517 2706 B,
1541 2659 1637 2698 item
1657 2673 1696 2699 u.
1720 2661 1778 2698 27

169 2724 273 2764 aeq.
337 2713 391 2752 14
412 2712 544 2751 huius
568 2710 742 2752 celebri
763 2724 798 2752 s.
820 2716 976 2765 parte*
997 2704 1051 2752 B'
1114 2714 1165 2754 18
1187 2712 1421 2753 ocularius
1437 2714 1498 2753 P:
1531 2716 1776 2768 aequarius

170 2770 291 2822 (equ.
322 2768 364 2821 b)
399 2769 440 2808 B
528 2770 579 2808 19
622 2765 707 2821 [ita
736 2791 789 2796 -—-
821 2767 1048 2820 coloniae]
1082 2781 1131 2809 se
1163 2772 1485 2810 ueteranorum
1517 2768 1701 2824 [compl.
1732 2774 1779 2812 et

0 2862 11 2875 „
170 2823 314 2878 mun.]
337 2824 579 2878 splendida
602 2824 843 2879 collegiaq.
867 2822 981 2878 [fere
997 2847 1054 2854 —-
1069 2823 1328 2878 patro]num
1346 2826 1621 2880 adoptarent
1648 2826 1777 2881 [quin

0 2886 7 2907 ³
169 2902 228 2912 --
249 2880 319 2935 0.]
345 2895 509 2922 caesar
525 2879 566 2925 ὅ,
588 2879 636 2921 fi.
660 2879 887 2934 [pompeio
909 2903 962 2911 —-
985 2880 1291 2936 obstitissent]
1324 2883 1473 2924 simile
1495 2884 1537 2923 B
1633 2887 1685 2926 19
1727 2890 1778 2926 se

0 2909 38 3120 ἱ
73 2938 77 2942 ’
173 2939 255 2979 del.
282 2939 519 2979 Glareanus
578 2939 631 2979 28
653 2937 876 2992 religatus
897 2931 952 2978 B'

257 3021 364 3051 vn„
385 3021 493 3054 qu.
1461 3010 1528 3062 31
