1878 3132
1308 0 1743 26 'ff‘f—'ssw-ssssuww
1766 0 1775 12 2
1787 0 1794 14 2
1810 6 1819 11 ·

1479 22 1482 26 ”
1495 22 1498 23 ⁷
1583 23 1595 35 ’ἱ
1605 26 1611 33 Ψ
1656 31 1662 36 ..
1679 19 1684 25 ”
1695 23 1710 35 '2
1742 22 1745 23 ⁷
1758 18 1763 23 ο
1863 20 1866 26 ’

1487 37 1491 40 ⁴
1560 43 1562 46 -
1807 38 1823 47 Ο

192 137 293 190 108
896 140 995 186 Lm.
1034 141 1085 187 Π.
1592 106 1636 149 χ

188 249 349 304 fortis
377 268 441 302 ac
469 249 710 300 sincerae
745 248 894 301 uitae
921 249 1056 301 adeo
1083 247 1452 302 uenerabilem
1486 250 1698 304 senatui
1722 249 1800 303 fe-

191 322 267 373 cit
301 327 387 386 ut,
424 338 549 372 cum
583 319 757 371 inuito
798 318 858 371 C.
887 319 1123 371 Caesare
1149 317 1373 372 consule
1407 318 1671 374 aduersus
1703 340 1799 392 pu-

188 390 435 443 blicanos
456 388 688 441 dicendo
714 389 771 439 in
792 389 943 442 curia
963 388 1107 441 diem
1127 389 1370 441 traheret
1395 398 1448 443 et
1470 390 1539 443 ob
1563 389 1800 443 id“iussu

190 462 306 513 eius
333 478 366 511 a
391 458 584 513 lictore
609 459 668 510 in
693 476 965 512 carcerem
992 459 1307 526 duceretur,
1333 460 1620 513 uniuersus
1649 479 1800 514 sena-

147 550 168 582 5
189 539 275 583 tus
302 530 457 582 illum
484 530 638 600 sequi
661 547 771 582 non
798 529 1090 597 dubitaret.
1154 547 1291 600 quae
1317 548 1403 582 res
1431 530 1606 583 diuini
1632 531 1802 585 animi

188 601 660 671 perseuerantiam
685 598 856 651 flexit.

295 671 345 724 8.
400 670 614 724 Eodem
653 668 810 722 ludos
845 669 1119 737 FloraleS,
1166 689 1301 740 quos
1335 670 1571 723 Messius
1606 670 1800 724 aedilis

187 742 447 810 faciebat,
477 747 756 812 spectante
782 757 851 810 po
893 740 1014 792 ulus
1041 747 1102 793 ut
1122 741 1320 793 mimae
1345 741 1682 794 nudarentur
1707 758 1799 811 po·
1861 798 1865 800 ,

189 811 392 865 stulare
428 812 660 865 erubuit.
737 829 841 881 quo
926 829 1051 863 cum
1086 828 1156 863 ex
1188 812 1434 863 Fauonio
1470 811 1800 864 amicissimo

125 883 338 961 iosibi⁸
351 901 462 936 una
488 883 738 947 sedente,
767 888 1085 950 cognosset,
1124 880 1376 933 discessit
1401 900 1429 934 e
1454 881 1666 934 theatro
1681 921 1695 948 ,
1732 900 1800 934 ne

186 953 502 1025 praesentia
536 971 634 1005 sua
669 951 964 1021 spectaculi
1000 950 1449 1004 consuetudinem
1492 951 1799 1022 impediret.

188 1043 349 1094 quem
390 1023 683 1076 abeuntem
725 1022 936 1090 ingenti
975 1021 1175 1091 plausu
1208 1021 1440 1092 populus
1481 1031 1801 1094 prosecutus

187 1095 429 1164 priscum
463 1112 667 1147 morem
692 1093 940 1145 iocorum
973 1093 1032 1143 in
1059 1110 1312 1145 scaenam
1335 1094 1641 1160 reuocauit,
1679 1110 1801 1145 con-

187 1165 365 1217 fessus
401 1163 523 1233 plus
562 1182 619 1215 se
645 1163 949 1215 maiestatis
982 1164 1078 1215 uni
1112 1161 1192 1213 illi
1226 1162 1469 1225 tribuere
1494 1181 1658 1233 quam
1681 1163 1804 1216 'sibi

126 1252 166 1284 15
188 1236 445 1288 uniuerso
472 1234 772 1286 uindicare.
835 1233 1033 1303 quibus
1060 1232 1284 1302 opibus,
1311 1233 1510 1303 quibus
1535 1233 1800 1303 imperiiS,

188 1306 386 1375 quibus
422 1304 712 1374 triumphis
748 1302 850 1355 hoc
887 1302 1077 1355 datum
1113 1303 1235 1355 est?
1285 1304 1545 1372 exiguum
1577 1303 1684 1355 uiri
1708 1321 1801 1374 pa-

187 1375 522 1441 trimonium,
550 1373 761 1426 astricti
784 1373 1120 1426 continentia
1142 1391 1339 1439 mores,
1367 1373 1616 1426 modicae
1636 1373 1800 1427 clien-

187 1445 354 1511 telae,
396 1444 588 1497 domus
624 1443 913 1496 ambitioni
948 1443 1161 1509 clausa,
1206 1444 1421 1512 paterni
1443 1444 1659 1513 generis
1685 1450 1823 1496 una'

186 1514 433 1568 inlustris
468 1515 675 1583 imago,
712 1514 935 1565 minime
957 1513 1164 1566 blanda
1187 1513 1369 1581 fronS,
1406 1514 1503 1566 sed
1537 1514 1789 1567 omnibus

125 1602 167 1634 20
187 1585 427 1637 numeris
453 1584 699 1654 perfecta
721 1585 916 1636 uirtus.
955 1602 1094 1654 quae
1114 1583 1336 1653 quidem
1362 1584 1542 1636 effecit
1566 1591 1628 1636 ut
1652 1585 1797 1655 quis-

188 1655 309 1727 quis
338 1663 585 1707 sanctum
605 1662 660 1707 et
685 1655 966 1723 egregium
991 1654 1168 1707 ciuem
1189 1653 1498 1723 significare
1518 1653 1670 1721 uelit,
1699 1655 1800 1708 sub

186 1725 405 1779 nomine
432 1724 657 1778 Catonis
685 1724 928 1777 definiat.
1643 1724 1645 1726 ’

294 1799 414 1848 Ext.
444 1796 492 1847 1.
530 1795 791 1847 Dandum
817 1802 900 1847 est
925 1794 1131 1864 aliquid
1156 1792 1264 1847 loci
1290 1794 1456 1846 etiam
1481 1794 1800 1864 alienigenis

73 1920 165 1954 Par.
190 1913 234 1960 C.
257 1914 446 1960 Caesare
473 1927 565 1959 cos.
593 1913 814 1959 aduersus
835 1912 1101 1973 publicanos
1129 1912 1174 1957 in
1192 1913 1317 1958 curia
1343 1912 1530 1958 dicendo
1556 1926 1658 1958 cum
1684 1913 1800 1958 diem

125 1992 167 2024 25
193 1984 403 2029 traxisset
439 1990 485 2028 et
521 1986 651 2029 iussu
687 1982 891 2029 Caesaris
935 1997 961 2027 a
996 1983 1158 2028 lictore
1194 1985 1239 2027 in
1282 1996 1507 2030 carcerem
1544 1983 1800 2034 duceretur,

189 2054 403 2100 comitem
424 2053 510 2098 sibi
531 2053 750 2112 populum
772 2052 942 2098 habuit.
993 2055 1034 2097 8.
1062 2052 1228 2098 Eodem
1254 2052 1423 2098 Catone
1449 2052 1581 2098 ludos
1599 2052 1800 2098 Florales

189 2129 445 2183 spectante,
499 2137 614 2182 quos
651 2122 842 2167 Messius
879 2121 1039 2167 aedilis
1077 2123 1260 2174 edebat,
1310 2122 1510 2183 populus
1553 2129 1605 2168 ut
1640 2124 1801 2168 mimae

188 2194 471 2238 nudarentur
504 2191 739 2252 postulare
778 2191 984 2237 erubuit:
1039 2192 1160 2251 quod
1194 2206 1296 2238 cum
1331 2208 1355 2238 a
1383 2194 1583 2239 Fauonio
1623 2192 1801 2239 amicis-

191 2265 304 2309 simo
335 2262 445 2314 sihi,
473 2276 563 2308 una
591 2262 795 2312 sedente,
825 2263 1120 2321 cognouisset
1146 2262 1279 2313 Cato,
1318 2263 1528 2308 discessit
1553 2277 1577 2308 e
1606 2263 1798 2308 theatro.

301 2373 327 2413 3
358 2369 488 2412 curia
512 2370 555 2410 B
580 2367 603 2424 ss
632 2370 924 2411 abstraheret
953 2370 1009 2410 ob
1039 2369 1086 2409 id
1114 2370 1157 2410 B
1218 2372 1241 2410 7
1274 2369 1454 2411 eosdem
1477 2369 1519 2410 B
1549 2376 1647 2411 ante
1676 2383 1800 2410 rasu-

187 2441 279 2468 ram
336 2429 362 2469 8
391 2427 560 2468 edebat
580 2428 621 2467 P
643 2423 663 2481 ΙΙ
691 2426 887 2480 populus
911 2449 964 2455 —-
985 2426 1188 2478 priscum
1218 2439 1386 2467 morem
1408 2426 1451 2467 B
1471 2428 1514 2466 in
1534 2439 1623 2467 ras.
1646 2427 1803 2468 litteris

188 2485 407 2525 admodum
436 2485 639 2532 diductis,
670 2488 717 2523 ut
735 2483 917 2535 spatium
937 2484 1058 2535 longe
1086 2484 1218 2524 maius
1238 2485 1511 2535 eoepleretur;
1541 2496 1600 2523 ex
1626 2484 1802 2536 reliquis

188 2542 295 2582 enim
323 2541 449 2582 codd.
481 2540 737 2592 intellegitur
757 2541 800 2579 in
820 2538 862 2578 B
893 2551 1057 2592 quoque
1075 2545 1175 2591 post
1197 2542 1444 2592 cognosset
1463 2539 1684 2580 Martialis
1711 2540 1799 2590 epi-

186 2611 374 2649 9ramma
402 2597 462 2636 ad
492 2596 690 2637 Catonem
718 2593 808 2648 (lib.
831 2595 863 2634 I
879 2593 959 2648 in.)
989 2595 1186 2636 ‘Nosses
1215 2596 1402 2636 iocosae
1432 2594 1565 2636 dulce
1597 2607 1699 2634 cum
1728 2606 1799 2634 sa-

191 2664 315 2692 crum
334 2652 501 2693 Florae
523 2650 619 2695 etc.’
642 2653 935 2704 interpositum
951 2651 1100 2701 fuisse,
1125 2653 1239 2704 quod
1257 2654 1390 2692 lector
1409 2653 1562 2704 aliquis
1581 2650 1800 2705 Martialis

188 2710 351 2748 nomine
372 2709 519 2749 addito
542 2709 750 2761 quondam
780 2709 839 2748 ad
856 2710 1082 2759 marginem
1103 2709 1399 2760 adscripserat
1456 2708 1481 2747 9
1504 2719 1560 2747 ex
1577 2706 1798 2758 plerique:

188 2776 216 2803 a
238 2764 279 2803 P
297 2769 339 2803 et
358 2765 401 2803 in
420 2776 511 2804 ras.
532 2764 574 2803 B
636 2766 687 2805 13
706 2768 990 2805 reuocarunt
1009 2763 1064 2811 B,
1096 2777 1172 2806 em.
1194 2765 1237 2804 in
1259 2764 1356 2804 edd.
1377 2768 1478 2802 uett.
1541 2762 1594 2802 15
1614 2763 1798 2801 uniuer-

188 2831 262 2860 sos
285 2819 308 2859 b
369 2821 421 2860 19
449 2816 682 2873 inlustris]
706 2820 773 2860 inl
794 2820 849 2868 B,
880 2833 970 2862 uox
988 2826 1106 2860 recte
1126 2822 1170 2860 in
1189 2832 1271 2860 uno
1290 2819 1498 2860 Leidensi
1514 2820 1713 2870 suppleta
1733 2823 1798 2858 est

188 2875 393 2929 (generis
413 2874 544 2915 nulla
564 2876 717 2928 imago
738 2875 962 2928 Foertsclz)

300 2932 354 2973 26
374 2927 613 2985 populum]
637 2931 771 2972 immo
793 2935 1004 2972 senatum
1030 2932 1077 2972 V
1087 2933 1132 2972 in
1152 2943 1285 2984 mary.
