1924 3152
187 56 304 132 ‘344
894 83 990 128 Lm.
1033 83 1118 128 vu.

198 201 259 244 ut
285 191 436 261 prius
464 208 626 259 quam
652 189 721 240 ad
751 207 871 241 eam
898 208 1060 260 quam
1095 188 1364 259 diligebat
1390 191 1494 244 iret
1518 192 1734 263 uulgari
1761 202 1820 248 et

198 261 464 332 permissa
488 278 688 311 uenere
714 268 978 314 uteretur.
1040 261 1192 313 cuius
1230 262 1484 332 precibus
1521 263 1812 318 obsecutus

200 331 521 383 adulescens
548 328 784 382 infelicis
813 331 978 382 animi
1004 331 1294 402 impetum,
1324 332 1575 385 satietate
1602 333 1818 388 licentis

202 400 524 454 concubitus
552 400 869 467 resolutum,
898 402 968 454 ad
994 402 1052 453 id
1080 403 1223 473 quod
1252 421 1360 456 non
1386 403 1587 456 licebat
1613 403 1819 458 tardio-

158 489 178 522 5
200 490 315 524 rem
326 471 731 542 pigrioremque
743 470 998 524 adferens
1013 472 1275 542 paulatim
1290 492 1531 526 amorem
1544 474 1817 545 deposuit.

309 546 429 593 Ext.
474 542 520 593 1.
562 541 699 594 Cum
727 541 1068 608 Alexander,
1107 543 1471 597 Macedonum
1507 564 1632 611 rex,
1671 555 1821 598 sorte

200 613 440 675 monitus
469 620 531 665 ut
558 631 698 678 eum,
728 613 820 735 ςὲιὶ
850 613 955 666 sibi
979 622 1139 684 porta
1166 632 1385 682 egresso
1405 615 1611 684 primus
1631 634 1815 668 occur-

200 684 388 748 risset,
427 683 660 734 interfici
687 684 742 734 iu
787 691 926 750 eret,
966 684 1265 736 asinarium
1290 685 1434 737 sorte
1461 685 1566 738 sibi
1593 686 1820 739 obuium

202 754 408 806 factum
445 753 515 804 ad
551 761 777 805 mortem
827 754 1004 824 abripi
1051 755 1401 824 imperasset,
1448 773 1619 826 eoque
1655 775 1816 827 quae·

139 843 180 874 10
201 833 352 877 rente
388 823 651 894 quidnam
689 843 746 876 se
781 824 1137 876 inmerentem
1174 823 1394 894 capitali
1432 825 1700 896 supplicio
1739 826 1821 878 in-

202 902 593 964 nocentemque
621 894 904 961 adficeret,
943 914 1064 947 cum
1101 894 1170 947 ad
1200 894 1572 948 excusandum
1608 896 1822 949 factum

205 984 362 1017 suum
391 964 594 1017 oraculi
621 974 971 1034 praeceptum
999 964 1319 1033 rettulisset,
1349 966 1617 1018 asinarius
1645 966 1710 1018 ‘si
1737 967 1823 1020 ita

203 1044 335 1102 est’,
374 1035 549 1106 inquit
594 1043 751 1102 ‘rex,
792 1035 959 1098 alium
997 1055 1114 1089 sors
1154 1037 1279 1088 huic
1305 1037 1468 1089 morti
1494 1037 1815 1090 destinauit:

202 1125 329 1159 nam
367 1105 599 1172 asellus,
637 1125 798 1177 quem
836 1125 935 1174 ego
973 1115 1096 1159 ante
1134 1126 1217 1159 me
1246 1107 1503 1176 agebam,
1540 1108 1690 1178 prior
1715 1108 1820 1160 tibi

138 1195 180 1227 15
203 1177 439 1230 occurrit
456 1183 490 1228 ⁹.
545 1176 843 1230 delectatus
875 1177 1190 1230 Alexander
1227 1187 1281 1231 et
1306 1177 1451 1230 illius
1479 1186 1592 1230 tam
1619 1177 1821 1231 callido

205 1248 350 1301 dicto
381 1256 434 1300 et
461 1248 608 1317 quod
636 1248 754 1317 ipse
782 1248 851 1300 ab
880 1266 1060 1299 errore
1088 1257 1375 1300 reuocatus
1405 1257 1547 1314 erat,
1583 1248 1819 1301 occasio·

202 1338 329 1371 nem
355 1321 409 1370 in
437 1318 713 1388 aliquanto
740 1318 933 1370 uiliore
955 1317 1178 1369 animali
1207 1318 1511 1388 expiandae
1538 1317 1821 1387 religionis

203 1390 402 1460 rapuit.
456 1406 668 1439 summa
693 1388 749 1438 in
776 1387 878 1441 hoc
906 1389 1297 1455 mansuetudo,
1325 1407 1516 1441 summa
1542 1406 1736 1454 quoque
1762 1388 1822 1439 in

204 1460 431 1512 alterius
459 1458 602 1527 regis
632 1459 888 1528 equisone
916 1458 1210 1511 calliditas,

142 1547 184 1579 20
313 1530 363 1581 2.
405 1529 642 1582 Sordida
677 1547 961 1598 magorum
997 1529 1369 1581 dominatione
1408 1547 1672 1599 oppressa
1706 1529 1816 1581 Da-

203 1600 319 1652 rius
366 1619 463 1652 sex
503 1599 844 1652 adiutoribus
890 1600 1134 1652 eiusdem
1185 1600 1467 1669 dignitatis
1501 1599 1824 1670 ,adsumptis

204 1680 429 1742 pactum
476 1689 596 1722 cum
640 1669 907 1741 praeclari
958 1671 1136 1741 operis
1188 1670 1533 1723 consortibus
1583 1670 1716 1722 fecit
1760 1677 1825 1721 ut

93 1842 184 1875 Par.
211 1840 429 1878 uteretur.
484 1831 728 1877 obsecutus
757 1831 1047 1881 adulescens,
1083 1832 1214 1877 animi
1253 1832 1471 1892 impetum
1498 1833 1582 1877 iam
1611 1830 1825 1876 satietate

211 1904 453 1948 tardiorem
486 1903 539 1947 ad
567 1902 610 1947 id
639 1903 759 1962 quod
787 1917 877 1947 non
905 1903 1071 1948 licebat
1098 1902 1331 1952 adferens,
1372 1902 1585 1962 paulatim
1623 1913 1823 1946 amorem

143 1985 186 2018 25
209 1974 436 2034 deposuit.

320 2048 356 2087 l.
396 2044 505 2088 Cum
544 2044 797 2088 Alexander
834 2043 1122 2088 Macedonum
1168 2058 1243 2087 rex
1286 2050 1410 2088 sorte
1451 2043 1652 2087 monitus
1699 2047 1827 2086 esset⁴

210 2128 328 2166 eum,
360 2114 435 2173 qui
463 2113 547 2158 sibi
578 2120 707 2173 porta
735 2127 923 2172 egresso
951 2115 1124 2172 primus
1153 2114 1450 2162 occurrisset,
1480 2110 1671 2157 interfici
1698 2110 1826 2156 iube·

210 2192 305 2234 ret,
343 2185 586 2229 asinarium
616 2183 702 2228 sibi
732 2184 915 2228 obuium
943 2184 994 2227 ad
1023 2190 1212 2228 mortem
1241 2183 1399 2227 deduci
1426 2182 1574 2226 iussit.
1627 2193 1827 2240 cumque

210 2255 288 2300 ille
315 2254 625 2299 immerentem
669 2268 716 2298 se
745 2254 970 2313 supplicio
999 2253 1125 2299 adfici
1155 2253 1352 2302 diceret,
1391 2251 1642 2297 Alexander
1668 2251 1722 2296 ad
1748 2265 1824 2296 ex·

146 2339 188 2371 30
211 2324 455 2371 cusandum
485 2324 652 2370 sactum
680 2338 810 2369 suum
841 2324 1011 2369 oraculi
1041 2331 1332 2384 praeceptum
1361 2323 1552 2368 rettulit.
1605 2327 1714 2367 tunc
1739 2322 1828 2367 asi·-

211 2398 365 2441 narius
394 2393 451 2440 ‘si
481 2395 541 2440 ita
570 2397 674 2445 est',
712 2396 859 2455 inquit
897 2395 1007 2447 ‘rex‚
1039 2394 1205 2440 asellus
1234 2396 1361 2454 prior
1388 2394 1470 2438 tibi
1499 2392 1710 2438 occurrit.
1751 2391 1830 2436 de·

325 2550 350 2588 5
372 2561 570 2589 amorem
595 2548 748 2588 addidi
767 2561 788 2587 e
805 2549 840 2585 P
900 2550 924 2588 8
950 2548 1065 2587 asin.
1091 2547 1208 2587 forte
1234 2546 1274 2586 B
1296 2549 1335 2585 2⁰7²
1358 2558 1445 2586 νας.
1469 2541 1487 2597 Η
1509 2544 1649 2584 sibiP
1666 2549 1709 2583 et
1728 2543 1830 2582 alii:

213 2609 319 2645 ante
350 2605 444 2645 or'r'is
475 2605 515 2644 B
537 2606 579 2645 in
600 2617 687 2644 ras.
730 2601 748 2658 Η
789 2605 971 2644 obuium
1004 2617 1103 2644 nos:
1136 2604 1319 2643 obuiam
1344 2601 1399 2652 B,
1422 2602 1478 2652 cf.
1503 2600 1655 2650 Praef.
1684 2612 1729 2651 p.
1753 2597 1829 2636 XI

215 2663 262 2702 11
280 2661 497 2701 adficeret
519 2675 615 2702 nos:
642 2660 930 2700 addiceretB
951 2657 969 2714 Η
992 2659 1325 2700 excussandum
1347 2657 1389 2696 B
1440 2659 1489 2697 12
1512 2654 1750 2696 retulisset
1771 2649 1830 2692 B'

214 2719 266 2758 18
309 2730 482 2757 summa
514 2730 649 2769 quoq.
671 2717 712 2757 B
735 2719 776 2756 in
797 2730 900 2763 ras„
933 2731 1008 2757 om.
1035 2718 1165 2761 dem,-
1200 2716 1307 2766 for-t.
1347 2726 1521 2754 summa
1542 2713 1610 2752 uel
1629 2709 1831 2749 maxima

217 2772 326 2826 (sine
358 2774 581 2826 quoque);
629 2775 791 2826 aliquid
819 2775 860 2813 in
891 2773 1123 2826 archetypo
1153 2774 1358 2812 adiectum
1383 2771 1519 2821 fuisse
1549 2773 1590 2807 et
1618 2767 1829 2807 sentencia

216 2832 340 2871 docet
362 2836 405 2871 et
424 2832 515 2872 loco
538 2844 670 2870 uacuo
693 2832 735 2869 in
756 2830 791 2869 B
815 2831 1086 2874 declaratur:
1127 2843 1220 2868 nam
1241 2834 1400 2878 septem
1416 2826 1516 2877 fere
1538 2825 1708 2863 litter‘ae
1731 2835 1828 2862 era·

211 2900 287 2928 sae
307 2893 404 2928 sunt
481 2889 529 2926 21
558 2899 638 2926 sex
665 2886 889 2926 Geuartms
912 2885 1069 2935 (Eleet.
1095 2885 1135 2936 I,
1162 2884 1230 2936 1).·
1261 2897 1341 2924 rex
1362 2883 1404 2922 B
