1924 3152
226 155 326 207 142
922 159 1023 205 Lm.
1061 136 1129 204 111.

325 268 376 320 3.
416 265 674 319 Possedit
708 264 954 318 fauorem
990 265 1166 336 plebis
1202 265 1425 320 Clodius
1450 267 1707 336 Pulcher,
1742 270 1840 324 ad-

219 339 556 406 haerensque
600 334 902 388 Fuluianae
953 335 1123 389 stolae
1171 337 1338 407 pugio
1387 337 1623 392 militare
1668 338 1834 393 decus

219 407 473 460 muliebri
517 406 747 476 imperio
794 407 1103 460 subiectum
1137 407 1348 460 habuit.
1417 427 1648 478 quorum
1691 409 1838 462 filius>

219 477 479 545 Pulcher,
517 484 733 547 praeter
771 495 899 529 uam
926 476 1071 547 quod
1108 495 1361 530 eneruem
1388 486 1442 531 et
1467 478 1725 549 frigidam
1756 482 1839 533 iu-

178 567 197 599 5
219 555 440 601 uentam
467 548 609 616 egit,
645 565 745 617 per
784 547 861 600 ito
891 549 1054 600 etiam
1081 566 1262 601 amore
1288 547 1704 618 uulgatissimae
1728 570 1836 603 me-

219 618 431 671 retricis
474 617 697 669 infamis
733 617 841 669 fuit
879 618 1176 689 mortisque
1218 619 1614 674 erubescendo
1636 638 1837 689 genere

219 696 574 759 consumptus
601 695 702 740 est.
755 687 915 740 auide
943 689 1087 740 enim
1113 687 1403 741 abdomine
1432 689 1694 744 deuorato
1721 690 1833 743 foe-

219 759 320 812 dae
348 777 412 812 ac
439 758 691 812 sordidae
717 759 1170 839 intemperantiae
1197 759 1449 829 spiritum
1475 760 1738 813 reddidit.

322 830 374 882 4.
427 829 571 881 Nam
597 828 788 894 Quinti
816 828 1038 900 quidem
1062 828 1354 896 Hortensi,
1393 830 1486 900 qui
1510 830 1567 881 in
1591 831 1831 884 maximo

155 919 196 949 10
221 908 276 953 et
316 901 678 970 ingenuorum
726 898 929 951 ciuium
968 906 1021 950 et
1067 898 1529 969 amplissimorum
1572 909 1834 954 oratorum

253 977 489 1024 rouentu
510 987 778 1021 summum
798 969 1140 1022 auctoritatis
1162 976 1326 1040 atque
1354 968 1694 1041 eloquentiae
1779 989 1833 1023 a-

214 990 348 1093 {um
399 1040 664 1111 optinuit,
721 1057 890 1110 nepos
941 1039 1275 1092 Hortensius
1326 1039 1524 1095 Corbio
1575 1041 1724 1095 omni
1763 1059 1829 1094 us

216 1111 411 1164 scortis
441 1111 793 1163 abiectiorem
820 1117 875 1162 et
912 1109 1286 1163 obsceniorem
1309 1110 1483 1162 uitam
1509 1112 1721 1180 exegit,
1757 1110 1830 1163 ad

214 1181 573 1251 ultimumque
599 1180 789 1250 lingua
825 1180 939 1232 eius
967 1187 1081 1232 tam
1105 1179 1323 1233 libidini
1348 1188 1665 1234 cunctorum
1687 1181 1831 1234 inter

151 1267 192 1300 15
215 1250 504 1322 lupanaria
520 1252 764 1321 prostitit
785 1268 946 1321 quam
974 1250 1063 1302 aui
1081 1269 1179 1321 pro
1206 1250 1382 1304 salute
1409 1252 1614 1305 ciuium
1635 1252 1693 1303 in
1711 1252 1834 1305 foro

214 1322 567 1375 excubuerat.
711 1335 714 1338 ⁴

318 1419 420 1473 VI.
460 1418 857 1472 Animaduerto
893 1419 951 1471 in
975 1408 1141 1490 quam
1174 1419 1545 1489 periculosum
1578 1421 1683 1473 iter
1704 1439 1830 1502 pro-

214 1490 488 1542 cesserim.
563 1490 748 1570 itaque
782 1507 869 1540 me
905 1489 1023 1559 ipse
1059 1489 1374 1556 reuocabo,
1396 1509 1493 1556 ne,
1540 1491 1588 1542 si
1620 1489 1830 1560 rehqua

215 1559 460 1613 eiusdem
486 1577 698 1629 generis
725 1559 1021 1628 naufragia
1046 1559 1351 1622 consectari
1386 1578 1827 1630 perseuerauerO,

147 1647 190 1680 20
213 1629 399 1701 aliqua
434 1629 617 1682 inutili
652 1628 916 1683 relatione
953 1628 1198 1700 inplicer.
1261 1629 1497 1682 referam
1533 1631 1704 1700 igitur
1738 1648 1828 1701 pe-

213 1700 338 1754 dem
359 1699 740 1771 deformesque
765 1699 989 1752 umbras
1016 1701 1073 1751 in
1097 1700 1206 1753 imo
1228 1700 1447 1769 gurgite
1473 1699 1827 1771 turpitudinis

212 1789 343 1824 suae
368 1771 546 1823 iacere
571 1771 767 1841 patiar.
823 1771 996 1822 satius
1025 1778 1109 1823 est
1144 1771 1288 1822 enim.
1312 1788 1539 1823 narrare
1565 1771 1658 1842 qui
1691 1769 1826 1822 inlu-

213 1849 351 1894 stres
379 1841 486 1894 uiri
511 1842 569 1892 in
587 1840 736 1893 cultu
758 1847 1045 1912 ceteroque
1071 1840 1219 1894 uitae
1240 1842 1351 1893 rit'u
1377 1840 1563 1912 aliqua
1583 1859 1653 1893 ex
1669 1849 1826 1912 parte

209 1913 466 1965 nouando
494 1911 602 1965 sibi
625 1910 972 1963 indulserint.

144 2025 186 2058 25
212 2014 253 2071 Q
265 2014 343 2062 VI
384 2014 483 2061 EX
518 2014 634 2062 ILL
648 2013 732 2062 VS
736 2013 907 2061 TRIB
919 2012 1003 2062 VS
1058 2011 1250 2061 VIRIS
1290 2012 1377 2060 IN
1418 2011 1645 2061 VESTE
1684 2011 1730 2059 A
1742 2012 1833 2061 VT

212 2082 483 2132 CETERO
535 2083 772 2132 CVLTV
815 2081 1198 2131 LICENTIVS
1243 2081 1395 2130 SIBI
1441 2081 1648 2139 QVAM
1687 2081 1833 2131 MOS

305 2153 391 2201 PA
401 2153 519 2202 ΤΗΙ
530 2152 612 2202 VS
647 2151 1160 2208 PERMITTEBAT
1192 2151 1320 2199 IND
1333 2150 1554 2199 VLSEB
1566 2152 1664 2201 VN
1667 2151 1722 2200 T.

319 2236 366 2285 1.
405 2233 467 2285 P.
497 2232 710 2303 Scipio,
751 2251 874 2285 cum
908 2233 964 2283 in
992 2230 1177 2284 Sicilia
1214 2231 1463 2300 augendo
1499 2231 1827 2285 traiciendo-

245 2322 313 2356 ue
340 2304 586 2356 exercitu
609 2303 668 2354 in
692 2302 941 2356 Africam
978 2309 1343 2372 opportunum
1369 2301 1679 2373 quaerendo
1705 2319 1826 2372 gra-

146 2389 189 2422 30
250 2393 344 2426 um
368 2373 730 2443 Karthaginis
757 2373 974 2425 ruinam
1011 2373 1191 2426 animo
1217 2371 1492 2439 uolueret,
1532 2373 1677 2425 inter
1702 2390 1823 2425 con-

96 2513 187 2548 Par-
214 2507 463 2553 terdixerit.
522 2511 564 2556 4.
600 2505 648 2562 Q.
677 2506 907 2552 Hortensii
935 2505 1131 2552 oratoris
1157 2518 1300 2566 nepos
1324 2505 1596 2552 Hortensius
1620 2495 1827 2566 corporis

212 2579 345 2624 etiam
373 2578 538 2624 dicitur
565 2577 746 2624 infamia
771 2577 885 2622 male
913 2576 1104 2622 audisse.

319 2652 357 2693 1.
397 2648 446 2693 P.
473 2647 624 2708 Scipio
661 2663 761 2694 cum
788 2650 834 2693 in
862 2646 1012 2693 Sicilia
1038 2646 1285 2692 exercitum
1320 2645 1535 2705 augendo.
1553 2651 1822 2703 moraretur,

326 2785 352 2824 2
372 2783 613 2825 fulbianae
634 2785 677 2824 B
736 2787 761 2826 9
783 2798 888 2826 nam
906 2785 1020 2835 (Iam
1038 2782 1171 2835 corr.)
1189 2793 1313 2834 *ειμι*
1329 2782 1535 2822 hortensi
1551 2781 1593 2821 B
1652 2782 1706 2822 10
1721 2793 1822 2822 ora—

212 2843 359 2881 torum
388 2841 623 2881 addidimus
682 2843 732 2880 11
762 2838 1032 2894 prouentum
1061 2836 1160 2893 (sic)
1181 2838 1224 2878 B
1250 2834 1271 2892 ΙΙ
1299 2835 1474 2878 summa
1493 2830 1549 2876 B'
1607 2838 1662 2877 29
1693 2849 1821 2877 exer—

214 2898 332 3006 {lige
337 2897 423 2994 1530
436 2910 470 2936 e.
503 2895 753 2948 exercitui)
785 2898 833 2936 in
855 2911 931 2938 om.
962 2897 1018 2947 B,
1059 2897 1157 2936 add.
1189 2907 1211 2935 e
1240 2893 1281 2935 P
1307 2896 1350 2934 in
1376 2906 1454 2946 my.
1487 2892 1690 2935 exercitii
1721 2898 1819 2934 ante
