<?xml version="1.0" encoding="UTF-8"?>
<!DOCTYPE html PUBLIC "-//W3C//DTD XHTML 1.0 Transitional//EN"
    "http://www.w3.org/TR/xhtml1/DTD/xhtml1-transitional.dtd">
<html xmlns="http://www.w3.org/1999/xhtml" xml:lang="en" lang="en">
 <head>
  <title>
</title>
<meta http-equiv="Content-Type" content="text/html;charset=utf-8" />
  <meta name='ocr-system' content='tesseract 3.04.00' />
  <meta name='ocr-capabilities' content='ocr_page ocr_carea ocr_par ocr_line ocrx_word'/>
</head>
<body>
  <div class='ocr_page' id='page_1' title='image "./factorumetdictor00valeuoft_0218.png"; bbox 0 0 1924 3152; ppageno 0'>
   <div class='ocr_carea' id='block_1_1' title="bbox 1246 0 1921 62">
    <p class='ocr_par' dir='ltr' id='par_1_1' title="bbox 1246 0 1921 62">
     <span class='ocr_line' id='line_1_1' title="bbox 1246 0 1921 62; baseline 0 3090"><span class='ocrx_word' id='word_1_1' title='bbox 1246 0 1921 62; x_wconf 95' lang='lat' dir='ltr'> </span> 
     </span>
    </p>
   </div>
   <div class='ocr_carea' id='block_1_2' title="bbox 203 153 1119 217">
    <p class='ocr_par' dir='ltr' id='par_1_2' title="bbox 203 153 1119 217">
     <span class='ocr_line' id='line_1_2' title="bbox 203 153 1119 217; baseline -0.001 -12"><span class='ocrx_word' id='word_1_2' title='bbox 203 153 306 217; x_wconf 76' lang='lat'>190</span> <span class='ocrx_word' id='word_1_3' title='bbox 861 158 991 209; x_wconf 72' lang='lat' dir='ltr'>‚Lm</span> <span class='ocrx_word' id='word_1_4' title='bbox 1033 158 1119 204; x_wconf 89' lang='lat'><em>1111.</em></span> 
     </span>
    </p>
   </div>
   <div class='ocr_carea' id='block_1_3' title="bbox 46 262 1815 2026">
    <p class='ocr_par' dir='ltr' id='par_1_3' title="bbox 156 262 1815 616">
     <span class='ocr_line' id='line_1_3' title="bbox 201 262 1815 341; baseline 0.004 -25"><span class='ocrx_word' id='word_1_5' title='bbox 201 283 323 317; x_wconf 90' lang='lat' dir='ltr'>cum</span> <span class='ocrx_word' id='word_1_6' title='bbox 349 265 407 315; x_wconf 91' lang='lat' dir='ltr'>in</span> <span class='ocrx_word' id='word_1_7' title='bbox 431 264 627 316; x_wconf 88' lang='lat' dir='ltr'>Africa</span> <span class='ocrx_word' id='word_1_8' title='bbox 662 262 1121 318; x_wconf 83' lang='lat' dir='ltr'>insolentissimae</span> <span class='ocrx_word' id='word_1_9' title='bbox 1147 265 1505 336; x_wconf 81' lang='lat' dir='ltr'>Karthaginis</span> <span class='ocrx_word' id='word_1_10' title='bbox 1545 286 1674 341; x_wconf 87' lang='lat' dir='ltr'>opes</span> <span class='ocrx_word' id='word_1_11' title='bbox 1701 288 1815 323; x_wconf 86' lang='lat' dir='ltr'>cre-</span> 
     </span>
     <span class='ocr_line' id='line_1_4' title="bbox 198 333 1815 407; baseline 0.003 -19"><span class='ocrx_word' id='word_1_12' title='bbox 198 336 312 388; x_wconf 89' lang='lat' dir='ltr'>bris</span> <span class='ocrx_word' id='word_1_13' title='bbox 339 333 581 387; x_wconf 89' lang='lat' dir='ltr'>uictoriis</span> <span class='ocrx_word' id='word_1_14' title='bbox 602 334 963 388; x_wconf 87' lang='lat' dir='ltr'>contunderet</span> <span class='ocrx_word' id='word_1_15' title='bbox 987 353 1052 388; x_wconf 89' lang='lat' dir='ltr'>ac</span> <span class='ocrx_word' id='word_1_16' title='bbox 1070 346 1425 407; x_wconf 87' lang='lat' dir='ltr'>prorogatum</span> <span class='ocrx_word' id='word_1_17' title='bbox 1451 337 1559 391; x_wconf 89' lang='lat' dir='ltr'>sibi</span> <span class='ocrx_word' id='word_1_18' title='bbox 1585 339 1654 392; x_wconf 92' lang='lat' dir='ltr'>ob</span> <span class='ocrx_word' id='word_1_19' title='bbox 1674 340 1815 394; x_wconf 87' lang='lat' dir='ltr'>bene</span> 
     </span>
     <span class='ocr_line' id='line_1_5' title="bbox 197 403 1812 478; baseline 0.003 -20"><span class='ocrx_word' id='word_1_20' title='bbox 197 413 381 473; x_wconf 83' lang='lat' dir='ltr'>gestas</span> <span class='ocrx_word' id='word_1_21' title='bbox 415 422 503 456; x_wconf 90' lang='lat' dir='ltr'>res</span> <span class='ocrx_word' id='word_1_22' title='bbox 529 403 586 455; x_wconf 90' lang='lat' dir='ltr'>in</span> <span class='ocrx_word' id='word_1_23' title='bbox 610 404 923 475; x_wconf 86' lang='lat' dir='ltr'>proximum</span> <span class='ocrx_word' id='word_1_24' title='bbox 957 424 1159 459; x_wconf 90' lang='lat' dir='ltr'>annum</span> <span class='ocrx_word' id='word_1_25' title='bbox 1192 407 1268 459; x_wconf 90' lang='lat' dir='ltr'>im</span> <span class='ocrx_word' id='word_1_26' title='bbox 1310 408 1483 460; x_wconf 90' lang='lat' dir='ltr'>erium</span> <span class='ocrx_word' id='word_1_27' title='bbox 1509 418 1812 478; x_wconf 83' lang='lat' dir='ltr'>cognosset,</span> 
     </span>
     <span class='ocr_line' id='line_1_6' title="bbox 198 473 1812 551; baseline 0.003 -25"><span class='ocrx_word' id='word_1_28' title='bbox 198 473 512 528; x_wconf 90' lang='lat' dir='ltr'>consulibus</span> <span class='ocrx_word' id='word_1_29' title='bbox 551 475 772 545; x_wconf 81' lang='lat' dir='ltr'>scripsit</span> <span class='ocrx_word' id='word_1_30' title='bbox 806 475 1031 529; x_wconf 87' lang='lat' dir='ltr'>uilicum</span> <span class='ocrx_word' id='word_1_31' title='bbox 1064 477 1122 529; x_wconf 92' lang='lat' dir='ltr'>in</span> <span class='ocrx_word' id='word_1_32' title='bbox 1157 478 1277 547; x_wconf 92' lang='lat' dir='ltr'>agel</span> <span class='ocrx_word' id='word_1_33' title='bbox 1302 498 1361 545; x_wconf 83' lang='lat' dir='ltr'>o,</span> <span class='ocrx_word' id='word_1_34' title='bbox 1406 497 1569 550; x_wconf 90' lang='lat' dir='ltr'>quem</span> <span class='ocrx_word' id='word_1_35' title='bbox 1603 488 1812 551; x_wconf 84' lang='lat' dir='ltr'>septem</span> 
     </span>
     <span class='ocr_line' id='line_1_7' title="bbox 156 545 1811 616; baseline 0.004 -21"><span class='ocrx_word' id='word_1_36' title='bbox 156 565 175 595; x_wconf 83' lang='lat'><strong>5</strong></span> <span class='ocrx_word' id='word_1_37' title='bbox 197 546 446 614; x_wconf 86' lang='lat' dir='ltr'>iugerum</span> <span class='ocrx_word' id='word_1_38' title='bbox 471 545 527 596; x_wconf 93' lang='lat' dir='ltr'>in</span> <span class='ocrx_word' id='word_1_39' title='bbox 553 545 790 616; x_wconf 91' lang='lat' dir='ltr'>Pupinia</span> <span class='ocrx_word' id='word_1_40' title='bbox 813 545 1069 614; x_wconf 89' lang='lat' dir='ltr'>habebat,</span> <span class='ocrx_word' id='word_1_41' title='bbox 1097 556 1372 602; x_wconf 87' lang='lat' dir='ltr'>mortuum</span> <span class='ocrx_word' id='word_1_42' title='bbox 1399 567 1548 616; x_wconf 87' lang='lat' dir='ltr'>esse,</span> <span class='ocrx_word' id='word_1_43' title='bbox 1576 552 1811 602; x_wconf 89' lang='lat' dir='ltr'>occasio-</span> 
     </span>
    </p>

    <p class='ocr_par' dir='ltr' id='par_1_4' title="bbox 193 619 1810 911">
     <span class='ocr_line' id='line_1_8' title="bbox 196 619 1809 686; baseline 0.005 -20"><span class='ocrx_word' id='word_1_44' title='bbox 196 634 426 686; x_wconf 89' lang='lat' dir='ltr'>nemque</span> <span class='ocrx_word' id='word_1_45' title='bbox 462 624 723 668; x_wconf 83' lang='lat' dir='ltr'>nanctum</span> <span class='ocrx_word' id='word_1_46' title='bbox 758 619 1189 670; x_wconf 87' lang='lat' dir='ltr'>mercennarium</span> <span class='ocrx_word' id='word_1_47' title='bbox 1224 627 1404 673; x_wconf 89' lang='lat' dir='ltr'>amoto</span> <span class='ocrx_word' id='word_1_48' title='bbox 1441 619 1569 672; x_wconf 90' lang='lat' dir='ltr'>inde</span> <span class='ocrx_word' id='word_1_49' title='bbox 1604 621 1809 674; x_wconf 87' lang='lat' dir='ltr'>rustico</span> 
     </span>
     <span class='ocr_line' id='line_1_9' title="bbox 194 686 1810 760; baseline 0.003 -23"><span class='ocrx_word' id='word_1_50' title='bbox 194 686 553 739; x_wconf 87' lang='lat' dir='ltr'>instrumento</span> <span class='ocrx_word' id='word_1_51' title='bbox 594 686 939 755; x_wconf 84' lang='lat' dir='ltr'>discessisse,</span> <span class='ocrx_word' id='word_1_52' title='bbox 986 688 1219 760; x_wconf 89' lang='lat' dir='ltr'>ideoque</span> <span class='ocrx_word' id='word_1_53' title='bbox 1255 698 1440 760; x_wconf 85' lang='lat' dir='ltr'>petere</span> <span class='ocrx_word' id='word_1_54' title='bbox 1476 698 1538 742; x_wconf 87' lang='lat' dir='ltr'>ut</span> <span class='ocrx_word' id='word_1_55' title='bbox 1563 690 1669 743; x_wconf 89' lang='lat' dir='ltr'>sibi</span> <span class='ocrx_word' id='word_1_56' title='bbox 1696 709 1810 743; x_wconf 90' lang='lat' dir='ltr'>suc-</span> 
     </span>
     <span class='ocr_line' id='line_1_10' title="bbox 194 757 1810 828; baseline 0.002 -18"><span class='ocrx_word' id='word_1_57' title='bbox 194 774 377 810; x_wconf 90' lang='lat' dir='ltr'>cessor</span> <span class='ocrx_word' id='word_1_58' title='bbox 411 757 748 824; x_wconf 86' lang='lat' dir='ltr'>mitteretur,</span> <span class='ocrx_word' id='word_1_59' title='bbox 800 777 867 810; x_wconf 91' lang='lat' dir='ltr'>ne</span> <span class='ocrx_word' id='word_1_60' title='bbox 903 759 1117 812; x_wconf 89' lang='lat' dir='ltr'>deserto</span> <span class='ocrx_word' id='word_1_61' title='bbox 1164 777 1297 828; x_wconf 88' lang='lat' dir='ltr'>agro</span> <span class='ocrx_word' id='word_1_62' title='bbox 1327 777 1444 820; x_wconf 69' lang='lat' dir='ltr'>,non</span> <span class='ocrx_word' id='word_1_63' title='bbox 1490 767 1635 812; x_wconf 89' lang='lat' dir='ltr'>esset</span> <span class='ocrx_word' id='word_1_64' title='bbox 1666 760 1810 813; x_wconf 92' lang='lat' dir='ltr'>unde</span> 
     </span>
     <span class='ocr_line' id='line_1_11' title="bbox 193 827 1809 911; baseline 0.002 -32"><span class='ocrx_word' id='word_1_65' title='bbox 193 846 336 882; x_wconf 82' lang='lat' dir='ltr'>uxor</span> <span class='ocrx_word' id='word_1_66' title='bbox 372 846 437 880; x_wconf 92' lang='lat' dir='ltr'>ac</span> <span class='ocrx_word' id='word_1_67' title='bbox 462 827 622 881; x_wconf 89' lang='lat' dir='ltr'>liberi</span> <span class='ocrx_word' id='word_1_68' title='bbox 649 829 735 880; x_wconf 90' lang='lat' dir='ltr'>sui</span> <span class='ocrx_word' id='word_1_69' title='bbox 763 829 1053 882; x_wconf 90' lang='lat' dir='ltr'>alerentur.</span> <span class='ocrx_word' id='word_1_70' title='bbox 1104 848 1242 900; x_wconf 90' lang='lat' dir='ltr'>quae</span> <span class='ocrx_word' id='word_1_71' title='bbox 1268 836 1560 911; x_wconf 78' lang='lat' dir='ltr'>postquam</span> <span class='ocrx_word' id='word_1_72' title='bbox 1588 837 1809 882; x_wconf 88' lang='lat' dir='ltr'>senatus</span> 
     </span>
    </p>

    <p class='ocr_par' dir='ltr' id='par_1_5' title="bbox 130 897 1811 1248">
     <span class='ocr_line' id='line_1_12' title="bbox 130 897 1811 969; baseline 0.002 -21"><span class='ocrx_word' id='word_1_73' title='bbox 130 919 170 950; x_wconf 70' lang='grc' dir='ltr'>ιο</span> <span class='ocrx_word' id='word_1_74' title='bbox 195 916 227 950; x_wconf 90' lang='lat' dir='ltr'>a</span> <span class='ocrx_word' id='word_1_75' title='bbox 262 897 578 952; x_wconf 90' lang='lat' dir='ltr'>consulibus</span> <span class='ocrx_word' id='word_1_76' title='bbox 616 900 853 969; x_wconf 87' lang='lat' dir='ltr'>accepit,</span> <span class='ocrx_word' id='word_1_77' title='bbox 891 907 945 951; x_wconf 92' lang='lat' dir='ltr'>et</span> <span class='ocrx_word' id='word_1_78' title='bbox 981 917 1173 969; x_wconf 89' lang='lat' dir='ltr'>agrum</span> <span class='ocrx_word' id='word_1_79' title='bbox 1200 899 1339 952; x_wconf 89' lang='lat' dir='ltr'>Atili</span> <span class='ocrx_word' id='word_1_80' title='bbox 1374 898 1499 953; x_wconf 82' lang='lat' dir='ltr'>ilico</span> <span class='ocrx_word' id='word_1_81' title='bbox 1527 898 1811 952; x_wconf 86' lang='lat' dir='ltr'>colendum</span> 
     </span>
     <span class='ocr_line' id='line_1_13' title="bbox 192 967 1810 1041; baseline -0.001 -19"><span class='ocrx_word' id='word_1_82' title='bbox 192 969 362 1022; x_wconf 87' lang='lat' dir='ltr'>locari</span> <span class='ocrx_word' id='word_1_83' title='bbox 408 977 463 1021; x_wconf 90' lang='lat' dir='ltr'>et</span> <span class='ocrx_word' id='word_1_84' title='bbox 506 967 767 1021; x_wconf 89' lang='lat' dir='ltr'>alimenta</span> <span class='ocrx_word' id='word_1_85' title='bbox 801 969 1022 1039; x_wconf 88' lang='lat' dir='ltr'>coniugi</span> <span class='ocrx_word' id='word_1_86' title='bbox 1067 969 1182 1022; x_wconf 91' lang='lat' dir='ltr'>eius</span> <span class='ocrx_word' id='word_1_87' title='bbox 1223 988 1286 1022; x_wconf 91' lang='lat' dir='ltr'>ac</span> <span class='ocrx_word' id='word_1_88' title='bbox 1328 969 1516 1023; x_wconf 90' lang='lat' dir='ltr'>liberis</span> <span class='ocrx_word' id='word_1_89' title='bbox 1558 970 1810 1041; x_wconf 87' lang='lat' dir='ltr'>praeberi</span> 
     </span>
     <span class='ocr_line' id='line_1_14' title="bbox 192 1039 1809 1111; baseline 0 -20"><span class='ocrx_word' id='word_1_90' title='bbox 192 1057 414 1110; x_wconf 90' lang='lat' dir='ltr'>resque,</span> <span class='ocrx_word' id='word_1_91' title='bbox 453 1058 586 1110; x_wconf 87' lang='lat' dir='ltr'>quas</span> <span class='ocrx_word' id='word_1_92' title='bbox 624 1041 908 1107; x_wconf 86' lang='lat' dir='ltr'>amiserat,</span> <span class='ocrx_word' id='word_1_93' title='bbox 945 1040 1143 1092; x_wconf 85' lang='lat' dir='ltr'>redimi</span> <span class='ocrx_word' id='word_1_94' title='bbox 1178 1039 1396 1111; x_wconf 91' lang='lat' dir='ltr'>publice</span> <span class='ocrx_word' id='word_1_95' title='bbox 1433 1041 1613 1094; x_wconf 90' lang='lat' dir='ltr'>iussit.</span> <span class='ocrx_word' id='word_1_96' title='bbox 1671 1041 1809 1093; x_wconf 87' lang='lat' dir='ltr'>tanti</span> 
     </span>
     <span class='ocr_line' id='line_1_15' title="bbox 193 1110 1811 1182; baseline 0.001 -20"><span class='ocrx_word' id='word_1_97' title='bbox 193 1110 407 1162; x_wconf 90' lang='lat' dir='ltr'>aerario</span> <span class='ocrx_word' id='word_1_98' title='bbox 468 1118 652 1163; x_wconf 86' lang='lat' dir='ltr'>nostro</span> <span class='ocrx_word' id='word_1_99' title='bbox 701 1110 923 1163; x_wconf 89' lang='lat' dir='ltr'>uirtutis</span> <span class='ocrx_word' id='word_1_100' title='bbox 975 1111 1254 1163; x_wconf 87' lang='lat' dir='ltr'>Atilianae</span> <span class='ocrx_word' id='word_1_101' title='bbox 1304 1110 1642 1182; x_wconf 88' lang='lat' dir='ltr'>exemplum,</span> <span class='ocrx_word' id='word_1_102' title='bbox 1704 1128 1811 1182; x_wconf 90' lang='lat' dir='ltr'>quo</span> 
     </span>
     <span class='ocr_line' id='line_1_16' title="bbox 192 1180 1401 1248; baseline -0.001 -14"><span class='ocrx_word' id='word_1_103' title='bbox 192 1181 366 1234; x_wconf 91' lang='lat' dir='ltr'>omnis</span> <span class='ocrx_word' id='word_1_104' title='bbox 395 1189 546 1239; x_wconf 83' lang='lat' dir='ltr'>aetas</span> <span class='ocrx_word' id='word_1_105' title='bbox 574 1180 821 1233; x_wconf 87' lang='lat' dir='ltr'>Romana</span> <span class='ocrx_word' id='word_1_106' title='bbox 881 1181 1193 1248; x_wconf 88' lang='lat' dir='ltr'>loriabitur,</span> <span class='ocrx_word' id='word_1_107' title='bbox 1235 1182 1401 1234; x_wconf 88' lang='lat' dir='ltr'>stetit.</span> 
     </span>
    </p>

    <p class='ocr_par' dir='ltr' id='par_1_6' title="bbox 128 1200 1809 1603">
     <span class='ocr_line' id='line_1_17' title="bbox 128 1200 1809 1321; baseline 0.001 -20"><span class='ocrx_word' id='word_1_108' title='bbox 128 1271 168 1302; x_wconf 85' lang='lat'>15</span> <span class='ocrx_word' id='word_1_109' title='bbox 299 1252 348 1303; x_wconf 89' lang='lat'>7.</span> <span class='ocrx_word' id='word_1_110' title='bbox 388 1250 577 1321; x_wconf 87' lang='lat' dir='ltr'>A&#39;eque</span> <span class='ocrx_word' id='word_1_111' title='bbox 612 1270 813 1321; x_wconf 90' lang='lat' dir='ltr'>magna</span> <span class='ocrx_word' id='word_1_112' title='bbox 845 1200 1142 1304; x_wconf 57' lang='grc' dir='ltr'>ᾗηίᾗιῐιᾶἰα</span> <span class='ocrx_word' id='word_1_113' title='bbox 1175 1252 1239 1304; x_wconf 93' lang='lat' dir='ltr'>L.</span> <span class='ocrx_word' id='word_1_114' title='bbox 1269 1251 1461 1318; x_wconf 76' lang='lat' dir='ltr'>Quinti</span> <span class='ocrx_word' id='word_1_115' title='bbox 1484 1250 1809 1304; x_wconf 81' lang='lat' dir='ltr'>Cincinnati</span> 
     </span>
     <span class='ocr_line' id='line_1_18' title="bbox 190 1321 1808 1392; baseline 0.001 -20"><span class='ocrx_word' id='word_1_116' title='bbox 190 1321 432 1374; x_wconf 86' lang='lat' dir='ltr'>fuerunt.</span> <span class='ocrx_word' id='word_1_117' title='bbox 485 1330 692 1392; x_wconf 89' lang='lat' dir='ltr'>septem</span> <span class='ocrx_word' id='word_1_118' title='bbox 719 1322 862 1374; x_wconf 90' lang='lat' dir='ltr'>enim</span> <span class='ocrx_word' id='word_1_119' title='bbox 889 1323 1078 1391; x_wconf 86' lang='lat' dir='ltr'>iugera</span> <span class='ocrx_word' id='word_1_120' title='bbox 1103 1323 1222 1391; x_wconf 89' lang='lat' dir='ltr'>agri</span> <span class='ocrx_word' id='word_1_121' title='bbox 1247 1321 1510 1392; x_wconf 84' lang='lat' dir='ltr'>possedit,</span> <span class='ocrx_word' id='word_1_122' title='bbox 1538 1341 1608 1374; x_wconf 85' lang='lat' dir='ltr'>ex</span> <span class='ocrx_word' id='word_1_123' title='bbox 1632 1322 1808 1392; x_wconf 87' lang='lat' dir='ltr'>iisque</span> 
     </span>
     <span class='ocr_line' id='line_1_19' title="bbox 190 1391 1808 1462; baseline -0.001 -18"><span class='ocrx_word' id='word_1_124' title='bbox 190 1391 313 1458; x_wconf 82' lang='lat' dir='ltr'>tria,</span> <span class='ocrx_word' id='word_1_125' title='bbox 342 1410 480 1462; x_wconf 90' lang='lat' dir='ltr'>quae</span> <span class='ocrx_word' id='word_1_126' title='bbox 506 1410 603 1462; x_wconf 89' lang='lat' dir='ltr'>pro</span> <span class='ocrx_word' id='word_1_127' title='bbox 633 1391 805 1445; x_wconf 84' lang='lat' dir='ltr'>amico</span> <span class='ocrx_word' id='word_1_128' title='bbox 834 1391 906 1444; x_wconf 88' lang='lat' dir='ltr'>ad</span> <span class='ocrx_word' id='word_1_129' title='bbox 933 1392 1204 1444; x_wconf 85' lang='lat' dir='ltr'>aerarium</span> <span class='ocrx_word' id='word_1_130' title='bbox 1230 1392 1644 1461; x_wconf 85' lang='lat' dir='ltr'>obsignauerat,</span> <span class='ocrx_word' id='word_1_131' title='bbox 1673 1391 1808 1444; x_wconf 91' lang='lat' dir='ltr'>mul-</span> 
     </span>
     <span class='ocr_line' id='line_1_20' title="bbox 189 1461 1806 1533; baseline -0.001 -18"><span class='ocrx_word' id='word_1_132' title='bbox 189 1471 278 1515; x_wconf 86' lang='lat' dir='ltr'>tae</span> <span class='ocrx_word' id='word_1_133' title='bbox 305 1462 520 1514; x_wconf 90' lang='lat' dir='ltr'>nomine</span> <span class='ocrx_word' id='word_1_134' title='bbox 547 1462 747 1514; x_wconf 87' lang='lat' dir='ltr'>amisit.</span> <span class='ocrx_word' id='word_1_135' title='bbox 786 1481 1019 1532; x_wconf 86' lang='lat' dir='ltr'>poenam</span> <span class='ocrx_word' id='word_1_136' title='bbox 1046 1481 1261 1533; x_wconf 87' lang='lat' dir='ltr'>quoque</span> <span class='ocrx_word' id='word_1_137' title='bbox 1286 1481 1385 1533; x_wconf 85' lang='lat' dir='ltr'>pro</span> <span class='ocrx_word' id='word_1_138' title='bbox 1411 1461 1524 1516; x_wconf 90' lang='lat' dir='ltr'>filio</span> <span class='ocrx_word' id='word_1_139' title='bbox 1545 1462 1806 1528; x_wconf 84' lang='lat' dir='ltr'>Caesone,</span> 
     </span>
     <span class='ocr_line' id='line_1_21' title="bbox 190 1531 1806 1603; baseline 0.001 -20"><span class='ocrx_word' id='word_1_140' title='bbox 190 1532 336 1603; x_wconf 90' lang='lat' dir='ltr'>quod</span> <span class='ocrx_word' id='word_1_141' title='bbox 381 1531 453 1584; x_wconf 90' lang='lat' dir='ltr'>ad</span> <span class='ocrx_word' id='word_1_142' title='bbox 497 1551 718 1585; x_wconf 90' lang='lat' dir='ltr'>causam</span> <span class='ocrx_word' id='word_1_143' title='bbox 761 1533 1047 1585; x_wconf 92' lang='lat' dir='ltr'>dicendam</span> <span class='ocrx_word' id='word_1_144' title='bbox 1090 1552 1200 1586; x_wconf 92' lang='lat' dir='ltr'>non</span> <span class='ocrx_word' id='word_1_145' title='bbox 1244 1533 1594 1600; x_wconf 83' lang='lat' dir='ltr'>occurrisset,</span> <span class='ocrx_word' id='word_1_146' title='bbox 1644 1532 1806 1584; x_wconf 87' lang='lat' dir='ltr'>huius</span> 
     </span>
    </p>

    <p class='ocr_par' dir='ltr' id='par_1_7' title="bbox 127 1602 1808 1886">
     <span class='ocr_line' id='line_1_22' title="bbox 127 1602 1808 1673; baseline -0.001 -18"><span class='ocrx_word' id='word_1_147' title='bbox 127 1624 169 1655; x_wconf 79' lang='lat'>20</span> <span class='ocrx_word' id='word_1_148' title='bbox 192 1602 356 1672; x_wconf 89' lang='lat' dir='ltr'>agelli</span> <span class='ocrx_word' id='word_1_149' title='bbox 405 1602 586 1656; x_wconf 90' lang='lat' dir='ltr'>reditu</span> <span class='ocrx_word' id='word_1_150' title='bbox 636 1602 815 1655; x_wconf 84' lang='lat' dir='ltr'>soluit.</span> <span class='ocrx_word' id='word_1_151' title='bbox 891 1612 945 1656; x_wconf 91' lang='lat' dir='ltr'>et</span> <span class='ocrx_word' id='word_1_152' title='bbox 994 1612 1179 1657; x_wconf 89' lang='lat' dir='ltr'>tamen</span> <span class='ocrx_word' id='word_1_153' title='bbox 1223 1605 1273 1655; x_wconf 91' lang='lat' dir='ltr'>ei</span> <span class='ocrx_word' id='word_1_154' title='bbox 1317 1612 1575 1673; x_wconf 88' lang='lat' dir='ltr'>quattuor</span> <span class='ocrx_word' id='word_1_155' title='bbox 1618 1604 1808 1672; x_wconf 86' lang='lat' dir='ltr'>iugera</span> 
     </span>
     <span class='ocr_line' id='line_1_23' title="bbox 190 1672 1805 1745; baseline 0 -19"><span class='ocrx_word' id='word_1_156' title='bbox 190 1673 370 1726; x_wconf 87' lang='lat' dir='ltr'>aranti</span> <span class='ocrx_word' id='word_1_157' title='bbox 405 1692 515 1726; x_wconf 92' lang='lat' dir='ltr'>non</span> <span class='ocrx_word' id='word_1_158' title='bbox 552 1672 727 1726; x_wconf 90' lang='lat' dir='ltr'>solum</span> <span class='ocrx_word' id='word_1_159' title='bbox 763 1673 1006 1742; x_wconf 85' lang='lat' dir='ltr'>dignitas</span> <span class='ocrx_word' id='word_1_160' title='bbox 1042 1674 1214 1745; x_wconf 88' lang='lat' dir='ltr'>patris</span> <span class='ocrx_word' id='word_1_161' title='bbox 1263 1673 1506 1726; x_wconf 85' lang='lat' dir='ltr'>familiae</span> <span class='ocrx_word' id='word_1_162' title='bbox 1542 1673 1805 1739; x_wconf 84' lang='lat' dir='ltr'>constitit,</span> 
     </span>
     <span class='ocr_line' id='line_1_24' title="bbox 191 1743 1807 1813; baseline -0.001 -17"><span class='ocrx_word' id='word_1_163' title='bbox 191 1744 286 1797; x_wconf 92' lang='lat' dir='ltr'>sed</span> <span class='ocrx_word' id='word_1_164' title='bbox 323 1743 487 1798; x_wconf 84' lang='lat' dir='ltr'>etiam</span> <span class='ocrx_word' id='word_1_165' title='bbox 525 1743 798 1797; x_wconf 88' lang='lat' dir='ltr'>dictatura</span> <span class='ocrx_word' id='word_1_166' title='bbox 833 1743 1015 1796; x_wconf 91' lang='lat' dir='ltr'>delata</span> <span class='ocrx_word' id='word_1_167' title='bbox 1050 1752 1148 1796; x_wconf 91' lang='lat' dir='ltr'>est.</span> <span class='ocrx_word' id='word_1_168' title='bbox 1200 1752 1431 1813; x_wconf 87' lang='lat' dir='ltr'>anguste</span> <span class='ocrx_word' id='word_1_169' title='bbox 1467 1762 1524 1796; x_wconf 90' lang='lat' dir='ltr'>se</span> <span class='ocrx_word' id='word_1_170' title='bbox 1556 1743 1807 1796; x_wconf 88' lang='lat' dir='ltr'>habitare</span> 
     </span>
     <span class='ocr_line' id='line_1_25' title="bbox 189 1813 1805 1886; baseline -0.001 -20"><span class='ocrx_word' id='word_1_171' title='bbox 189 1832 333 1866; x_wconf 89' lang='lat' dir='ltr'>nunc</span> <span class='ocrx_word' id='word_1_172' title='bbox 367 1821 526 1884; x_wconf 88' lang='lat' dir='ltr'>putat</span> <span class='ocrx_word' id='word_1_173' title='bbox 553 1815 703 1866; x_wconf 90' lang='lat' dir='ltr'>cuius</span> <span class='ocrx_word' id='word_1_174' title='bbox 734 1813 926 1868; x_wconf 88' lang='lat' dir='ltr'>domus</span> <span class='ocrx_word' id='word_1_175' title='bbox 954 1822 1168 1868; x_wconf 87' lang='lat' dir='ltr'>tantum</span> <span class='ocrx_word' id='word_1_176' title='bbox 1202 1822 1356 1885; x_wconf 88' lang='lat' dir='ltr'>patet</span> <span class='ocrx_word' id='word_1_177' title='bbox 1390 1822 1655 1886; x_wconf 88' lang='lat' dir='ltr'>quantum</span> <span class='ocrx_word' id='word_1_178' title='bbox 1682 1814 1805 1865; x_wconf 85' lang='lat' dir='ltr'>Cin-</span> 
     </span>
    </p>

    <p class='ocr_par' dir='ltr' id='par_1_8' title="bbox 46 1886 888 1956">
     <span class='ocr_line' id='line_1_26' title="bbox 46 1886 888 1956; baseline -0.001 -19"><span class='ocrx_word' id='word_1_179' title='bbox 46 1944 52 1947; x_wconf 20' lang='lat'>&gt;</span> <span class='ocrx_word' id='word_1_180' title='bbox 189 1886 395 1937; x_wconf 87' lang='lat' dir='ltr'>cinnati</span> <span class='ocrx_word' id='word_1_181' title='bbox 420 1904 551 1936; x_wconf 89' lang='lat' dir='ltr'>rura</span> <span class='ocrx_word' id='word_1_182' title='bbox 575 1893 888 1956; x_wconf 85' lang='lat' dir='ltr'>patuerunt.</span> 
     </span>
    </p>

    <p class='ocr_par' dir='ltr' id='par_1_9' title="bbox 126 1953 1805 2026">
     <span class='ocr_line' id='line_1_27' title="bbox 126 1953 1805 2026; baseline -0.001 -20"><span class='ocrx_word' id='word_1_183' title='bbox 126 1976 166 2008; x_wconf 79' lang='lat'>25</span> <span class='ocrx_word' id='word_1_184' title='bbox 297 1955 347 2008; x_wconf 81' lang='lat'>8.</span> <span class='ocrx_word' id='word_1_185' title='bbox 398 1955 544 2021; x_wconf 76' lang='lat' dir='ltr'>Quid</span> <span class='ocrx_word' id='word_1_186' title='bbox 581 1955 741 2007; x_wconf 88' lang='lat' dir='ltr'>Aelia</span> <span class='ocrx_word' id='word_1_187' title='bbox 774 1955 1014 2022; x_wconf 84' lang='lat' dir='ltr'>familia,</span> <span class='ocrx_word' id='word_1_188' title='bbox 1052 1974 1216 2026; x_wconf 88' lang='lat' dir='ltr'>quam</span> <span class='ocrx_word' id='word_1_189' title='bbox 1250 1954 1520 2025; x_wconf 83' lang='lat' dir='ltr'>locuples!</span> <span class='ocrx_word' id='word_1_190' title='bbox 1571 1953 1805 2007; x_wconf 89' lang='lat' dir='ltr'>sedecim</span> 
     </span>
    </p>
   </div>
   <div class='ocr_carea' id='block_1_4' title="bbox 75 2101 1803 2654">
    <p class='ocr_par' dir='ltr' id='par_1_10' title="bbox 75 2101 1803 2371">
     <span class='ocr_line' id='line_1_28' title="bbox 75 2101 1803 2161; baseline 0.001 -18"><span class='ocrx_word' id='word_1_191' title='bbox 75 2111 164 2143; x_wconf 73' lang='lat' dir='ltr'>Par.</span> <span class='ocrx_word' id='word_1_192' title='bbox 191 2115 290 2147; x_wconf 80' lang='lat' dir='ltr'>cuin</span> <span class='ocrx_word' id='word_1_193' title='bbox 312 2108 610 2161; x_wconf 77' lang='lat' dir='ltr'>prorogatum</span> <span class='ocrx_word' id='word_1_194' title='bbox 637 2101 721 2146; x_wconf 88' lang='lat' dir='ltr'>sibi</span> <span class='ocrx_word' id='word_1_195' title='bbox 750 2101 807 2146; x_wconf 86' lang='lat' dir='ltr'>ob</span> <span class='ocrx_word' id='word_1_196' title='bbox 834 2101 946 2147; x_wconf 85' lang='lat' dir='ltr'>hene</span> <span class='ocrx_word' id='word_1_197' title='bbox 966 2108 1120 2160; x_wconf 82' lang='lat' dir='ltr'>gestas</span> <span class='ocrx_word' id='word_1_198' title='bbox 1142 2115 1215 2146; x_wconf 88' lang='lat' dir='ltr'>res</span> <span class='ocrx_word' id='word_1_199' title='bbox 1236 2103 1533 2161; x_wconf 78' lang='lat' dir='ltr'>cognouisset</span> <span class='ocrx_word' id='word_1_200' title='bbox 1554 2101 1803 2160; x_wconf 84' lang='lat' dir='ltr'>imperium,</span> 
     </span>
     <span class='ocr_line' id='line_1_29' title="bbox 92 2171 1803 2231; baseline -0.001 -15"><span class='ocrx_word' id='word_1_201' title='bbox 92 2177 103 2181; x_wconf 79' lang='grc'>”</span> <span class='ocrx_word' id='word_1_202' title='bbox 192 2171 378 2231; x_wconf 79' lang='lat' dir='ltr'>scripsit</span> <span class='ocrx_word' id='word_1_203' title='bbox 414 2171 677 2216; x_wconf 85' lang='lat' dir='ltr'>consulibus</span> <span class='ocrx_word' id='word_1_204' title='bbox 714 2171 923 2222; x_wconf 89' lang='lat' dir='ltr'>uilicum,</span> <span class='ocrx_word' id='word_1_205' title='bbox 966 2185 1099 2230; x_wconf 89' lang='lat' dir='ltr'>quem</span> <span class='ocrx_word' id='word_1_206' title='bbox 1126 2172 1171 2215; x_wconf 90' lang='lat' dir='ltr'>in</span> <span class='ocrx_word' id='word_1_207' title='bbox 1208 2171 1356 2231; x_wconf 79' lang='lat' dir='ltr'>agello</span> <span class='ocrx_word' id='word_1_208' title='bbox 1386 2177 1558 2230; x_wconf 80' lang='lat' dir='ltr'>septem</span> <span class='ocrx_word' id='word_1_209' title='bbox 1596 2172 1803 2228; x_wconf 70' lang='lat' dir='ltr'>iugerum</span> 
     </span>
     <span class='ocr_line' id='line_1_30' title="bbox 190 2232 1803 2302; baseline -0.001 -16"><span class='ocrx_word' id='word_1_210' title='bbox 190 2243 234 2286; x_wconf 88' lang='lat' dir='ltr'>in</span> <span class='ocrx_word' id='word_1_211' title='bbox 261 2241 450 2302; x_wconf 83' lang='lat' dir='ltr'>Pupinia</span> <span class='ocrx_word' id='word_1_212' title='bbox 478 2241 681 2292; x_wconf 76' lang='lat' dir='ltr'>habebat,</span> <span class='ocrx_word' id='word_1_213' title='bbox 710 2232 940 2286; x_wconf 82' lang='lat' dir='ltr'>mortuum</span> <span class='ocrx_word' id='word_1_214' title='bbox 968 2255 1082 2292; x_wconf 91' lang='lat' dir='ltr'>esse,</span> <span class='ocrx_word' id='word_1_215' title='bbox 1111 2241 1304 2300; x_wconf 87' lang='lat' dir='ltr'>ideoque</span> <span class='ocrx_word' id='word_1_216' title='bbox 1331 2247 1487 2301; x_wconf 88' lang='lat' dir='ltr'>petere</span> <span class='ocrx_word' id='word_1_217' title='bbox 1513 2247 1564 2285; x_wconf 90' lang='lat' dir='ltr'>ut</span> <span class='ocrx_word' id='word_1_218' title='bbox 1591 2240 1676 2286; x_wconf 85' lang='lat' dir='ltr'>sihi</span> <span class='ocrx_word' id='word_1_219' title='bbox 1703 2254 1803 2285; x_wconf 89' lang='lat' dir='ltr'>suc-</span> 
     </span>
     <span class='ocr_line' id='line_1_31' title="bbox 189 2310 1803 2371; baseline -0.001 -13"><span class='ocrx_word' id='word_1_220' title='bbox 189 2326 346 2358; x_wconf 84' lang='lat' dir='ltr'>cessor</span> <span class='ocrx_word' id='word_1_221' title='bbox 384 2313 665 2362; x_wconf 73' lang='lat' dir='ltr'>mitteretur,</span> <span class='ocrx_word' id='word_1_222' title='bbox 714 2326 771 2357; x_wconf 88' lang='lat' dir='ltr'>ne</span> <span class='ocrx_word' id='word_1_223' title='bbox 806 2312 987 2357; x_wconf 82' lang='lat' dir='ltr'>deserto</span> <span class='ocrx_word' id='word_1_224' title='bbox 1026 2325 1137 2371; x_wconf 82' lang='lat' dir='ltr'>agro</span> <span class='ocrx_word' id='word_1_225' title='bbox 1177 2325 1268 2356; x_wconf 90' lang='lat' dir='ltr'>non</span> <span class='ocrx_word' id='word_1_226' title='bbox 1304 2317 1424 2357; x_wconf 91' lang='lat' dir='ltr'>esset</span> <span class='ocrx_word' id='word_1_227' title='bbox 1459 2310 1578 2355; x_wconf 80' lang='lat' dir='ltr'>unde</span> <span class='ocrx_word' id='word_1_228' title='bbox 1613 2323 1727 2355; x_wconf 84' lang='lat' dir='ltr'>uxor</span> <span class='ocrx_word' id='word_1_229' title='bbox 1753 2324 1803 2356; x_wconf 81' lang='lat' dir='ltr'>ac</span> 
     </span>
    </p>

    <p class='ocr_par' dir='ltr' id='par_1_11' title="bbox 125 2381 1802 2513">
     <span class='ocr_line' id='line_1_32' title="bbox 125 2381 1802 2442; baseline 0.001 -18"><span class='ocrx_word' id='word_1_230' title='bbox 125 2393 167 2425; x_wconf 87' lang='lat'>30</span> <span class='ocrx_word' id='word_1_231' title='bbox 190 2382 321 2429; x_wconf 86' lang='lat' dir='ltr'>liberi</span> <span class='ocrx_word' id='word_1_232' title='bbox 350 2382 592 2428; x_wconf 78' lang='lat' dir='ltr'>alerentur.</span> <span class='ocrx_word' id='word_1_233' title='bbox 635 2396 747 2442; x_wconf 76' lang='lat' dir='ltr'>quae</span> <span class='ocrx_word' id='word_1_234' title='bbox 775 2390 825 2427; x_wconf 92' lang='lat' dir='ltr'>ut</span> <span class='ocrx_word' id='word_1_235' title='bbox 846 2384 1063 2442; x_wconf 81' lang='lat' dir='ltr'>cognouit</span> <span class='ocrx_word' id='word_1_236' title='bbox 1085 2389 1284 2432; x_wconf 84' lang='lat' dir='ltr'>senatus,</span> <span class='ocrx_word' id='word_1_237' title='bbox 1314 2381 1491 2442; x_wconf 85' lang='lat' dir='ltr'>publice</span> <span class='ocrx_word' id='word_1_238' title='bbox 1520 2394 1677 2441; x_wconf 82' lang='lat' dir='ltr'>agrum</span> <span class='ocrx_word' id='word_1_239' title='bbox 1705 2381 1802 2425; x_wconf 92' lang='lat' dir='ltr'>eius</span> 
     </span>
     <span class='ocr_line' id='line_1_33' title="bbox 196 2449 1801 2513; baseline -0.003 -13"><span class='ocrx_word' id='word_1_240' title='bbox 196 2452 283 2500; x_wconf 81' lang='lat' dir='ltr'>coli</span> <span class='ocrx_word' id='word_1_241' title='bbox 310 2454 459 2499; x_wconf 87' lang='lat' dir='ltr'>iussit.</span> <span class='ocrx_word' id='word_1_242' title='bbox 512 2457 550 2498; x_wconf 90' lang='lat'>7.</span> <span class='ocrx_word' id='word_1_243' title='bbox 579 2451 866 2499; x_wconf 78' lang='lat' dir='ltr'>Cincinnatus</span> <span class='ocrx_word' id='word_1_244' title='bbox 895 2466 995 2498; x_wconf 87' lang='lat' dir='ltr'>cum</span> <span class='ocrx_word' id='word_1_245' title='bbox 1022 2459 1193 2513; x_wconf 85' lang='lat' dir='ltr'>septem</span> <span class='ocrx_word' id='word_1_246' title='bbox 1221 2449 1428 2512; x_wconf 76' lang='lat' dir='ltr'>iug&#39;erum</span> <span class='ocrx_word' id='word_1_247' title='bbox 1455 2465 1614 2512; x_wconf 77' lang='lat' dir='ltr'>agrum</span> <span class='ocrx_word' id='word_1_248' title='bbox 1641 2457 1801 2502; x_wconf 80' lang='lat' dir='ltr'>araret,</span> 
     </span>
    </p>

    <p class='ocr_par' dir='ltr' id='par_1_12' title="bbox 192 2522 1799 2584">
     <span class='ocr_line' id='line_1_34' title="bbox 192 2522 1799 2584; baseline -0.001 -16"><span class='ocrx_word' id='word_1_249' title='bbox 192 2524 275 2569; x_wconf 80' lang='lat' dir='ltr'>tria</span> <span class='ocrx_word' id='word_1_250' title='bbox 303 2526 460 2583; x_wconf 79' lang='lat' dir='ltr'>iugera</span> <span class='ocrx_word' id='word_1_251' title='bbox 500 2537 551 2568; x_wconf 82' lang='lat' dir='ltr'>ex</span> <span class='ocrx_word' id='word_1_252' title='bbox 577 2523 647 2568; x_wconf 89' lang='lat' dir='ltr'>his</span> <span class='ocrx_word' id='word_1_253' title='bbox 683 2538 766 2584; x_wconf 87' lang='lat' dir='ltr'>pro</span> <span class='ocrx_word' id='word_1_254' title='bbox 806 2524 947 2569; x_wconf 78' lang='lat' dir='ltr'>amico</span> <span class='ocrx_word' id='word_1_255' title='bbox 985 2524 1039 2569; x_wconf 79' lang='lat' dir='ltr'>ad</span> <span class='ocrx_word' id='word_1_256' title='bbox 1077 2524 1300 2569; x_wconf 73' lang='lat' dir='ltr'>aerarium</span> <span class='ocrx_word' id='word_1_257' title='bbox 1337 2522 1600 2581; x_wconf 81' lang='lat' dir='ltr'>subsignata</span> <span class='ocrx_word' id='word_1_258' title='bbox 1636 2522 1799 2566; x_wconf 79' lang='lat' dir='ltr'>amisit.</span> 
     </span>
    </p>

    <p class='ocr_par' dir='ltr' id='par_1_13' title="bbox 188 2591 1800 2654">
     <span class='ocr_line' id='line_1_35' title="bbox 188 2591 1800 2654; baseline -0.002 -16"><span class='ocrx_word' id='word_1_259' title='bbox 188 2598 229 2639; x_wconf 77' lang='lat'>8.</span> <span class='ocrx_word' id='word_1_260' title='bbox 267 2594 381 2641; x_wconf 87' lang='lat' dir='ltr'>Aelii</span> <span class='ocrx_word' id='word_1_261' title='bbox 410 2595 602 2640; x_wconf 82' lang='lat' dir='ltr'>sedecim</span> <span class='ocrx_word' id='word_1_262' title='bbox 631 2595 789 2640; x_wconf 77' lang='lat' dir='ltr'>eodeni</span> <span class='ocrx_word' id='word_1_263' title='bbox 816 2601 1022 2654; x_wconf 86' lang='lat' dir='ltr'>tempore</span> <span class='ocrx_word' id='word_1_264' title='bbox 1049 2594 1234 2639; x_wconf 85' lang='lat' dir='ltr'>fuerunt</span> <span class='ocrx_word' id='word_1_265' title='bbox 1259 2594 1461 2639; x_wconf 87' lang='lat' dir='ltr'>contenti</span> <span class='ocrx_word' id='word_1_266' title='bbox 1497 2606 1586 2638; x_wconf 86' lang='lat' dir='ltr'>una</span> <span class='ocrx_word' id='word_1_267' title='bbox 1612 2591 1800 2637; x_wconf 84' lang='lat' dir='ltr'>domun-</span> 
     </span>
    </p>
   </div>
   <div class='ocr_carea' id='block_1_5' title="bbox 7 2703 1799 2841">
    <p class='ocr_par' dir='ltr' id='par_1_14' title="bbox 7 2703 1799 2841">
     <span class='ocr_line' id='line_1_36' title="bbox 7 2703 1799 2787; baseline -0.002 -17"><span class='ocrx_word' id='word_1_268' title='bbox 7 2745 60 2787; x_wconf 41' lang='grc' dir='ltr'>ᾗ</span> <span class='ocrx_word' id='word_1_269' title='bbox 304 2734 357 2773; x_wconf 89' lang='grc'>10</span> <span class='ocrx_word' id='word_1_270' title='bbox 379 2732 502 2772; x_wconf 83' lang='lat' dir='ltr'>atilii</span> <span class='ocrx_word' id='word_1_271' title='bbox 522 2733 626 2772; x_wconf 77' lang='lat' dir='ltr'>DF:</span> <span class='ocrx_word' id='word_1_272' title='bbox 650 2731 761 2772; x_wconf 86' lang='lat' dir='ltr'>adili</span> <span class='ocrx_word' id='word_1_273' title='bbox 782 2703 841 2780; x_wconf 54' lang='lat' dir='ltr'>B,</span> <span class='ocrx_word' id='word_1_274' title='bbox 872 2731 1012 2772; x_wconf 86' lang='lat' dir='ltr'>aedili</span> <span class='ocrx_word' id='word_1_275' title='bbox 1034 2731 1057 2770; x_wconf 86' lang='lat' dir='ltr'>b</span> <span class='ocrx_word' id='word_1_276' title='bbox 1121 2732 1170 2770; x_wconf 82' lang='lat'>12</span> <span class='ocrx_word' id='word_1_277' title='bbox 1200 2743 1372 2782; x_wconf 88' lang='lat' dir='ltr'>resque·</span> <span class='ocrx_word' id='word_1_278' title='bbox 1387 2742 1499 2770; x_wconf 75' lang='lat' dir='ltr'>corr.</span> <span class='ocrx_word' id='word_1_279' title='bbox 1525 2741 1582 2769; x_wconf 66' lang='lat' dir='ltr'>eat</span> <span class='ocrx_word' id='word_1_280' title='bbox 1602 2728 1735 2778; x_wconf 86' lang='lat' dir='ltr'>isque</span> <span class='ocrx_word' id='word_1_281' title='bbox 1757 2726 1799 2766; x_wconf 83' lang='lat' dir='ltr'><em>B</em></span> 
     </span>
     <span class='ocr_line' id='line_1_37' title="bbox 190 2785 1798 2841; baseline -0.004 -12"><span class='ocrx_word' id='word_1_282' title='bbox 190 2789 242 2829; x_wconf 85' lang='lat'>17</span> <span class='ocrx_word' id='word_1_283' title='bbox 269 2789 374 2839; x_wconf 75' lang='lat' dir='ltr'>fort.</span> <span class='ocrx_word' id='word_1_284' title='bbox 400 2789 777 2841; x_wconf 84' lang='lat' dir='ltr'>subsignauerat‚</span> <span class='ocrx_word' id='word_1_285' title='bbox 812 2803 851 2830; x_wconf 84' lang='lat' dir='ltr'>u.</span> <span class='ocrx_word' id='word_1_286' title='bbox 874 2788 915 2827; x_wconf 91' lang='lat' dir='ltr'><em>P</em></span> <span class='ocrx_word' id='word_1_287' title='bbox 942 2794 982 2828; x_wconf 79' lang='lat' dir='ltr'>et</span> <span class='ocrx_word' id='word_1_288' title='bbox 1010 2787 1197 2827; x_wconf 69' lang='lat' dir='ltr'>Dz‘rlcsen</span> <span class='ocrx_word' id='word_1_289' title='bbox 1218 2787 1337 2826; x_wconf 62' lang='lat' dir='ltr'>silan.</span> <span class='ocrx_word' id='word_1_290' title='bbox 1361 2786 1506 2825; x_wconf 76' lang='lat' dir='ltr'>Latin.</span> <span class='ocrx_word' id='word_1_291' title='bbox 1532 2798 1578 2836; x_wconf 85' lang='lat' dir='ltr'>p.</span> <span class='ocrx_word' id='word_1_292' title='bbox 1603 2785 1702 2823; x_wconf 77' lang='lat'><em>920¹</em></span> <span class='ocrx_word' id='word_1_293' title='bbox 1745 2785 1798 2823; x_wconf 82' lang='lat'>23</span> 
     </span>
    </p>
   </div>
   <div class='ocr_carea' id='block_1_6' title="bbox 187 2844 1798 2954">
    <p class='ocr_par' dir='ltr' id='par_1_15' title="bbox 187 2844 1798 2954">
     <span class='ocr_line' id='line_1_38' title="bbox 187 2844 555 2897; baseline -0.003 -13"><span class='ocrx_word' id='word_1_294' title='bbox 187 2848 320 2897; x_wconf 74' lang='lat' dir='ltr'>patet</span> <span class='ocrx_word' id='word_1_295' title='bbox 341 2844 383 2884; x_wconf 90' lang='lat' dir='ltr'><em>B</em></span> <span class='ocrx_word' id='word_1_296' title='bbox 403 2846 445 2883; x_wconf 82' lang='lat' dir='ltr'>in</span> <span class='ocrx_word' id='word_1_297' title='bbox 467 2858 555 2884; x_wconf 78' lang='lat' dir='ltr'>ras.</span> 
     </span>
     <span class='ocr_line' id='line_1_39' title="bbox 302 2898 1798 2954; baseline -0.003 -13"><span class='ocrx_word' id='word_1_298' title='bbox 302 2902 356 2942; x_wconf 77' lang='lat'>28</span> <span class='ocrx_word' id='word_1_299' title='bbox 384 2901 576 2954; x_wconf 87' lang='lat' dir='ltr'>papinia</span> <span class='ocrx_word' id='word_1_300' title='bbox 613 2901 653 2939; x_wconf 91' lang='lat' dir='ltr'><em>V</em></span> <span class='ocrx_word' id='word_1_301' title='bbox 718 2903 771 2941; x_wconf 86' lang='lat'>30</span> <span class='ocrx_word' id='word_1_302' title='bbox 801 2913 958 2953; x_wconf 84' lang='lat' dir='ltr'>agrum</span> <span class='ocrx_word' id='word_1_303' title='bbox 991 2900 1088 2939; x_wconf 88' lang='lat' dir='ltr'>eius</span> <span class='ocrx_word' id='word_1_304' title='bbox 1119 2898 1209 2938; x_wconf 91' lang='lat' dir='ltr'>coli</span> <span class='ocrx_word' id='word_1_305' title='bbox 1239 2898 1359 2937; x_wconf 62' lang='lat' dir='ltr'>Maik.</span> <span class='ocrx_word' id='word_1_306' title='bbox 1396 2908 1543 2936; x_wconf 86' lang='lat' dir='ltr'>rerum</span> <span class='ocrx_word' id='word_1_307' title='bbox 1575 2908 1672 2936; x_wconf 88' lang='lat' dir='ltr'>cum</span> <span class='ocrx_word' id='word_1_308' title='bbox 1703 2908 1798 2936; x_wconf 86' lang='lat' dir='ltr'>ma·</span> 
     </span>
    </p>
   </div>
   <div class='ocr_carea' id='block_1_7' title="bbox 26 2952 1653 3010">
    <p class='ocr_par' dir='ltr' id='par_1_16' title="bbox 26 2952 1653 3010">
     <span class='ocr_line' id='line_1_40' title="bbox 26 2952 1653 3010; baseline -0.006 -8"><span class='ocrx_word' id='word_1_309' title='bbox 26 2979 67 3002; x_wconf 56' lang='lat' dir='ltr'>aaa</span> <span class='ocrx_word' id='word_1_310' title='bbox 189 2958 259 3010; x_wconf 82' lang='lat' dir='ltr'>gis</span> <span class='ocrx_word' id='word_1_311' title='bbox 278 2958 333 2998; x_wconf 72' lang='lat' dir='ltr'>vV</span> <span class='ocrx_word' id='word_1_312' title='bbox 385 2959 437 2998; x_wconf 79' lang='lat'>32</span> <span class='ocrx_word' id='word_1_313' title='bbox 460 2957 735 3010; x_wconf 83' lang='lat' dir='ltr'>subsignata</span> <span class='ocrx_word' id='word_1_314' title='bbox 759 2957 916 2997; x_wconf 88' lang='lat' dir='ltr'>amisit</span> <span class='ocrx_word' id='word_1_315' title='bbox 937 2969 1036 2997; x_wconf 80' lang='lat' dir='ltr'>nos:</span> <span class='ocrx_word' id='word_1_316' title='bbox 1068 2953 1381 3007; x_wconf 75' lang='lat' dir='ltr'>subsignanda</span> <span class='ocrx_word' id='word_1_317' title='bbox 1401 2952 1528 2993; x_wconf 81' lang='lat' dir='ltr'>misit</span> <span class='ocrx_word' id='word_1_318' title='bbox 1555 2952 1600 2992; x_wconf 92' lang='lat' dir='ltr'><em>V</em></span> <span class='ocrx_word' id='word_1_319' title='bbox 1651 2977 1653 2980; x_wconf 58' lang='lat'>&lt;</span> 
     </span>
    </p>
   </div>
  </div>
 </body>
</html>
