1936 3120
483 77 486 80 ⁴
1059 55 1069 93 r

186 119 217 149 '
710 153 799 206 vn,
826 156 853 199 5
871 179 930 187 -
946 153 1032 206 vn,
1061 155 1130 199 15.
1623 146 1729 200 495

116 271 304 317 inermis
340 269 394 315 ad
431 282 533 315 eum
568 268 717 315 locum
745 267 940 319 ueniret,
978 267 1024 312 in
1060 280 1150 328 quo
1176 265 1347 312 latebat
1371 265 1552 312 Poenus
1576 266 1722 327 Mago,
1744 280 1901 311 vam.

118 348 164 388 et
191 340 245 388 ab
271 355 326 387 eo
354 341 533 387 occisus
559 345 644 385 est.

226 415 295 457 10.
331 410 590 461 Marcellus,
627 410 951 471 Syracusarum
988 410 1140 455 uictor
1165 414 1210 454 et
1237 407 1422 468 fugator
1448 407 1722 460 Hannibalis,
1745 412 1787 464 6,
1810 413 1835 453 9

118 497 220 530 cum
248 481 470 529 sollemne
496 495 672 527 sacrum
700 481 883 531 faceret,
911 482 1082 540 primae
1104 478 1281 525 hostiae
1307 480 1433 525 iecur
1460 479 1559 525 sine
1579 479 1728 540 capite

82 565 103 598 5
119 553 292 605 habuit,
320 552 542 598 secundae
568 551 736 612 duplici
764 551 926 612 capite.
973 551 1173 611 aruspici
1199 549 1433 611 displicuit
1454 557 1562 611 post
1582 552 1727 611 prima

119 625 264 670 tristia
302 624 541 685 sequentia
577 621 711 668 nimis
747 621 862 669 laeta
890 635 1005 668 esse.
1056 623 1215 682 itaque
1240 621 1478 668 Marcellus
1514 636 1616 668 cum
1653 635 1728 667 ex-

114 695 343 757 ploratum
357 701 496 741 noctu
509 695 829 755 processisset,
844 693 888 738 in
900 692 1089 739 Bruttiis
1111 707 1134 738 a
1147 693 1309 739 Poenis
1324 692 1625 753 interemptus
1640 699 1725 739 est.

221 768 292 810 11.·
325 765 539 812 Octauius
566 764 742 826 collega
769 765 936 810 Cinnae
962 764 1080 810 uidit
1105 764 1328 824 Apollinis
1357 770 1492 824 caput
1520 778 1543 810 e
1571 769 1722 809 statua
1744 767 1786 819 6,
1810 768 1864 809 10

120 837 361 888 cecidisse,
408 836 528 897 quod
564 842 701 896 caput
742 835 878 881 euelli
917 841 1036 881 terra
1072 836 1257 881 omnino
1298 849 1390 881 non
1427 834 1594 895 potuit.
1646 848 1728 882 nec
1800 892 1802 895 v

52 920 94 959 ιο
119 908 309 969 longum
337 921 438 954 cum
468 901 652 970 [Cinna]
682 907 906 952 dissidens
933 921 957 952 a
984 905 1156 967 collega
1182 907 1336 967 periit.
1387 912 1524 967 caput
1550 911 1727 952 statuae

114 986 222 1040 post
247 978 406 1026 Octaui
431 991 623 1040 poenam
649 976 850 1023 leuatum
877 984 961 1023 est.

222 1053 290 1095 12.
330 1049 522 1096 Crassus
548 1049 765 1094 triumuir
791 1049 1085 1094 dimicaturus
1113 1047 1292 1094 Charris
1328 1062 1429 1094 cum
1456 1054 1592 1109 gente
1618 1047 1723 1093 Per·
1744 1053 1785 1104 6,
1809 1053 1861 1093 11

116 1135 268 1167 sarum
294 1120 470 1182 pullum
497 1121 674 1180 accepit
700 1119 1084 1180 paludamentum,
1111 1133 1211 1165 cum
1239 1119 1380 1165 moris
1408 1119 1548 1165 fuerit
1576 1119 1727 1166 candi-

116 1192 221 1238 dum
250 1192 404 1238 offerri
444 1192 543 1237 siue
569 1204 876 1252 purpureum:
917 1204 1006 1236 una
1034 1192 1166 1236 etiam
1194 1190 1448 1251 aquilarum
1475 1191 1552 1236 uix
1575 1192 1730 1252 potuit

52 1273 93 1306 15
117 1262 268 1310 euelli.
322 1263 368 1308 in
401 1262 628 1323 proelium
665 1262 1000 1322 prodeuntibus
1042 1260 1182 1308 altera
1209 1261 1358 1322 aquila
1385 1276 1486 1308 cum
1514 1261 1726 1312 ferretur,

114 1341 369 1379 retrorsum
406 1347 540 1380 uersa
576 1339 661 1378 est.
724 1347 827 1378 mox
871 1334 1132 1379 innumerae
1175 1333 1477 1379 Romanorum
1524 1332 1727 1378 cecidere

111 1404 333 1464 legiones,
375 1405 422 1450 in
449 1410 699 1464 conspectu
724 1406 869 1464 patriS
896 1403 1018 1450 filius
1043 1403 1205 1464 periit:
1245 1403 1434 1449 Crassus
1462 1403 1559 1464 ipse
1587 1403 1727 1450 iacuit

111 1475 373 1522 inhumatus
400 1482 444 1520 et
469 1474 677 1521 ludibriis
703 1476 863 1536 patuit.

221 1549 288 1591 13.
329 1546 405 1592 Cn.
441 1545 659 1606 Pompeio
703 1545 908 1591 mouenti
948 1547 1076 1606 signa
1110 1546 1382 1606 Dyrrhachio
1420 1544 1608 1591 fulmina
1647 1545 1721 1591 ad·
1744 1550 1782 1596 6,
1808 1550 1859 1589 12

50 1627 93 1660 20
117 1630 252 1662 uersa
288 1622 608 1666 occurrerunt,
648 1630 755 1677 apes
793 1630 974 1676 quoque
1011 1617 1221 1662 obsidere
1263 1617 1438 1662 uexilla.
1493 1631 1583 1677 quo
1620 1616 1723 1662 uiso

120 1686 303 1733 subitus
329 1700 507 1733 maeror
532 1687 737 1733 confudit
764 1688 1034 1734 exercitum:
1075 1688 1292 1748 sugerunt
1318 1689 1511 1738 hostiae,
1539 1689 1584 1732 in
1612 1693 1725 1732 tem-

118 1757 208 1820 plis
237 1757 475 1804 simulacra
504 1771 724 1804 conuersa
752 1764 873 1808 sunt,
910 1758 994 1803 alia
1023 1758 1263 1809 fleuerunt,
1306 1758 1391 1805 alia
1429 1758 1720 1804 sudauerunt.

118 1836 273 1875 tantus
317 1843 428 1875 uero
474 1829 520 1874 in
555 1833 659 1874 ae‘re
695 1842 924 1874 armorum
962 1831 1181 1890 strepitus
1217 1829 1326 1881 fuit,
1371 1836 1422 1874 ut
1457 1828 1722 1875 Antiochiae

118 1901 250 1961 quasi
275 1900 331 1945 ad
355 1900 598 1945 aduentum
623 1899 826 1945 hostium
853 1899 898 1944 in
925 1914 1079 1946 muros
1106 1907 1470 1946 concurreretur.
1523 1899 1607 1945 sub
1634 1906 1724 1944 sta-

54 1981 96 2014 25
122 1977 196 2017 tua
232 1970 432 2017 Caesaris
470 1971 641 2017 eisdem
678 1971 961 2031 temporibus
998 1971 1224 2016 Trallibus
1271 1972 1316 2016 in
1352 1971 1460 2017 aede
1495 1970 1722 2016 Victoriae

116 2055 307 2103 procera
333 2042 479 2103 palma
500 2048 629 2087 enata
651 2047 734 2092 est,
764 2056 814 2087 ac
834 2056 937 2088 mox
950 2042 1175 2088 Farsalica
1195 2049 1264 2087 est
1285 2043 1490 2087 nuntiata
1510 2043 1719 2088 uictoria.

223 2115 290 2158 14.
330 2115 580 2173 Antequam
608 2112 770 2158 Caesar
795 2113 1078 2159 occideretur
1103 2115 1148 2158 in
1176 2114 1314 2164 curia,
1354 2120 1456 2159 ante
1484 2113 1579 2158 dies
1605 2127 1714 2174 pau·
1738 2113 1777 2167 6,
1804 2118 1856 2158 13

116 2197 194 2230 cos
220 2182 339 2230 boue
365 2198 417 2229 ex
441 2196 569 2229 more
595 2190 786 2230 mactata
813 2198 893 2229 cor
918 2184 964 2229 in
987 2183 1101 2229 extis
1121 2198 1212 2230 non
1235 2191 1306 2230 est
1325 2191 1571 2245 repertum.
1600 2184 1723 2245 quod

117 2268 218 2299 cum
245 2254 472 2314 Spurinna
499 2256 845 2315 pronuntiasset
870 2247 924 2302 ad
950 2257 1071 2302 uitae
1097 2255 1351 2316 periculum
1378 2255 1624 2316 pertinere,
1661 2257 1722 2300 ait

52 2334 94 2368 30
118 2323 281 2369 Caesar
307 2326 585 2371 constantiae
606 2340 801 2371 memor:
847 2324 1079 2382 ‘miraris,
1120 2328 1156 2371 si
1191 2341 1270 2372 cor
1295 2326 1380 2372 bos
1406 2341 1497 2372 non
1523 2325 1718 2372 habet?'

115 2394 193 2440 sed
218 2408 322 2440 mox
349 2395 389 2441 ei
415 2395 536 2440 uitae
562 2394 665 2441 finis
693 2396 794 2441 fuit.

221 2467 287 2510 15.
326 2466 458 2510 Xerxi
485 2465 582 2526 regi
607 2466 847 2512 Persarum
875 2480 990 2527 equa
1016 2467 1221 2527 leporem
1246 2466 1427 2528 peperit
1453 2467 1498 2511 in
1526 2468 1712 2513 castris:
1735 2478 1775 2529 6,
1798 2469 1888 2518 E.1'

115 2550 204 2596 quo
233 2536 444 2596 prodigio
472 2538 817 2597 pronuntiatum
859 2545 928 2583 est
954 2537 1120 2582 milites
1148 2539 1246 2583 eius
1272 2550 1444 2598 pauore
1471 2538 1715 2597 fugituros.

113 2620 244 2652 omen
274 2613 493 2652 euentum
520 2614 723 2653 secutum
751 2614 847 2654 est:
874 2622 977 2654 nam
1004 2608 1080 2653 diu
1106 2610 1254 2654 uictor
1280 2608 1416 2654 miser
1442 2609 1644 2655 recessit.

545 2701 588 2727 m

226 2746 253 2784 4
274 2742 471 2798 sacrum]
500 2757 581 2784 sac
604 2757 656 2785 eo
678 2744 933 2786 lemenibus
958 2746 992 2787 C
1068 2747 1092 2787 6
1115 2750 1338 2800 sequente
1362 2746 1526 2787 aninus
1547 2746 1589 2786 B
1665 2749 1717 2788 10

111 2799 260 2842 Cinna
278 2803 424 2855 glossa
444 2803 611 2842 uidetur
649 2797 669 2855 ll
710 2815 736 2842 a
758 2804 839 2843 del.
864 2803 960 2842 Mai
1026 2803 1078 2843 12
1102 2815 1202 2843 cum
1225 2807 1362 2856 gente
1386 2816 1536 2844 sarum
1566 2803 1599 2844 0
1662 2804 1715 2843 15

109 2857 439 2910 prodeuntibus
465 2861 535 2898 est
557 2857 708 2899 altera
731 2859 765 2899 C
838 2861 893 2900 20
924 2858 1146 2900 obsedere
1176 2860 1273 2900 Mai
1348 2861 1401 2901 25
1432 2860 1658 2900 arallibus
1684 2860 1718 2900 C

109 2915 164 2954 26
185 2917 297 2955 nata
321 2915 354 2955 G
410 2916 464 2955 28
486 2928 540 2954 an
560 2918 764 2956 mactato
786 2917 804 2955 ?
825 2913 843 2969 Η
864 2916 912 2956 in
935 2916 1048 2957 estis
1072 2916 1104 2958 G
1142 2918 1196 2958 33
1220 2917 1716 2972 praenunciatumMaj

109 2968 166 3011 34
187 2975 401 3012 euentum
423 2973 524 3013 add.
552 2971 690 3012 Christ
711 2992 712 2995 ¹
