1924 3152
209 134 310 187 166
901 140 999 184 LIB.
1038 139 1124 186 ΠΗ.

206 248 383 299 iussos
412 246 578 298 etiam
611 263 645 302 a
669 244 915 298 Laeuino
945 246 1227 308 discedere
1253 266 1563 318 remanere,
1598 260 1660 304 ut
1686 270 1819 306 suae

208 317 516 370 defensioni
564 316 918 382 interessent,
972 319 1176 386 coegit,
1229 337 1291 370 ac
1343 320 1542 373 deinde
1590 329 1819 393 utraque

206 395 361 457 parte
387 393 646 456 perorata
682 385 1006 439 excedentes
1034 389 1182 440 curia
1210 390 1530 444 subsecutus
1558 399 1667 458 est,
1713 411 1817 462 quo

206 457 430 509 liberius
469 464 691 508 senatus
737 458 1061 510 sententiam
1094 459 1281 512 ferret.
1343 460 1649 532 inprobatis
1691 481 1821 533 quo-

164 546 185 579 5
244 546 310 579 ue
348 546 534 580 eorum
561 526 814 597 querellis
844 546 944 598 sup
986 528 1116 580 lices
1153 538 1206 582 et
1232 539 1446 584 orantes
1480 539 1542 583 ut
1568 532 1638 585 ab
1665 550 1727 584 eo
1762 534 1820 584 in

205 548 513 650 ‹qssientelam
533 598 904 668 reciperentur
923 617 951 651 c
976 608 1216 653 ementer
1236 603 1466 672 excepit.
1507 620 1670 672 super
1684 603 1821 655 haec

206 668 450 721 Siciliam
478 668 701 721 sortitus
730 687 850 720 eam
875 670 1216 738 prouinciam
1242 670 1478 741 collegae
1505 673 1686 724 cessit.
1738 681 1817 726 to-

206 740 346 792 tiens
384 738 629 791 laudatio
656 738 903 790 Marcelli
937 740 1140 791 uariari
1173 759 1282 792 non
1315 749 1530 811 potest,
1566 744 1816 812 quotiens

204 810 323 879 ipse
372 809 529 872 nouis
580 809 845 877 gradibus
895 810 1284 864 moderationis
1334 811 1599 864 aduersus
1646 813 1818 866 socios

140 900 181 933 10
204 899 334 932 usus
362 887 463 931 est.

312 950 361 1002 8.
402 950 582 1016 Quam
610 950 694 1001 Ti.
735 951 899 1002 etiam
927 950 1206 1003 Gracchus
1236 950 1615 1005 admirabilem
1642 971 1700 1005 se
1727 971 1818 1004 ex-

202 1021 408 1074 hibuit!
456 1020 709 1073 tribunus
748 1021 893 1071 enim
931 1020 1004 1090 pl.
1043 1040 1166 1073 cum
1204 1039 1274 1073 ex
1306 1022 1555 1091 professo
1590 1023 1818 1075 inimici-

204 1092 310 1142 tias
338 1109 460 1142 cum
487 1091 753 1143 Africano
793 1099 847 1142 et
873 1090 1118 1143 Asiatico
1147 1091 1490 1161 Scipionibus
1528 1100 1740 1162 gereret
1767 1100 1820 1145 et

203 1162 483 1213 Asiaticus
512 1161 784 1212 iudicatae
809 1162 1072 1230 pecuniae
1100 1161 1368 1214 satisdare
1394 1181 1502 1214 non
1526 1170 1714 1232 posset
1741 1170 1818 1214 at-

139 1248 181 1281 15
206 1250 310 1301 que
346 1231 467 1283 ideo
516 1249 548 1282 a
585 1230 804 1284 consule
849 1232 907 1282 in
939 1230 1159 1283 uincula
1204 1230 1424 1300 publica
1467 1232 1593 1284 duci
1635 1234 1817 1284 iussus

205 1310 348 1354 esset
374 1300 811 1371 appellassetque
839 1300 1126 1370 collegium
1151 1302 1524 1369 tribunorum,
1551 1302 1699 1356 nullo
1725 1321 1816 1355 uo-

203 1370 349 1424 lente
394 1371 758 1437 intercedere,
813 1371 1038 1423 secessit
1083 1390 1115 1423 a
1156 1370 1386 1440 collegis
1434 1371 1818 1443 decretumque

205 1443 502 1511 conposuit.
570 1459 670 1492 nec
704 1441 991 1511 quisquam
1027 1441 1301 1495 dubitauit
1335 1442 1463 1511 quin
1499 1442 1554 1494 in
1591 1461 1653 1495 eo
1690 1443 1818 1495 scri-

203 1511 383 1574 bendo
419 1512 502 1563 ira
537 1512 723 1563 tinctis
762 1511 1028 1564 aduersus
1062 1512 1367 1564 Asiaticum
1401 1513 1582 1565 uerbis
1619 1531 1815 1565 usurus

140 1599 183 1631 20
207 1590 368 1634 esset.
437 1590 493 1634 at
527 1582 573 1633 is
611 1582 847 1652 primum
881 1582 1084 1633 iurauit
1120 1601 1177 1634 se
1219 1600 1341 1633 cum
1377 1582 1723 1652 Scipionibus
1759 1583 1818 1633 in

203 1652 442 1722 gratiam
467 1670 577 1704 non
602 1651 837 1718 redisse,
879 1653 1075 1704 deinde
1102 1651 1209 1704 tale
1238 1652 1514 1704 decretum
1539 1652 1813 1705 recitauit:

205 1741 328 1775 cum
363 1722 426 1774 L.
464 1721 749 1775 Cornelius
779 1723 959 1793 Scipio
996 1724 1083 1774 die
1118 1722 1383 1792 triumphi
1421 1723 1503 1774 sui
1538 1732 1664 1776 ante
1701 1741 1817 1775 cur·

202 1812 324 1844 rum
361 1800 508 1845 actos
537 1793 773 1846 hostium
801 1792 963 1845 duces
1002 1795 1059 1844 in
1086 1811 1358 1845 carcerem
1383 1793 1699 1859 coniecerit,
1738 1793 1817 1843 in-

205 1864 433 1933 dignum
469 1872 523 1915 et
558 1862 795 1915 alienum
830 1865 1117 1916 maiestate
1143 1862 1331 1933 populi
1356 1863 1587 1915 Romani
1619 1863 1815 1928 uideri,

140 1950 182 1983 25
206 1934 399 1986 eodem
440 1934 620 2004 ipsum
666 1934 814 1985 duci:
865 1935 1050 2004 itaque
1093 1934 1152 1985 id
1194 1953 1305 1986 non
1347 1952 1637 2003 passurum
1679 1933 1816 1985 fieri.

204 2003 441 2056 libenter
483 2012 611 2056 tunc
657 2004 970 2073 opinionem
1005 2022 1158 2055 suam
1193 2003 1425 2073 populus
1462 2003 1739 2055 Romanus
1785 2020 1818 2053 a

207 2073 457 2126 Graccho
504 2073 788 2142 deceptam
829 2073 1083 2141 cognouit
1121 2073 1655 2142 moderationemque
1700 2072 1815 2123 eius

206 2144 394 2197 debita
416 2142 577 2195 laude
603 2150 924 2212 prosecutus
952 2150 1051 2194 est.

91 2272 184 2308 Par.
209 2264 330 2307 nuit:
370 2277 421 2308 ac
447 2269 605 2322 postea
642 2262 740 2321 ipse
766 2275 898 2306 causa
925 2267 1135 2321 perorata
1172 2261 1321 2306 uictor
1356 2260 1532 2319 legatos
1571 2259 1817 2305 clementer

141 2344 184 2378 30
208 2334 398 2392 excepit.
459 2335 499 2377 8.
539 2333 602 2377 Ti.
631 2330 860 2377 Gracchus
890 2331 990 2376 trib.
1020 2331 1162 2391 pleb.‚
1191 2345 1291 2376 cum
1317 2337 1439 2376 esset
1463 2329 1671 2375 inimicus
1697 2330 1816 2375 Afri-

207 2417 319 2450 cano
358 2410 402 2448 et
439 2403 589 2448 Gnaeo
629 2401 941 2462 Scipionibus,
989 2407 1035 2446 et
1070 2401 1294 2447 Asiaticus
1335 2401 1556 2446 iudicatae
1600 2400 1818 2460 pecuniae

206 2473 424 2519 satisdare
458 2487 549 2519 non
584 2478 743 2533 posset
778 2479 914 2532 atque
940 2472 1040 2517 ideo
1080 2486 1103 2516 a
1130 2470 1316 2517 consule
1352 2473 1397 2517 in
1425 2485 1652 2517 carcerem
1685 2470 1818 2516 duce-

323 2599 344 2636 1
369 2610 395 2636 a
418 2597 449 2639 1.
473 2596 677 2637 laeuinio
701 2595 741 2636 B
801 2598 826 2641 3
847 2608 892 2633 *2*
914 2594 1192 2635 excedentes
1213 2594 1267 2642 B,
1302 2597 1348 2634 et
1370 2593 1644 2635 excedentes
1666 2594 1769 2633 dett.
1793 2590 1816 2701 q

209 2653 326 2706 quod
348 2653 390 2692 B
411 2658 510 2694 ante
530 2665 729 2693 rasuram
789 2653 812 2692 7
836 2664 890 2692 ea
912 2652 1153 2704 prouincia
1175 2650 1266 2699 GV,
1289 2650 1345 2700 cf.
1369 2652 1427 2690 ad
1448 2651 1484 2698 1,
1504 2652 1543 2696 5,
1561 2651 1588 2689 4
1649 2649 1698 2688 11
1721 2647 1792 2689 Ti.

206 2713 255 2749 Α..
286 2708 329 2748 Β
391 2711 442 2749 16
472 2708 697 2750 auxilium
717 2708 825 2749 trib.
847 2708 1131 2748 Kellerbauer
1198 2708 1248 2747 17
1280 2705 1490 2759 collegiis
1518 2705 1560 2745 B
1628 2703 1680 2744 18
1709 2703 1821 2756 quin

209 2778 262 2805 eo
291 2757 347 2804 B'
415 2766 467 2804 19
497 2767 569 2805 ira
597 2765 756 2805 tinctis
786 2764 971 2817 Kempf:
1002 2764 1114 2804 irati
1139 2762 1290 2803 noctis
1309 2762 1365 2809 B,
1404 2758 1638 2802 iracundis
1667 2759 1711 2799 B
1737 2759 1819 2812 my.

207 2823 262 2862 23
286 2823 417 2860 aetus
437 2820 481 2860 Β
547 2822 602 2860 24
625 2823 671 2861 et
691 2834 767 2862 om.
790 2815 847 2860 B'
867 2817 886 2874 Η
907 2833 934 2860 a
954 2821 1199 2860 maiestate
1221 2818 1245 2859 b
1264 2814 1285 2871 [l
1304 2831 1407 2871 pop.
1430 2813 1504 2870 R.]
1531 2828 1583 2869 pr
1603 2815 1646 2855 B
1665 2817 1708 2856 in
1727 2827 1818 2856 ras.

207 2879 365 2919 maiore
424 2877 478 2917 25
502 2876 659 2916 eodem
680 2877 723 2916 B
744 2890 857 2917 corr.
880 2890 938 2917 ex
960 2876 1152 2916 eundem

323 2936 373 2975 31
399 2933 557 2975 Gnaeo
585 2934 636 2982 V,
666 2934 710 2973 in
730 2946 808 2986 my.
833 2933 1029 2973 asiatico
1075 2973 1080 2977 ,
