1878 3132
0 0 62 27 5⁴?

220 132 292 183 44
938 135 1035 178 Llss.
1076 135 1102 177 l.

223 263 481 313 namque,
518 244 574 293 in
600 261 703 311 qua
730 242 774 292 is
805 240 1222 306 deuersabatur,
1262 247 1445 308 petere
1471 247 1694 292 conatus
1721 247 1823 291 est.

222 313 481 384 pestifero
524 311 720 363 deinde
769 310 881 363 fato
930 310 1043 361 eius
1087 309 1539 361 humanissimum
1581 309 1824 380 proposi-

223 394 337 435 tum
374 391 649 451 tamquam
685 398 1080 450 superuacuum
1116 381 1396 432 damnauit
1442 387 1493 432 et
1527 378 1724 432 lectum
1761 397 1825 431 ac

227 471 471 504 somnum
506 451 740 520 repetiit.
803 459 930 502 tunc
966 449 1113 502 idem
1149 451 1198 502 ei
1223 450 1440 502 saucius
1483 448 1695 502 oblatus
1730 449 1822 502 ob-

180 540 200 570 5
225 523 458 574 secrauit
484 529 569 587 ut,
608 522 861 590 quoniam
895 522 1041 571 uitae
1071 539 1200 572 suae
1235 519 1500 572 auxilium
1525 519 1668 572 ferre
1693 537 1822 587 neg-

223 593 473 656 lexisset,
511 592 633 642 neci
674 590 864 642 saltem
901 590 1163 642 ultionem
1199 609 1304 642 non
1339 594 1583 659 negaret:
1626 607 1821 658 corpus

225 663 366 714 enim
404 680 559 712 suum
597 680 629 711 a
655 678 857 729 copone
884 659 1214 711 trucidatum
1251 668 1367 712 tum
1401 661 1638 711 maxime
1673 659 1822 730 plau-

225 740 331 783 stro
367 731 501 783 ferri
528 730 599 781 ad
624 740 835 799 portam
872 739 1111 783 stercore
1150 739 1480 801 coopertum.
1549 738 1664 782 tam
1700 748 1823 781 con-

225 802 491 854 stantibus
528 799 812 851 familiaris
850 801 1101 869 precibus
1139 801 1429 870 conpulsus
1469 800 1716 868 protinus
1754 797 1825 850 ad

161 890 200 918 10
224 879 437 940 portam
463 871 701 922 cucurrit
727 878 778 921 et
804 869 1124 938 plaustrum,
1153 870 1296 940 quod
1322 871 1379 921 in
1400 871 1581 940 quiete
1608 867 1824 920 demon-

225 950 453 992 stratum
481 949 622 1005 erat,
667 939 1055 1009 conprehendit
1081 959 1449 1010 coponemque
1485 938 1558 990 ad
1591 937 1824 1009 capitale

225 1010 550 1081 supplicium
575 1009 849 1079 perduxit.

641 1149 800 1201 VIII.
875 1153 971 1200 BE
1003 1153 1402 1201 MIRACVLIS.

328 1246 500 1298 Multa
546 1248 709 1300 etiam
744 1248 985 1300 interdiu
1022 1257 1075 1299 et
1109 1247 1465 1316 uigilantibus
1511 1244 1827 1297 acciderunt

164 1335 202 1364 15
227 1317 448 1387 perinde
475 1337 538 1368 ac
556 1318 905 1370 tenebrarum
925 1319 1206 1388 somnique
1226 1317 1369 1387 nube
1388 1315 1658 1369 inuoluta:
1689 1333 1826 1385 quae

225 1389 350 1457 quia
391 1388 534 1439 unde
570 1388 912 1440 manauerint
950 1397 1045 1440 aut
1081 1407 1186 1458 qua
1228 1388 1438 1438 ratione
1482 1386 1829 1439 constiterint

227 1459 502 1509 dinoscere
553 1458 781 1510 arduum
828 1467 936 1525 est,
989 1459 1183 1510 merito
1234 1456 1498 1509 miracula
1545 1464 1822 1508 uocentur.

227 1546 451 1597 quorum
478 1547 504 1579 e
534 1547 728 1596 magno
758 1546 951 1580 aceruo
978 1529 1036 1579 in
1061 1529 1251 1598 primis
1279 1527 1416 1580 illud
1442 1527 1692 1579 occurrit.

335 1613 379 1662 1.
422 1611 558 1663 Cum
578 1612 723 1681 apud
743 1611 921 1663 lacum
942 1611 1213 1680 Regillum
1234 1611 1302 1662 A.
1323 1611 1636 1662 Postumius
1659 1609 1826 1661 dicta-

164 1698 204 1727 ·20
228 1689 314 1733 tor
340 1690 392 1732 et
418 1682 849 1735 Tusculanorum
876 1682 990 1734 dux
1014 1680 1291 1734 Mamilius
1322 1680 1585 1732 Octauius
1613 1679 1826 1748 magnis

226 1751 432 1804 uiribus
488 1753 626 1803 inter
672 1772 728 1804 se
767 1761 1148 1805 concurrerent
1198 1770 1259 1803 ac
1305 1758 1499 1802 neutra
1542 1751 1686 1802 acies
1734 1748 1827 1801 ali-

227 1821 484 1890 quamdiu
512 1823 704 1891 pedem
730 1824 975 1890 referret,
1005 1822 1199 1874 Castor
1224 1840 1288 1872 ac
1312 1819 1532 1887 Pollux,
1560 1820 1827 1871 Romana·
1863 1831 1878 1844 ·“

115 1959 204 1992 ραν,
231 1940 274 1983 in
303 1942 469 1984 somnis
498 1942 705 1985 comitem
734 1956 865 1986 suum
892 1948 1096 1987 orantem
1135 1948 1185 1985 ut
1211 1940 1292 1985 sihi
1322 1941 1513 1998 coponis
1541 1937 1714 1982 insidiis
1741 1937 1829 1982 cir·

229 2016 468 2053 cumuento
506 2010 780 2056 subueniret.
844 2026 932 2071 quo
970 2013 1075 2056 uisu
1113 2010 1332 2056 excitatus
1368 2008 1581 2068 prosiluit
1617 2014 1662 2052 et
1700 2008 1749 2051 iit
1776 2007 1830 2051 ad

167 2089 206 2119 25
235 2077 475 2122 tabernam.
536 2094 636 2124 cum
672 2083 817 2125 omnia
854 2083 971 2126 circa
1008 2095 1103 2126 eum
1142 2080 1292 2140 quieta
1329 2079 1541 2126 uidisset,
1577 2077 1742 2122 lectum
1779 2091 1829 2121 ac

233 2162 437 2192 somnum
465 2150 660 2207 repetiit.
728 2158 834 2196 tunc
860 2151 975 2196 idem
1003 2152 1183 2197 saucius
1210 2150 1398 2195 obortus
1424 2147 1557 2208 petiit
1592 2154 1642 2192 ut
1669 2145 1828 2192 saltem

230 2218 388 2261 mortis
425 2232 530 2262 suae
577 2219 698 2264 ultor
733 2223 1002 2266 exsisteret:
1052 2235 1219 2280 corpus
1263 2219 1379 2264 enim
1416 2231 1547 2263 suum
1592 2231 1616 2262 a
1653 2229 1829 2276 copone

234 2286 500 2332 trucidatum
541 2295 632 2332 tum
670 2291 857 2335 maxime
894 2292 1001 2336 ferri
1039 2299 1163 2336 extra
1190 2297 1367 2350 portam
1402 2295 1606 2333 stercore
1642 2287 1832 2345 adoper-

232 2363 338 2400 tum.
402 2365 550 2402 motus
588 2358 653 2403 his
681 2360 857 2405 iuuenis
885 2364 1093 2419 protinus
1121 2361 1174 2405 ad
1199 2367 1378 2420 portam
1404 2359 1624 2407 cucurrit,
1662 2363 1707 2401 et
1734 2369 1832 2400 sce·

168 2442 208 2473 30
233 2425 326 2470 lere
352 2426 573 2485 deprenso
602 2443 822 2488 coponem
850 2431 905 2475 ad
930 2431 1119 2490 capitale
1147 2429 1418 2490 supplicium
1445 2427 1583 2473 duxit.

336 2513 375 2553 1.
413 2511 506 2554 DE
555 2511 733 2556 VISIS.
793 2514 901 2558 Cum
928 2515 1046 2573 apud
1073 2515 1218 2559 lacum
1245 2512 1470 2573 Regillum
1495 2514 1544 2556 A.
1572 2511 1830 2556 Postumius

231 2579 421 2624 dictator
447 2587 491 2625 et
518 2581 604 2626 dux
617 2583 975 2628 Tusculanorum
989 2584 1208 2628 Mamilius
1223 2584 1433 2628 Octauius
1454 2579 1628 2639 magnis
1658 2579 1830 2624 uiribus

347 2689 367 2724 1
397 2686 717 2729 diuersabatur
745 2691 785 2729 B
844 2694 871 2730 4
899 2692 1067 2743 repetit
1097 2685 1149 2730 B'
1170 2688 1191 2746 [1
1210 2692 1398 2731 oborsus
1419 2690 1458 2728 P
1513 2688 1540 2727 8
1570 2690 1699 2727 extra
1730 2699 1832 2739 por-

231 2743 326 2780 tam
344 2745 400 2780 st.
420 2742 685 2794 adopertum
704 2747 745 2784 P
803 2749 853 2786 15
871 2747 1125 2798 somniique
1142 2747 1197 2794 B,
1221 2749 1359 2786 altera
1374 2746 1391 2784 i
1405 2749 1622 2797 punctam,
1647 2743 1831 2783 somnii-

234 2807 320 2847 que
343 2798 439 2839 edd.
502 2800 552 2837 19
575 2800 706 2839 aulus
729 2801 769 2839 B
829 2804 881 2841 22
905 2815 1190 2843 romanorum
1212 2802 1255 2842 B

343 2854 398 2892 25
421 2866 520 2892 eum
549 2854 594 2891 V
646 2857 698 2894 *26
721 2856 907 2896 oborsus
936 2858 986 2904 V,
1010 2872 1084 2900 em.
1108 2857 1390 2898 Kellerbauer
1447 2857 1501 2896 28
1523 2852 1637 2909 tum]
1665 2867 1765 2894 cum
1794 2855 1836 2894 V

231 2909 284 2948 32
306 2908 520 2948 manilius
549 2910 583 2947 V
