1878 3132
535 158 537 161 ·
569 140 685 184 011).
717 139 808 187 vu.
852 139 879 195 g
910 142 947 183 τ.
976 140 1017 181 3.
1047 139 1141 183 Eat.
1175 141 1208 182 1.
1238 143 1277 182 2.
1659 130 1730 182 39

106 249 336 302 missum
373 247 480 301 sibi
517 247 586 298 ab
624 245 760 298 Ioue
794 244 1010 297 mortali
1046 245 1225 315 specie
1261 243 1614 297 excelsiorem
1649 244 1729 295 iu-

107 337 302 371 uenem
360 316 704 370 inuadendae
756 315 950 367 Italiae
1016 316 1225 367 ducem.
1318 315 1470 367 cuius
1520 314 1731 367 monitu

109 389 284 512 primo
311 388 546 456 uestigia
570 385 775 438 nullam
801 386 858 467 in
883 395 1095 456 partem
1123 392 1334 449 deflexis
1360 395 1576 438 secutus
1605 402 1727 436 ocu-

129 479 147 512 1

152 479 175 512 3
190 500 204 526 ‚
236 479 367 512 mox
391 457 614 510 humani
640 457 848 526 ingenil
873 475 1046 527 prona
1071 457 1353 509 uoluntate
1379 457 1552 508 uetita
1580 474 1726 508 scru-
1797 465 1805 472 “

110 529 263 584 tandi
289 548 430 600 pone
454 529 770 598 respiciens,
799 527 1189 580 animaduertit
1214 528 1495 579 inmensae
1521 527 1727 596 magni-

109 601 317 653 tudinis
346 608 654 670 serpentem
691 599 964 652 concitato
1004 599 1213 668 impetu
1241 616 1422 663 omne,
1462 596 1730 668 quidquid

108 671 332 724 obuium
365 671 575 736 fuerat,
630 676 1031 739 proterentem,
1091 678 1321 739 postque
1367 687 1486 720 eam
1527 686 1727 736 magno

109 760 231 794 cum
259 741 397 794 caeli
422 740 640 809 fragore
668 748 1014 810 erumpentes
1043 740 1260 792 nimbos
1287 738 1464 791 lucem
1505 758 1572 791 ue
1600 737 1728 790 cali—

108 813 314 881 ginosis
348 810 651 864 inuolutam
684 811 944 878 tenebris.
1021 809 1298 863 adtonitus
1337 810 1464 863 dein
1510 829 1538 862 e
1574 809 1729 880 quid-

109 901 236 935 nam
278 882 336 934 id
371 891 515 934 esset
550 881 782 934 monstri
833 890 887 933 et
924 882 1055 951 quid
1100 881 1452 951 portenderet
1498 882 1726 933 interro-

1752 547 1772 577 5

1751 900 1792 931 10

109 954 278 1023 gauit.
332 951 1768 1074 Qsshahassuidesmnnqnuuzimnwtatemffi

109 1024 341 1095 proinde
369 1043 414 1075 31
439 1042 467 1075 0
494 1032 548 1075 et
575 1031 757 1075 cetera
782 1023 961 1074 tacitis
989 1024 1245 1092 permitte
1273 1023 1453 1075 fatis'.

214 1095 265 1147 2.
330 1093 510 1160 Quam
553 1094 693 1146 bene
729 1093 1087 1145 Macedoniae
1131 1113 1231 1145 rex
1267 1092 1587 1146 Alexander
1630 1111 1729 1164 per

109 1165 347 1235 quietem
372 1165 493 1216 uisa
522 1164 762 1232 imagine
798 1165 1171 1234 praemonitus
1199 1173 1315 1216 erat
1340 1172 1400 1216 ut
1424 1165 1571 1215 uitae
1599 1182 1728 1215 suae

109 1243 293 1288 custos
329 1244 472 1288 esset
498 1233 844 1303 diligentior,
883 1235 928 1286 si
966 1253 1089 1287 eum
1115 1235 1347 1287 cauendi
1384 1236 1551 1287 etiam
1587 1235 1727 1304 peri-

110 1306 218 1358 culi
268 1304 494 1358 consilio
545 1305 765 1357 fortuna
814 1306 1082 1358 instruere
1131 1305 1412 1358 uoluisset.
1494 1323 1727 1375 namque

110 1375 407 1430 Cassandri
434 1377 755 1446 pestiferam
782 1376 889 1428 sibi
910 1376 1195 1429 dexteram
1224 1378 1433 1428 somnio
1461 1377 1614 1446 prius
1642 1395 1728 1428 co-

109 1449 300 1516 gnouit
370 1466 498 1498 uam
534 1448 687 1499 exitu
723 1448 917 1499 sensit:
978 1448 1320 1499 existimauit
1359 1449 1504 1499 enim
1531 1447 1600 1498 ab
1634 1445 1728 1499 illo

113 1537 168 1570 se
194 1519 338 1570 inter
381 1518 450 1584 ci,
478 1536 601 1569 cum
628 1536 751 1570 eum
777 1536 1075 1588 numquam
1100 1518 1349 1570 uidisset,
1401 1518 1727 1587 interposito

113 1586 309 1642 deinde
344 1597 590 1660 tempore
617 1596 907 1659 postquam
942 1590 998 1640 in
1034 1598 1382 1659 conspectum
1417 1590 1593 1652 uenit,
1633 1606 1725 1640 no-

112 1660 290 1710 cturni
327 1667 503 1711 metus
530 1658 811 1729 patefacta
836 1660 1103 1728 imagine,
1140 1669 1201 1712 ut
1237 1660 1519 1730 Antipatri
1555 1657 1728 1709 filium

112 1747 231 1781 esse
266 1730 550 1798 cognouit,
588 1729 801 1782 adiecto
834 1742 998 1781 uersu
1029 1730 1275 1796 Graeco,
1315 1733 1407 1801 qui
1443 1729 1608 1781 fidem
1647 1748 1727 1781 so-

111 1800 382 1850 mniorum
402 1798 598 1861 eleuat,
625 1802 938 1869 praeparati
964 1801 1074 1851 iam
1095 1800 1359 1852 aduersus
1382 1809 1547 1869 caput
1570 1818 1729 1852 suum

110 1869 376 1935 ueneficii,
404 1887 509 1940 quo
536 1869 800 1923 occidisse
829 1870 1127 1922 Cassandri
1154 1889 1319 1922 manu
1345 1871 1612 1935 creditur,
1643 1889 1726 1921 su-

113 1941 409 2011 spicionem
436 1941 618 1993 animo
646 1940 864 1992 retudit.

109 2058 275 2105 ltaliae.
326 2065 433 2118 post
469 2059 603 2119 paulo
641 2061 909 2104 immensum
949 2062 1240 2120 conspexisse
1276 2067 1534 2120 serpentem
1573 2062 1723 2106 conci·
1792 2086 1801 2102 1

42 2140 47 2146 '
114 2134 207 2175 tato
234 2131 407 2190 impetu
434 2143 565 2175 omne
593 2130 806 2189 quicquid
835 2130 1021 2194 obuium
1051 2132 1199 2176 fuerat
1226 2138 1554 2191 proterentem.
1609 2138 1726 2175 atto-

113 2200 255 2245 nitum
282 2200 443 2245 demde
470 2199 680 2260 quidnam
718 2201 761 2245 id
789 2209 911 2246 esset
936 2203 1128 2246 monstri
1166 2204 1472 2260 interrogasse
1500 2204 1726 2251 iuuenem,

112 2282 305 2330 eumque
331 2271 631 2330 respondere:
670 2267 851 2316 ‘ltaliae
878 2271 1008 2317 uides
1035 2272 1319 2317 uastitatem:
1352 2273 1542 2332 proinde
1572 2272 1653 2317 sile
1683 2279 1727 2317 et

113 2347 259 2385 cetera
298 2341 446 2386 tacitis
484 2343 695 2400 permitte
732 2341 880 2386 satis’.
947 2346 986 2387 2.
1035 2342 1282 2388 Alexander
1319 2344 1405 2388 dux
1443 2344 1725 2388 Macedoniae
1751 2357 1768 2386 3

113 2423 194 2468 per
216 2410 414 2470 quietem
442 2414 537 2456 uisa
565 2411 759 2470 imagine
786 2414 1098 2472 praemonitus
1127 2420 1196 2458 est
1223 2421 1272 2458 111
1299 2415 1420 2458 uitae
1444 2428 1549 2458 suae
1570 2421 1727 2458 custos

113 2486 257 2525 esset:
309 2495 409 2525 nam
444 2481 679 2526 Cassandri
729 2483 990 2542 pestiferam
1027 2484 1111 2528 sibi
1150 2484 1349 2529 dextram
1386 2484 1562 2528 somnio
1599 2485 1727 2543 prius

225 2604 250 2642 3
273 2601 461 2643 deflexis
484 2604 583 2645 add.
614 2604 811 2644 Vorstius
833 2619 855 2645 e
880 2606 974 2645 [λιι.
999 2608 1187 2653 21‚22‚6
1207 2604 1225 2656 ΙΙ
1247 2606 1422 2645 secutis
1447 2598 1500 2644 B'
1559 2607 1584 2645 5
1606 2617 1726 2657 pene

56 2708 60 2710 Β
115 2651 167 2696 Β’
227 2661 251 2699 6
282 2658 496 2711 quicquid
517 2659 559 2698 B
618 2662 643 2700 8
673 2661 862 2711 nymbos
885 2661 927 2700 B
989 2665 1040 2702 10
1071 2662 1115 2700 id
1138 2664 1290 2701 addidi
1312 2675 1370 2701 ea:
1394 2663 1453 2707 P,·
1484 2662 1539 2714 cf.
1564 2647 1724 2702 &esde

113 2714 252 2754 Diuin.
278 2714 316 2762 J,
340 2717 363 2765 ξ
387 2717 441 2754 49
472 2715 696 2766 quodnam
726 2716 841 2755 illud
872 2722 996 2757 esset
1026 2717 1118 2758 tale
1150 2722 1422 2767 monstrum3
1468 2719 1618 2758 Liuius
1639 2720 1664 2758 l.
1688 2732 1722 2758 e.
1771 2716 1773 2718 ’

113 2769 280 2820 quidue
312 2771 510 2824 prodigii
542 2776 664 2811 esset
744 2773 794 2811 12
834 2775 1009 2812 tacitus
1043 2775 1178 2814 Periz.
1263 2777 1312 2813 13
1353 2788 1434 2814 rex
1465 2775 1528 2814 B.-
1569 2774 1660 2815 dux
1688 2775 1730 2813 P

115 2826 166 2865 18
189 2827 314 2892 eifitu
336 2840 416 2868 suo
439 2827 625 2881 Scanyer
683 2830 736 2869 -25
759 2828 930 2868 retudit
954 2830 1136 2882 Kempf:
1168 2830 1324 2870 retulit
1347 2831 1399 2878 B,
1425 2831 1595 2884 repulit
1618 2832 1723 2871 dect.

106 2895 278 2978 Ραααῐέξ)
301 2939 386 2979 3ῐ10
411 2944 456 2979 et
485 2941 525 2979 V
544 2954 657 2981 ιὀτνν.
682 2954 704 2981 e
728 2941 790 2981 sit
813 2933 864 2982 e}

1752 1253 1792 1284 15

1751 1608 1792 1638 20
