1878 3132
156 91 258 144 104
865 76 966 140 tm.
1004 95 1054 140 11

262 203 310 255 9.
351 202 618 255 Secuntur
646 204 749 254 duo
777 201 1024 254 eiusdem
1050 202 1266 271 generis
1295 203 1571 273 exempla,
1599 221 1663 256 ea
1699 222 1770 256 ue

154 273 418 326 adiecisse
447 273 578 324 satis
607 272 726 324 erit.
780 271 841 324 O.
864 272 1023 339 Geta,
1051 290 1173 324 cum
1199 291 1232 324 a
1255 273 1320 326 L.
1340 272 1562 326 Metello
1589 281 1642 326 et
1667 275 1769 328 bn.

153 343 400 396 Domitio
438 342 754 395 censoribus
792 352 985 395 senatu
1011 352 1192 396 motus
1221 352 1390 411 esset7
1428 351 1621 414 postea
1647 362 1768 396 cen-

155 433 245 467 sor
279 414 458 465 factus
499 422 599 465 est.
660 414 793 466 item
826 413 902 466 M.
931 412 1187 465 Valerius
1223 413 1485 466 Messalla
1519 414 1771 468 censoria

109 492 281 539 snota
322 484 645 554 perstrictus
698 484 1000 535 censoriam
1049 484 1399 565 postmodum
1440 491 1770 566 potestatem

151 555 487 624 impetrauit.
557 573 788 635 quorum
822 554 1122 622 ignominia
1154 554 1419 613 uirtutem
1452 555 1616 607 acuit.
1683 573 1769 606 ru-

150 626 283 678 bore
310 625 455 676 enim
483 625 597 677 eius
627 624 850 677 excitati
876 625 1128 685 omnibus
1147 625 1359 678 uiribus
1385 625 1769 691 incubuerunt,

151 705 213 748 ut
240 695 392 765 digni
427 694 639 747 ciuibus
676 693 992 747 uiderentur
1018 695 1214 765 quibus
1243 694 1362 747 dari
1388 695 1568 765 potius
1597 713 1770 765 quam

153 752 298 819 obici
324 783 551 818 censura
576 765 820 818 deberet.

87 914 131 947 10
620 891 695 944 X.
745 894 842 943 DE
875 894 1291 943 MAIESTATE.

258 976 362 1029 Est
389 984 442 1029 et
466 975 560 1028 illa
586 976 744 1056 quasi
769 976 990 1045 priuata
1016 993 1271 1039 censura,
1313 975 1571 1029 maiestas
1599 974 1770 1055 claro-

151 1065 273 1099 rum
298 1047 568 1113 uirorum7
599 1046 714 1098 sine
740 1045 1098 1098 tribunalium
1123 1045 1377 1115 fastigio,
1415 1046 1531 1098 sine
1558 1045 1771 1116 appari—

152 1126 332 1170 torum
345 1117 650 1170 ministerio
666 1124 860 1186 potens
882 1118 939 1168 in
960 1134 1058 1168 sua
1072 1116 1431 1197 amplitudine
1452 1115 1771 1169 obtinenda.

153 1196 311 1257 grato
350 1188 494 1239 enim
532 1196 585 1240 et
609 1187 847 1240 iucundo
874 1186 1100 1239 introitu
1135 1186 1330 1238 animis
1365 1186 1650 1239 hominum
1676 1185 1770 1266 ad—

88 1278 130 1311 15
152 1258 357 1311 labitur
376 1257 759 1310 admirationis
777 1265 1063 1327 praetexto
1078 1256 1281 1309 uelata.
1310 1275 1471 1337 quam
1489 1264 1634 1309 recte
1648 1255 1769 1327 quis

155 1329 361 1381 dixerit
385 1327 606 1397 longum
643 1335 696 1379 et
721 1327 946 1380 beatum
970 1325 1230 1379 honorem
1258 1345 1378 1379 esse
1405 1326 1521 1379 sine
1546 1326 1771 1380 honore.

262 1400 309 1450 1.
348 1397 533 1519 Nam}
555 1397 651 1449 uid
677 1398 799 1467 plus
828 1397 998 1450 tribui
1025 1397 1205 1467 potuit
1231 1396 1439 1450 consuli
1453 1437 1468 1464 7
1497 1415 1663 1467 quam
1689 1403 1771 1448 est

155 1469 345 1521 datum
378 1487 470 1521 reo
497 1466 760 1520 lietello‘?
801 1467 892 1538 qui
927 1486 1052 1520 cum
1087 1486 1312 1520 causam
1346 1467 1771 1537 repetundarum

156 1538 363 1591 diceret
396 1538 728 1608 tabulaeque
773 1539 890 1590 eius
927 1538 997 1590 ab
1035 1546 1352 1591 accusatore
1389 1536 1772 1607 expostulatae

89 1631 131 1663 20
155 1609 227 1661 ad
262 1626 460 1661 nomen
493 1607 894 1678 inspiciendum
928 1608 1074 1660 circa
1108 1607 1315 1661 iudices
1351 1607 1650 1673 ferrentur,
1694 1614 1771 1658 to-

154 1688 271 1732 tum
297 1680 586 1732 consilium
613 1678 683 1731 ab
712 1697 897 1730 earum
923 1678 1379 1759 contemplatione
1407 1678 1591 1731 oculos
1619 1695 1771 1729 auer-

154 1750 241 1816 tit,
269 1768 334 1801 ne
364 1749 430 1801 de
458 1749 641 1819 aliqua
660 1767 736 1816 re,
767 1767 905 1829 quae
932 1750 989 1799 in
1014 1749 1098 1802 his
1126 1749 1332 1801 relatae
1360 1756 1535 1815 erant,
1560 1746 1772 1800 uidere-

153 1829 244 1872 tur
270 1819 571 1872 dubitasse.
631 1838 740 1873 non
765 1819 822 1871 in
847 1818 1078 1885 tabulis7
1122 1818 1302 1872 sedin
1326 1819 1442 1871 uita
1468 1818 1535 1884 Q.
1561 1816 1774 1870 Metelli

154 1900 477 1959 argumenta
504 1890 712 1942 sincere
746 1889 1165 1942 administratae
1197 1889 1515 1960 prouinciae
1540 1884 1775 1957 legenda

92 2008 135 2041 25
160 2000 365 2039 senatum
392 1994 445 2044 de
472 1994 783 2053 permutandis
811 1993 1018 2052 captiuis,
1045 2007 1194 2053 neque
1221 1995 1557 2053 impetrassent,
1585 1993 1631 2036 in
1657 1990 1772 2036 urbe

39 2048 77 2083 P
73 2060 134 2082 “r
158 2070 490 2110 remanserunt.
542 2065 583 2107 9.
611 2063 655 2107 C.
678 2063 789 2110 Geta
817 2077 918 2108 cum
946 2078 970 2108 a
994 2063 1043 2107 L.
1063 2063 1243 2110 Metello
1272 2070 1318 2109 et
1343 2063 1421 2110 Cn.
1448 2063 1642 2108 Domitio
1671 2074 1774 2107 cen·

158 2134 341 2180 soribus
390 2140 548 2179 senatu
594 2140 746 2179 motus
787 2140 931 2184 esset,
983 2140 1143 2193 postea
1188 2147 1353 2179 censor
1390 2140 1462 2179 est
1498 2133 1657 2179 factus.
1711 2157 1769 2164 -

158 2205 213 2249 M.
233 2204 438 2250 Valerius
465 2202 669 2248 Messalla
700 2205 905 2249 censoria
933 2209 1040 2249 nota
1066 2205 1340 2263 perstrictus
1367 2204 1618 2248 censoriam
1645 2209 1774 2262 post·

155 2274 338 2320 modum
364 2280 638 2334 potestatem
664 2273 940 2334 impetrauit.

92 2360 136 2394 30
264 2347 305 2389 1.
351 2344 446 2389 DE
480 2343 876 2389 MAIESTATE.
951 2342 1023 2398 Q..
1038 2342 1246 2388 Metellus
1285 2357 1386 2389 cum
1425 2355 1605 2389 causam
1644 2353 1774 2401 repe·

157 2414 399 2461 tundarum
428 2414 599 2460 diceret
635 2422 681 2460 et
708 2413 888 2460 tabulae
915 2415 1013 2460 eius
1041 2414 1095 2459 ab
1123 2420 1387 2459 accusatore
1424 2412 1478 2459 ad
1504 2425 1667 2458 nomen
1704 2412 1772 2456 in-

158 2486 440 2545 spiciendum
467 2487 587 2531 circa
613 2485 786 2531 iudIces
812 2485 1068 2536 ferrentur,
1097 2490 1244 2531 totum
1270 2483 1512 2530 consilium
1538 2481 1594 2528 ab
1620 2495 1774 2528 earum

159 2556 545 2617 contemplatione
573 2555 740 2601 auertit
778 2555 961 2601 oculos:
1003 2554 1238 2615 indignum
1265 2556 1384 2600 enim
1411 2552 1681 2599 credebatur
1706 2551 1774 2596 in—

270 2665 296 2704 2
328 2676 366 2707 c.
388 2669 499 2717 geta
523 2676 623 2709 cum
647 2677 675 2705 a
698 2663 743 2708 ..1
767 2663 952 2705 metello
970 2663 1013 2704 B
1035 2666 1077 2704 in
1098 2677 1186 2707 ras.
1210 2677 1267 2704 eoe
1283 2663 1325 2702 P
1379 2665 1407 2703 4
1426 2660 1627 2702 messala
1647 2659 1690 2699 B
1749 2659 1776 2699 5

158 2721 373 2761 censoria
393 2733 437 2772 p.
459 2725 690 2773 potestate
711 2722 958 2773 imperauit
973 2721 1031 2772 B,
1054 2734 1128 2761 em.
1153 2723 1196 2760 in
1216 2731 1295 2771 my.
1319 2732 1376 2759 ex
1395 2719 1432 2758 P
1489 2718 1514 2757 6
1534 2717 1696 2758 robore
1717 2709 1775 2754 B'

158 2777 211 2817 19
234 2776 557 2828 expostulatae
581 2780 627 2817 et
648 2776 862 2827 (extrema
880 2781 898 2817 t
912 2791 964 2818 m.
984 2777 1031 2829 2)
1054 2777 1096 2817 B
1154 2777 1210 2817 20
1230 2773 1310 2814 iud
1325 2774 1367 2814 B
1425 2774 1480 2813 24
1501 2771 1698 2829 legende
1717 2770 1774 2819 B,

153 2831 536 2930 legegglussbztur
557 2888 842 2929 Kellerbauer
863 2889 918 2940 cf.
939 2902 983 2941 p.
1009 2891 1104 2939 105,
1129 2891 1152 2927 1
