1872 3132
1199 0 1205 6 '
1253 8 1261 19 2
1272 8 1274 10 ·
1286 0 1302 35 ἶ
1317 0 1358 34 2³⁴1
1387 0 1647 33 ,vvssuwss
1655 0 1758 35 αξη-ὸ
1768 0 1776 2 >⁷
1796 0 1826 14 m
1838 0 1857 30 g

186 126 255 177 22
906 131 1003 176 LIB.
1044 131 1072 176 1.

185 238 298 290 ulla
346 254 457 290 uox
499 237 781 307 proposito
832 255 1134 306 congruens
1185 245 1330 291 esset
1378 239 1596 305 audita,
1646 239 1795 292 fessa

185 309 351 376 longa
377 307 561 359 standi
586 325 737 359 mora
761 306 943 376 puella
976 308 1192 377 rogauit
1215 316 1565 361 materteram
1599 317 1662 362 ut
1687 309 1795 362 sibi

185 377 463 448 paulisper
507 380 683 429 locum
724 377 1004 430 residendi
1049 378 1503 432 adcommodaret.
1580 379 1666 432 cui
1701 377 1794 430 illa

188 457 309 516 ‘ego
337 453 504 512 uei-0⁹,
542 446 744 517 inquit,
784 446 1044 500 ‘libenter
1068 449 1171 501 tibi
1195 467 1372 500 meam
1397 449 1583 501 sedem
1609 449 1743 501 cedo
1759 456 1792 500 ².

145 540 166 570 5
190 518 335 589 quod
362 517 568 582 dictum
595 518 663 569 ab
699 516 1042 586 indulgentia
1066 518 1374 588 profectum
1400 520 1470 571 ad
1494 520 1629 572 certi
1665 519 1793 570 omi-

185 589 269 640 nis
314 587 583 657 processit
632 595 911 654 euentum,
964 589 1220 658 quoniam
1261 588 1515 641 Metellus
1559 608 1667 642 non
1716 589 1795 640 ita

187 658 353 711 multo
382 666 507 727 post
533 665 749 710 mortua
777 657 1018 710 Caecilia
1043 659 1331 727 uirginem,
1362 658 1428 710 de
1455 677 1562 729 qua
1586 658 1793 729 loquor,

185 731 243 780 in
267 728 673 780 matrimonium
701 727 888 779 duxit.

292 798 342 850 5.
396 798 458 850 C.
495 806 678 849 autem
702 797 877 850 Mario
915 798 1226 850 obseruatio
1262 798 1456 849 ominis
1484 796 1673 867 procul
1699 797 1795 850 du-

124 889 164 919 10
186 869 278 922 bio
308 867 471 919 saluti
496 867 618 934 fuit,
647 886 751 937 quo
778 876 1018 936 tempore
1044 868 1213 919 hostis
1243 887 1275 919 a
1301 875 1494 920 senatu
1519 867 1792 919 iudicatus

187 939 244 990 in
287 939 504 990 domum
547 938 791 989 Fanniae
836 938 1127 989 Minturnis
1173 938 1455 990 custodiae
1496 956 1662 990 causa
1708 937 1795 989 de-

188 1010 382 1062 ductus
411 1016 511 1059 est.
551 1007 938 1058 animaduertit
964 1008 1107 1059 enim
1133 1007 1375 1074 asellum,
1405 1026 1528 1059 cum
1554 1008 1603 1059 ei
1627 1007 1796 1078 pabu-

187 1079 298 1130 lum
325 1078 653 1142 obiceretur,
684 1075 927 1145 neglecto
956 1095 1017 1128 eo
1046 1077 1118 1129 ad
1143 1096 1342 1147 aquam
1366 1085 1794 1147 procurrentem.

187 1168 292 1219 quo
323 1146 631 1217 spectaculo
663 1146 888 1199 deorum
924 1148 1268 1217 prouidentia
1294 1147 1440 1217 quod
1477 1155 1797 1217 sequeretur

122 1238 164 1269 15
189 1218 435 1272 oblatum
461 1226 630 1282 ratus,
660 1216 900 1287 alioquin
928 1218 1090 1269 etiam
1115 1218 1650 1288 interpretandarum
1674 1216 1795 1269 reli-

185 1290 406 1357 gionum
441 1287 831 1357 peritissimuS‚
884 1306 915 1338 a
949 1286 1326 1354 multitudine,
1379 1306 1518 1357 quae
1545 1286 1616 1339 ad
1641 1305 1798 1357 opem

186 1358 268 1409 illi
293 1358 574 1410 ferendam
601 1356 966 1423 confluxerat,
994 1358 1295 1427 inpetrauit
1320 1364 1381 1408 ut
1407 1357 1478 1410 ad
1503 1375 1652 1409 mare
1676 1375 1796 1427 per-

188 1429 493 1480 duceretur.
547 1445 610 1478 ac
645 1427 891 1496 protinus
929 1427 1237 1479 nauiculam
1273 1427 1591 1480 conscendit
1625 1445 1797 1497 eaque

186 1499 244 1550 in
270 1497 521 1550 Africam
545 1505 832 1566 peruectus
860 1515 1012 1548 arma
1039 1497 1219 1548 Sullae
1246 1497 1495 1549 uictricia
1520 1497 1726 1566 effugit.

123 1588 164 1618 20
292 1568 342 1619 6.
405 1567 695 1636 Pompeius
746 1585 875 1619 uero
925 1566 1159 1635 Magnus
1211 1568 1268 1618 in
1318 1568 1432 1618 acie
1482 1565 1799 1618 Pharsalica

187 1639 365 1690 uictus
388 1655 420 1688 a
441 1636 692 1702 Caesare,
721 1636 854 1705 fuga
874 1655 1138 1706 quaerens
1168 1636 1418 1703 salutem,
1446 1655 1609 1688 cursu
1635 1636 1693 1686 in
1718 1636 1797 1686 in-

137 1735 143 1741 *
188 1707 362 1761 sulam
383 1706 465 1777 Cy
505 1725 651 1770 rum,
690 1713 751 1757 ut
785 1705 857 1757 ali
896 1706 993 1757 uid
1027 1708 1084 1758 in
1120 1725 1184 1758 ea
1208 1707 1407 1758 uirium
1435 1705 1796 1770 contraheret,

186 1779 417 1830 classem
491 1777 678 1842 'rexit7
726 1776 866 1845 adpe
890 1777 1116 1846 lensque
1153 1776 1223 1827 ad
1259 1775 1519 1845 oppidum
1552 1775 1800 1845 Paphum

188 1847 475 1917 conspexit
508 1847 567 1897 in
591 1846 749 1898 litore
785 1846 1093 1915 speciosum
1130 1846 1438 1898 aedificium
1471 1845 1798 1914 gubernato-

123 1937 165 1968 25
188 1936 408 1987 remque
442 1917 803 1985 interrogauit
847 1915 995 1986 quod
1036 1916 1085 1968 ei
1126 1935 1325 1969 nomen
1369 1923 1535 1968 esset:
1584 1915 1674 1984 qui
1718 1932 1800 1966 re-

189 1987 409 2056 spondit
443 1987 866 2052 Κατωβασίλεια
899 1987 1103 2037 uocari.
1173 2005 1311 2055 quae
1345 2003 1456 2037 uox
1492 2003 1644 2054 spem
1682 1985 1797 2036 eius

75 2145 167 2180 Par.
193 2135 264 2178 cui
291 2132 368 2178 illa
395 2133 407 2153 ‘
424 2145 510 2190 ego
539 2132 676 2177 uero'
706 2133 853 2192 inquit
880 2131 1103 2177 ‘libenter
1131 2131 1211 2176 ubi
1238 2130 1336 2176 mea
1364 2131 1466 2175 sede
1493 2130 1604 2175 cedo
1620 2131 1650 2180 ²,
1678 2130 1801 2189 quod

193 2202 377 2248 accidit:
415 2216 505 2246 non
533 2201 676 2247 multo
705 2204 822 2247 enim
849 2209 955 2262 post
982 2201 1193 2247 defuncta
1219 2200 1406 2246 Caecilia
1434 2198 1638 2245 Metellus
1674 2199 1801 2259 puel-

192 2273 278 2318 lam
315 2272 453 2316 duxit.
515 2273 557 2316 5.
594 2272 759 2317 Marius
796 2288 819 2317 a
846 2279 1006 2317 senatu
1043 2271 1189 2317 hostis
1225 2271 1446 2316 iudicatus
1483 2268 1802 2316 animaduertit

127 2358 170 2388 30
194 2341 406 2391 asellum,
433 2355 533 2386 curn
562 2342 600 2386 ei
629 2341 843 2402 pabulum
871 2343 1203 2402 adponet-etur,
1229 2341 1442 2400 neglecto
1471 2353 1524 2385 eo
1561 2339 1616 2384 ad
1643 2353 1802 2399 aquam

194 2418 555 2471 procurrentem.
617 2426 707 2470 quo
736 2412 995 2472 spectaculo
1032 2419 1183 2458 motus
1218 2417 1402 2471 accepta
1431 2424 1455 2455 a
1481 2409 1802 2455 Minturnensi-

196 2473 280 2526 bus
305 2495 422 2527 naue
447 2481 642 2526 Africam
668 2484 797 2541 petit.
849 2485 889 2525 6.
917 2482 1158 2542 Pompeius
1179 2482 1369 2542 Magnus
1395 2481 1545 2526 uictus
1571 2493 1595 2524 a
1615 2477 1803 2524 Caesare

194 2559 240 2595 et
268 2553 312 2595 in
339 2551 534 2596 insulam
561 2551 754 2610 Cyprum
792 2559 1079 2597 transuectus
1115 2551 1432 2598 animaduertit
1469 2550 1515 2594 in
1540 2548 1678 2595 litore
1703 2561 1804 2608 spe-

309 2687 337 2724 4
364 2698 467 2726 mea
497 2686 601 2727 sede
632 2688 720 2731 Pb,-
752 2694 797 2727 αἰ
817 2689 873 2739 cf.
899 2690 936 2734 1,
960 2692 998 2734 5,
1022 2690 1063 2728 8.
1096 2690 1133 2733 4,
1161 2690 1209 2738 1„
1226 2692 1262 2727 7.
1296 2690 1335 2735 4,
1363 2689 1397 2734 1,
1421 2686 1476 2726 Ε.
1499 2689 1542 2728 ’7.
1571 2688 1612 2732 5,
1638 2687 1674 2730 7,
1698 2683 1756 2722 Ε.
1779 2685 1802 2722 1

200 2747 241 2781 et
262 2744 303 2780 2.
329 2744 365 2786 7,
391 2743 433 2787 3,
458 2744 499 2782 3.
536 2742 753 2791 (concedo
775 2756 901 2784 meas
923 2743 1054 2783 sedes
1079 2744 1164 2784 Cic.
1188 2746 1239 2784 de
1262 2744 1392 2784 diuin.
1416 2742 1454 2788 J,
1480 2739 1627 2793 5104)
1687 2742 1713 2780 6
1735 2739 1803 2778 ita

200 2811 277 2862 ⁰⁷3²·
310 2796 333 2835 b
392 2799 444 2837 22
475 2796 522 2835 in
552 2795 606 2837 ea
632 2798 673 2836 B
741 2801 795 2838 24
824 2799 984 2839 littore
1013 2792 1067 2838 B'
1134 2800 1187 2839 25
1220 2797 1382 2841 ΚΑΤω
1411 2795 1594 2839 basilea
1622 2795 1685 2840 B,
1725 2807 1801 2834 em.

201 2852 368 2948 Aemgg
390 2907 496 2948 sede
520 2908 685 2949 secedo
715 2910 756 2949 V
774 2915 817 2949 et
836 2910 932 2950 Mai
988 2913 1040 2952 31
1065 2924 1092 2950 a
1114 2923 1191 2951 om.
1226 2904 1281 2949 V'
