1924 3152
772 181 891 227 CAP.
919 182 950 233 1,
983 181 1012 240 g
1037 183 1208 227 9—13.
1698 174 1806 227 275
1832 185 1845 188 ·

180 290 446 362 sequitur.
488 290 575 343 cui
597 289 879 344 Cominius
900 289 1157 342 tribunus
1179 288 1253 360 pl.
1284 289 1429 341 diem
1450 289 1521 341 ad
1541 287 1807 359 populum

180 361 353 427 dixit,
391 361 537 432 quod
572 359 996 414 cornicularium
1035 379 1195 412 suum
1223 361 1399 431 stupri
1425 378 1595 412 causa
1620 359 1804 430 appel-

176 433 364 485 lasset.
402 431 512 484 nec'
529 431 793 484 sustinuit
819 431 933 483 eius
962 433 1041 483 rei
1068 430 1678 497 scientiamLaetoriuS,
1709 430 1806 483 sed

177 522 236 556 se
261 503 381 575 ipse
407 511 535 555 ante
561 501 756 554 iudicii
782 510 998 572 tempus
1026 501 1162 570 fuga
1186 503 1340 572 prius
1355 542 1369 568 ,
1409 500 1608 554 deinde
1635 502 1805 555 etiam

175 581 352 627 morte
377 573 612 644 puniuit.
676 581 908 625 naturae
934 573 1157 625 modum
1195 571 1544 643 expleuerat,
1582 573 1698 626 fato
1726 580 1852 625 ta-<5

173 662 298 697 men
324 643 546 697 functus
571 644 863 696 uniuersae
888 642 1066 714 plebis
1097 644 1370 697 sententia
1396 644 1622 696 crimine
1649 644 1806 714 inpu-

176 715 398 768 dicitiae
424 715 713 768 damnatus
743 723 844 768 est.
885 716 1046 784 signa
1070 714 1225 766 illum
1251 715 1528 781 militaria,
1558 723 1807 767 sacratae

175 786 391 858 aquilae
417 794 471 838 et
504 786 814 839 certissima
839 785 1076 839 Romani
1109 786 1329 856 imperii
1363 794 1576 852 custOS,
1615 803 1809 838 seuera

175 865 480 910 castrorum
507 856 804 927 disciplina
839 857 909 908 ad
944 857 1151 910 inferos
1184 875 1360 928 usque
1385 865 1677 928 persecuta
1703 865 1806 922 est,

175 928 462 999 quoniam,
503 928 656 980 cuius
692 928 962 997 magister
999 947 1119 982 esse
1159 928 1452 994 debuerat,
1492 928 1803 980 sanctitatis
1830 943 1873 975 10

176 1006 466 1069 corruptor
492 999 802 1069 temptabat
828 999 1080 1052 existere.

286 1069 370 1121 12.
409 1069 534 1124 Hoc
559 1071 734 1123 mouit
761 1069 1073 1122 C.Marium
1099 1071 1487 1141 imperatorem
1514 1078 1651 1136 tum,
1681 1087 1807 1121 cum

176 1140 236 1193 C.
263 1140 520 1207 Lusium,
549 1141 754 1194 sororis
783 1159 915 1193 suae
941 1140 1115 1193 filium
1125 1181 1139 1207 ,
1168 1142 1452 1193 tribunum
1477 1139 1746 1207 militum,
1775 1141 1808 1192 a

175 1210 236 1264 C.
263 1210 441 1265 Plotio
479 1210 847 1282 manipulario
885 1211 1114 1264 militiae
1149 1212 1268 1264 iure
1306 1230 1529 1264 caesum
1566 1230 1805 1281 pronun-

175 1283 358 1348 tiauit,
385 1283 519 1353 <juia
545 1301 668 1334 eum
696 1282 765 1335 de
793 1290 983 1353 stupro
1010 1282 1322 1353 conpellare
1350 1301 1516 1335 ausus
1545 1283 1745 1334 fuerat.
1830 1297 1872 1330 15

284 1353 367 1406 13.
409 1352 519 1406 Sed
545 1360 607 1405 ut
625 1371 715 1406 eos
745 1372 988 1424 quoque,
1029 1354 1123 1425 qui
1148 1355 1206 1405 in
1234 1353 1570 1406 uindicanda
1595 1353 1805 1423 pudici-

174 1425 252 1477 tia
279 1424 466 1478 dolore
482 1438 589 1492 ‘suo
617 1442 715 1494 pro
742 1424 968 1495 publica
994 1424 1114 1494 lege
1139 1425 1227 1476 usi
1254 1434 1402 1491 sunt,
1431 1425 1668 1477 strictim
1686 1443 1806 1494 per-

173 1513 407 1562 curram,
436 1494 789 1565 Sempronius
815 1495 1011 1548 Musca
1038 1495 1098 1548 C.
1127 1495 1370 1549 Gellium
1404 1495 1806 1566 deprehensum

172 1567 231 1617 in
267 1565 537 1619 adulterio
575 1565 1076 1635 flagellis-cecidit,
1116 1566 1177 1619 C.
1215 1566 1509 1619 Memmius
1547 1565 1612 1618 L.
1642 1565 1805 1619 Octa-

170 1636 324 1688 uium
349 1636 602 1689 similiter
637 1637 1039 1708 deprehensum
1076 1638 1262 1708 pernis
1302 1636 1580 1703 contudit,
1618 1636 1802 1691 Carbo
1827 1653 1870 1685 20

174 1740 379 1786 Cominio
406 1741 592 1787 tribuno
614 1741 776 1801 plebis,
806 1743 926 1801 quod
953 1742 1308 1788 cornicularium
1335 1756 1468 1788 suum
1491 1744 1639 1803 stupri
1668 1757 1801 1788 causa
1825 1750 1921 1785 Par.

177 1811 469 1872 adpellasset,
497 1813 691 1872 primum
713 1812 835 1871 suga,
865 1813 1027 1858 deinde
1054 1819 1203 1858 morte
1231 1827 1278 1858 se
1305 1813 1503 1872 puniuit.
1558 1815 1625 1856 12.
1655 1812 1804 1858 cMa-

174 1883 270 1927 rius
309 1884 562 1943 imperator
595 1897 697 1928 cum
734 1882 778 1928 C.
806 1883 992 1928 Lusium
1030 1885 1204 1928 sororis
1246 1896 1354 1929 suae
1389 1882 1529 1929 filium
1570 1883 1802 1929 tribunum

173 1951 369 1998 militum
406 1967 430 1998 a
467 1953 512 1998 C.
548 1953 699 1999 Plotio
739 1953 1019 2014 manipulare
1059 1967 1239 2000 caesum
1282 1954 1508 2003 audisset,
1557 1954 1662 2014 quia
1700 1968 1804 2000 eum

175 2023 450 2084 compellare
477 2024 628 2069 suerat
653 2039 816 2075 ausus,
845 2027 945 2070 iure
973 2039 1154 2071 caesum
1181 2026 1515 2085 pronuntiauit.
1569 2028 1636 2070 13.
1677 2025 1803 2071 Sem·
1826 2035 1870 2068 25

174 2096 366 2155 pronius
400 2095 526 2141 Musa
563 2095 607 2141 C.
648 2095 840 2141 Gellium
879 2096 1214 2156 deprehensum
1252 2098 1298 2141 in
1344 2095 1570 2142 adulterio
1607 2095 1804 2158 flagellis

287 2207 313 2245 3
335 2205 583 2246 scientiam
605 2205 674 2246 B:
707 2207 991 2246 sententiam
1011 2208 1116 2248 dett.
1132 2238 1142 2255 ‚
1178 2206 1514 2247 conscientiam
1537 2209 1646 2248 coni.
1677 2207 1803 2248 Torr.

173 2261 200 2301 5
237 2265 383 2302 morte
404 2283 460 2290 —
485 2262 758 2315 expleuerat
781 2277 858 2305 om.
888 2263 931 2303 B
952 2266 996 2303 in
1017 2266 1149 2304 litura
1178 2277 1345 2304 uersum
1372 2264 1471 2315 fere
1500 2266 1730 2316 eoeplente;
1759 2265 1804 2303 in

173 2330 263 2358 ras.
282 2320 488 2370 scriptum
509 2325 574 2360 est
596 2332 654 2359 eoe
675 2320 716 2358 P
735 2323 879 2360 morte
903 2332 952 2360 se
974 2320 1182 2372 puniuit3
1206 2322 1301 2361 cod.
1324 2321 1582 2374 archetypus
1603 2324 1803 2361 lacunose

171 2374 344 2414 uidetur
363 2375 586 2416 habuisse:
618 2375 730 2427 fuga
761 2377 887 2428 prius
919 2376 1086 2417 deinde
1122 2377 1261 2416 etiam
1293 2380 1490 2418 naturae
1520 2377 1702 2417 modum
1725 2390 1803 2417 ex-

175 2429 402 2481 pleuerat,
429 2445 537 2483 quae
558 2446 627 2473 uu.
648 2435 790 2483 spatio
813 2435 990 2473 lacunae
1012 2433 1108 2474 inB
1130 2440 1332 2473 accurate
1355 2436 1610 2474 conueniunt
1650 2434 1676 2473 6
1698 2446 1802 2474 sen-

174 2486 349 2527 tentia*
367 2486 412 2526 B
492 2489 541 2526 11
582 2489 688 2538 fort.
714 2491 1028 2540 temptauerat
1048 2492 1117 2530 uel
1136 2489 1391 2542 temptarat
1421 2488 1485 2539 (in
1506 2490 1548 2530 B
1566 2494 1585 2529 t
1605 2495 1803 2530 extrema

175 2555 234 2582 εει)
256 2555 371 2584 corr.
396 2556 448 2583 ac
469 2545 623 2584 deinde
646 2546 809 2596 aliquid
828 2557 994 2584 erasum
1016 2546 1098 2596 est)
1141 2547 1192 2585 12
1214 2546 1393 2586 monuit
1414 2546 1470 2594 B,
1494 2559 1570 2586 em.
1595 2544 1794 2598 Piylzz'u-s‘l

175 2611 275 2639 cum
298 2599 341 2639 B
362 2600 404 2639 in
425 2613 515 2641 ras.
574 2602 625 2640 13
648 2600 845 2640 clusium
867 2601 924 2649 B,
952 2614 989 2642 c.
1016 2601 1210 2641 clusium
1233 2601 1257 2641 b
1277 2598 1296 2655 ss
1318 2603 1505 2642 tribuno
1526 2595 1584 2641 B'
1627 2603 1679 2641 14
1699 2602 1802 2654 plu-

175 2656 242 2711 tio
264 2655 307 2695 B
326 2653 346 2710 ss
367 2657 658 2708 manipulare
681 2657 722 2695 P
758 2653 776 2708 Η
815 2657 1016 2697 militiae
1048 2659 1148 2698 iure
1178 2657 1246 2696 B:
1277 2658 1426 2698 milite
1455 2659 1554 2698 iure
1586 2660 1683 2699 edd.
1748 2659 1802 2699 15

177 2711 441 2765 conpellere
462 2709 518 2752 B'
581 2714 632 2753 18
656 2725 813 2753 musea
837 2714 886 2760 P,
910 2726 1042 2753 musa
1065 2714 1111 2758 b;
1134 2714 1192 2765 cf.
1215 2715 1315 2755 Liu.
1339 2714 1407 2759 45,
1432 2717 1504 2762 13,
1528 2716 1552 2764 ξ
1576 2717 1629 2754 11
1650 2712 1669 2767 Η
1703 2715 1800 2767 gel-

173 2768 286 2809 lium
308 2770 401 2810 Pb:-
433 2770 627 2823 gallium
648 2769 690 2809 B
771 2771 823 2810 19
852 2771 1079 2810 memnius
1102 2769 1144 2810 B
1223 2772 1278 2811 20
1307 2771 1464 2823 pernis
1486 2771 1595 2812 BP:
1626 2773 1795 2824 pertix‚

176 2827 402 2879 protinus,
426 2827 593 2879 pugnis
616 2828 746 2872 dett.,·
786 2827 843 2877 cf.
867 2827 978 2866 Ptin.
1002 2827 1057 2867 Ν.
1080 2827 1141 2868 Η.
1168 2829 1235 2872 17,
1260 2830 1325 2872 10,
1350 2830 1408 2868 13
1439 2828 1463 2877 ἕ
1486 2830 1540 2868 67

289 2885 345 2923 24
367 2883 576 2924 audisset
595 2905 650 2911 —
670 2884 769 2923 iure
794 2883 908 2930 (iure
933 2882 1166 2935 caesum?)
1190 2885 1292 2924 add.
1314 2885 1358 2924 in
1386 2886 1427 2925 V
1444 2898 1496 2927 m.
1518 2887 1544 2924 2
1595 2887 1650 2926 25
1675 2897 1796 2925 com-

177 2936 377 2993 pellare]
411 2953 540 2992 aeyre
570 2941 845 2981 desideratur
874 2939 930 2980 de
962 2943 1145 2993 stupro,
1178 2941 1292 2994 quod
1319 2943 1584 2995 neyleyentia
1606 2931 1797 2982 omisz'sse

174 2995 346 3036 uidetur
368 2997 438 3049 qui
456 2999 706 3037 sententiam
726 2999 945 3049 suppleuit
1001 2998 1055 3037 26
1076 3009 1235 3038 musea
1265 2997 1310 3036 V

1434 3066 1498 3118 18
1512 3069 1541 3099 '¹¹‘
