1936 3120
119 497 207 547 5‚1

123 953 214 1001 5,2

231 177 334 232 506
752 183 1043 231 ΝΕΡοΤιΑΝΙ
1067 147 1309 232 amomi
1466 143 1472 150 ⁸
1524 143 1538 155 f
1576 162 1603 175 ''

620 373 754 427 XII.
793 374 887 427 De
926 382 1150 427 statua
1187 383 1441 429 aurata.

336 478 403 524 Μ’.
447 478 614 524 Acilius
659 478 838 524 Glabrio
884 493 937 524 ex
981 487 1092 526 uoto
1139 480 1291 526 aedem
1335 480 1633 532 dedicauerat,
1683 481 1740 528 ob
1785 482 1830 527 id

233 549 355 609 quod
398 563 551 609 regem
606 550 880 595 Antiochum
930 550 1046 610 apud
1098 550 1418 612 Thermopylas
1469 551 1589 598 felici
1642 552 1828 598 uicisset

233 626 416 665 euentu.
467 621 512 664 in
549 619 656 665 aede
692 627 883 665 statuam
922 628 1121 666 auratam
1156 622 1274 681 patri
1301 622 1471 682 posuit.
1522 623 1677 668 necin
1703 622 1826 668 ltalia

231 703 313 736 nec
338 690 502 736 Romae
529 692 735 751 cuiquam
762 691 889 751 prius
916 692 1119 737 inaurata
1146 698 1294 738 statua
1321 692 1420 736 fuit.
1851 703 1871 735 5

381 838 545 892 XIII.
585 839 681 891 De
718 839 866 892 iure
906 839 1266 909 religionis
1305 839 1677 910 publicato.

342 943 459 989 Solis
486 943 778 1004 pontificibus
804 945 874 990 ius
902 958 1133 990 sacrorum
1160 951 1203 990 ot
1231 944 1362 990 ciuile
1396 952 1553 990 notum
1591 952 1694 991 ante
1721 945 1828 991 fuit:

231 1028 390 1059 uerum
415 1015 491 1060 Cn.
519 1014 700 1059 Flauius
739 1015 905 1065 scriba,
943 1022 1075 1060 natus
1117 1030 1140 1060 a
1175 1022 1302 1075 patre
1339 1014 1576 1065 libertino,
1614 1015 1830 1062 formulas

230 1098 382 1130 sacras
409 1085 561 1130 uerbis
589 1085 894 1145 apertioribus
921 1085 1150 1147 expediuit
1187 1093 1232 1131 et
1258 1087 1303 1130 in
1329 1086 1535 1131 notitiam
1563 1085 1720 1147 populi
1747 1100 1830 1147 pu·

230 1155 430 1201 blicauit.
482 1155 539 1201 ob
574 1156 661 1201 hoc
696 1170 719 1201 a
756 1155 927 1216 populo
964 1163 1141 1202 creatus
1177 1163 1246 1202 est
1282 1156 1438 1202 aedilis
1472 1156 1656 1202 curulis.
1710 1156 1824 1202 idem
1852 1167 1891 1199 ιο

232 1240 332 1271 cum
359 1227 565 1271 uenisset
591 1226 642 1271 ad
671 1226 890 1286 collegam
918 1240 1117 1286 aegrum,
1145 1227 1362 1272 refertum
1388 1225 1616 1272 nobilibus
1646 1225 1828 1272 cubicu-

231 1297 321 1341 lum
352 1296 470 1342 forte
498 1297 818 1357 deprehendit:
847 1298 916 1341 cui
945 1311 1043 1342 cum
1071 1297 1200 1343 locus
1227 1310 1318 1343 non
1345 1297 1543 1347 daretur,
1572 1296 1724 1342 sellam
1753 1311 1829 1342 cu-

231 1367 375 1412 rulem
402 1367 600 1412 exbiberi
629 1367 714 1412 sibi
740 1369 873 1412 iussit
901 1375 1035 1427 atque
1062 1369 1106 1412 in
1134 1381 1183 1412 ea
1206 1381 1320 1427 quae
1347 1373 1443 1412 erat
1461 1368 1700 1426 potestatis
1719 1366 1826 1412 sella

159 1474 163 1478 .
232 1437 452 1483 consedit.

0 1747 14 1779 ’ᾖ

125 1770 217 1822 5,4

231 1586 426 1639 XIIII.
466 1586 560 1638 De
599 1587 738 1638 ritu
775 1603 1216 1708 persionarum
1254 1585 1466 1654 capiti
1501 1583 1823 1637 inducen-
1851 1603 1889 1635 15

961 1674 1158 1708 arum.

345 1761 568 1807 Tibicines
596 1762 640 1806 in
668 1761 835 1821 templo
863 1761 983 1805 louis
1012 1761 1229 1820 quaedam
1257 1774 1308 1805 ex
1335 1761 1426 1804 ritu
1452 1761 1737 1820 antiquitatis
1763 1759 1831 1804 lu-

182 1890 186 1898 ,
233 1833 354 1878 (liora
381 1839 425 1878 et
450 1832 666 1878 liberiora
694 1831 943 1877 faciebant:
974 1845 1088 1891 quae
1115 1844 1322 1876 exercere
1350 1830 1568 1890 prohibiti
1596 1844 1677 1891 per
1703 1843 1831 1874 sena-

61 2603 118 2625 0m
150 2596 214 2625 Val.

235 1911 305 1949 tus
333 1903 607 1953 consultum,
636 1902 738 1947 irati
760 1902 918 1947 deinde
946 1916 993 1947 se
1016 1901 1155 1946 Tibur
1174 1908 1267 1946 tum
1297 1907 1460 1960 sponte
1482 1902 1664 1961 propria
1688 1907 1831 1945 trans-

232 1974 452 2020 tulerunt.
503 1987 695 2032 cumque
731 1976 870 2018 sacris
908 1973 1102 2031 usuique
1130 1971 1363 2022 deessent,
1401 1972 1586 2031 repetiti
1616 1976 1721 2016 sunt
1746 1983 1828 2030 per
1851 1984 1894 2015 ρο

232 2044 436 2104 legatos:
475 2043 720 2089 noluerunt
756 2044 938 2088 reuerti.
992 2042 1186 2102 quodam
1215 2050 1418 2102 tempore
1445 2041 1669 2087 Tiburtini
1696 2039 1830 2085 serias

233 2114 564 2160 simulauerunt
590 2114 832 2173 ebriosque
859 2127 937 2158 eos
965 2113 1178 2172 plaustris
1198 2112 1377 2157 Romam
1405 2117 1693 2157 reuexerunt.
1735 2116 1829 2154 tum

235 2191 440 2230 secutum
468 2192 537 2229 est
563 2190 614 2228 ut
639 2198 859 2243 personas
887 2189 1118 2228 sumerent
1144 2181 1439 2240 uelarentque
1459 2181 1629 2231 uultus,
1656 2179 1829 2239 pudore

236 2254 357 2315 quod
384 2254 619 2299 temulenti
647 2253 838 2299 fuerant.
891 2252 1049 2298 exinde
1076 2266 1186 2297 usus
1213 2265 1508 2311 personarum
1545 2257 1615 2296 est
1641 2263 1830 2296 consue-

236 2325 344 2370 tudo
373 2330 568 2369 seruata.
1853 2334 1893 2366 ⁴25

407 2473 536 2525 XV.
574 2473 669 2525 De
707 2472 845 2525 ritu
885 2471 1313 2523 diuersarum
1350 2470 1664 2539 gentium.

349 2585 383 2625 l.
433 2577 581 2623 Nobili
631 2578 804 2623 cuidam
851 2582 1087 2636 quaestum
1131 2575 1277 2620 facere
1323 2581 1458 2634 turpe
1501 2580 1598 2618 erat
1638 2573 1829 2618 Romae:

237 2648 353 2709 apud
379 2649 555 2694 Poenos
584 2662 693 2693 uero
725 2647 920 2707 turpiter
945 2646 1117 2691 lucrum
1147 2645 1291 2691 facere
1310 2645 1551 2690 honestum
1571 2641 1828 2704 putabatur.

349 2815 373 2854 2
396 2811 491 2867 M'.]
515 2814 700 2853 Marcus
727 2813 759 2852 C
815 2814 840 2853 9
863 2811 1117 2864 aptioribus
1140 2810 1234 2850 Mai
1291 2811 1343 2850 10
1365 2822 1392 2848 a
1413 2821 1490 2849 om.
1516 2808 1550 2849 Ο
1606 2807 1657 2855 12
1678 2803 1830 2846 curule

238 2870 415 2911 exiberi
438 2869 471 2910 C
529 2871 580 2910 19
603 2869 821 2909 tiburtum
845 2868 889 2919 C,
914 2868 1057 2907 Tibur
1080 2868 1186 2918 (sine
1207 2865 1317 2916 tum)
1341 2865 1438 2905 Mai
1507 2864 1562 2904 24
1582 2874 1669 2914 quo
1690 2864 1830 2901 temu-

236 2924 320 2966 leiti
343 2925 376 2967 0
410 2922 430 2980 l}
469 2938 555 2966 usu
577 2925 608 2966 G
674 2927 728 2965 26
751 2927 906 2965 titulum
930 2924 962 2964 C
978 2929 1076 2976 post
1097 2924 1328 2975 eaeemplum
1346 2923 1520 2974 primum
1540 2919 1659 2959 huius
1677 2917 1832 2970 capitis

236 2982 362 3023 hahet
420 2983 473 3023 28
497 2981 616 3035 apud
637 2994 779 3034 pena-s
806 2981 838 3021 C
