1878 3100
24 0 60 54 1153}

727 135 1052 182 PRAEFATIO.
1656 131 1749 177 XIII

116 289 307 340 matur,
344 281 400 328 in
428 296 529 344 quo
563 292 652 337 per
687 294 751 324 m.
783 278 811 322 2
848 277 904 323 in
930 276 1107 334 litura,
1152 289 1283 339 quae
1324 272 1548 337 spatium
1585 270 1744 319 habet

119 359 360 418 quattuor
394 350 706 407 litterarum,
752 347 996 411 scriptum
1036 354 1129 395 est.
1166 372 1236 378 ——
1270 342 1524 391 Addimus
1561 342 1743 400 locum,

123 423 188 472 de
217 439 318 488 quo
345 420 475 470 nihil
501 419 626 467 noui
655 434 718 466 ex
744 417 1023 465 Badferre
1060 432 1358 480 possumus,
1401 413 1495 462 sed
1539 413 1751 477 proprie

124 491 491 557 disputandum
529 497 606 537 est
641 489 896 553 simulque
936 486 1228 535 docendum
1263 485 1388 534 boni
1424 483 1618 534 codicis
1661 499 1749 532 eas

122 579 329 629 quoque
349 562 640 626 scripturas,
673 575 806 624 quae
829 559 991 623 primo
1015 557 1266 621 adspectu
1286 557 1543 620 pessimae
1563 554 1746 604 uiden—

121 645 220 694 tur,
238 634 408 681 critico
429 647 586 696 saepe
607 632 870 678 meliorem
890 646 1043 678 usum.
1056 627 1306 693 praebere
1330 644 1481 691 quam
1501 625 1750 674 librorum

121 704 546 769 interpolatorum
571 702 824 750 lectiones
849 699 1071 766 quadam
1099 699 1332 746 ueritatis
1362 698 1536 762 specie
1563 697 1748 746 fallen·

121 783 217 824 teS.
295 777 342 834 3,
379 775 430 834 2,
475 776 519 833 7,
559 773 646 820 ubi
684 772 922 821 Valerius
959 771 1214 819 Maximus
1254 769 1319 816 de
1358 769 1624 818 Gallorum
1662 784 1749 816 ex-

123 840 446 910 pugnatione
471 842 611 892 urbis
638 844 906 891 Romanae
934 843 1056 906 agit,
1084 842 1215 889 haec
1240 840 1508 903 leguntur:
1538 840 1755 899 defuncti

123 921 242 963 enim
257 917 508 963 honoribus
528 918 710 975 apertis
729 917 881 960 ianuis
906 917 952 960 in
971 914 1212 960 curulibus
1236 915 1360 958 sellis
1379 926 1481 958 eccm
1502 912 1753 970 insiqnibus

122 991 485 1048 mayistratuum
521 1000 637 1046 quos
657 984 914 1046 ·9e.s·sercint'
944 1024 952 1033 .
985 1020 994 1029 .
1032 985 1368 1039 consederunt,
1413 988 1467 1029 ut
1499 988 1546 1028 et
1581 984 1673 1042 ipsi
1705 984 1753 1027 in

122 1073 291 1106 occasu
333 1073 415 1104 suo
458 1058 752 1117 splendorem
788 1061 834 1102 et
869 1061 1148 1101 ornamenta
1180 1057 1477 1113 praeteritae
1512 1055 1641 1100 uitae
1675 1066 1751 1098 re-

125 1134 328 1176 tinerent
354 1134 400 1175 et
421 1129 547 1188 plebi
568 1129 633 1173 ad
651 1128 830 1187 fortius
856 1129 1152 1172 sustinendos
1179 1139 1317 1172 casus
1343 1138 1451 1171 suos
1479 1140 1503 1171 *
1533 1143 1556 1171 *
1582 1160 1591 1170 .
1619 1141 1622 1143 ·
1650 1123 1754 1171 La-

124 1216 261 1250 cuna
286 1200 342 1246 in
369 1199 483 1246 aliis
512 1196 662 1246 codd.
693 1197 843 1244 aliter
872 1197 1083 1261 expleta
1114 1196 1229 1255 ests
1268 1194 1362 1243 sed
1398 1195 1472 1243 ita
1506 1201 1564 1243 ut
1599 1194 1753 1242 facile

129 1276 380 1336 appareat
405 1270 535 1317 haec
561 1269 850 1338 tentamina
880 1284 993 1315 esse
1022 1267 1381 1325 recentiorum,
1413 1265 1754 1330 archetypum

125 1343 295 1406 ipsum
319 1341 420 1388 iam
455 1355 690 1388 mancum
725 1339 899 1386 fuisse.
978 1338 1093 1402 Quo
1133 1344 1303 1384 autem
1342 1353 1464 1385 casu
1501 1336 1753 1399 singulari

129 1411 365 1460 defectus
395 1418 599 1458 exortus
627 1410 714 1468 sit,
758 1426 821 1457 ex
848 1410 960 1457 aliis
990 1408 1199 1474 quidem
1234 1407 1377 1455 libris
1417 1424 1523 1455 non
1561 1423 1753 1470 cogno-

126 1483 297 1541 scitur,
327 1481 420 1530 sed
447 1498 510 1529 ex
530 1481 782 1545 scriptura
794 1481 1079 1528 Bernensis
1101 1479 1341 1542 intellegi
1361 1485 1549 1542 potest,
1575 1479 1629 1525 in
1652 1494 1752 1542 quo

127 1559 357 1601 extrema
383 1552 645 1599 sententia
680 1552 753 1599 sic
778 1552 969 1615 scripta
1007 1556 1202 1599 exstat:
1248 1556 1300 1597 ut
1327 1556 1374 1596 et
1397 1552 1488 1609 ipsi
1511 1553 1557 1595 in
1583 1563 1754 1595 occasu

124 1638 209 1670 suo
228 1625 478 1683 splendore
497 1628 542 1668 et
555 1628 831 1669 ornamenta
843 1626 1110 1690 praeterite
1127 1625 1254 1668 uitae
1275 1625 1536 1667 retinerent
1557 1627 1602 1667 et
1615 1621 1755 1680 plebe

131 1693 282 1758 (corr.
312 1709 376 1741 ex
394 1691 538 1755 plebi)
580 1696 643 1740 ad
680 1693 746 1757 (et
769 1695 901 1760 plebe
929 1696 994 1740 acl
1027 1694 1081 1740 in
1107 1692 1262 1739 litura
1289 1689 1387 1754 est)
1424 1692 1623 1752 fortium
1649 1704 1754 1737 sus-

129 1766 341 1811 tinendos
360 1778 499 1811 casus
527 1762 781 1828 (extrema
800 1779 823 1811 s
849 1782 913 1812 m.
937 1766 966 1810 2
997 1763 1176 1812 addita
1194 1760 1421 1824 uidetur)
1451 1778 1534 1810 suo
1549 1783 1572 1810 *
1596 1765 1753 1821 splen-

128 1837 280 1883 dore*
309 1841 355 1881 et
380 1840 660 1881 ornamenta
679 1835 984 1895 praeteritae
1009 1838 1141 1880 uitae
1169 1837 1445 1879 retinerent.
1517 1833 1756 1896 Apparet

131 1921 198 1954 ex
222 1905 319 1952 hac
345 1906 596 1970 scriptura
622 1906 884 1954 librarium
912 1906 1138 1969 aliquem
1165 1904 1479 1952 sententiam
1500 1903 1755 1967 posterio-

129 1992 239 2024 rem
263 1975 336 2023 ita
363 1976 720 2036 continuasse,
766 1983 821 2023 ut
848 1976 1262 2040 ad'sup'eriorem
1290 1974 1554 2022 aberraret
1581 1980 1632 2022 et
1658 1974 1756 2021 hac

131 2063 199 2095 ex
242 2054 388 2111 parte
446 2047 671 2111 repetita
719 2048 1040 2095 enuntiatum
1084 2046 1401 2094 terminaret.
1483 2045 1565 2092 Ex
1610 2043 1755 2092 libris

130 2109 301 2164 autem
329 2117 455 2165 dett.
483 2117 570 2165 alii
597 2118 729 2164 nihil
753 2117 948 2165 habent
974 2118 1074 2164 nisi
1102 2123 1147 2163 et
1165 2119 1293 2177 plebi
1335 2115 1440 2180 (uel
1460 2113 1662 2178 plebem)
1694 2117 1760 2162 ad

127 2189 326 2248 fortium
352 2189 574 2248 (fortius)
598 2192 896 2235 sustinendos
923 2202 1061 2235 casas
1085 2203 1218 2245 suos,
1259 2188 1312 2234 in
1349 2187 1463 2234 aliis
1491 2187 1757 2235 sententia

119 2257 434 2322 *imperfecta
453 2258 608 2307 uariis
629 2257 796 2307 modis
821 2260 1033 2324 expleta
1055 2266 1146 2306 est.
1201 2257 1402 2321 Quodsi
1420 2258 1593 2318 uerba,
1622 2273 1755 2323 quae

130 2327 186 2375 in
211 2329 506 2377 melioribus
531 2328 674 2377 libris
702 2346 766 2378 ex
791 2329 1101 2379 deteriorum
1128 2329 1292 2377 classe
1329 2329 1439 2377 sola
1476 2337 1757 2394 supersunt

133 2397 282 2461 (plebi
303 2401 366 2445 ad
385 2400 565 2460 fortius
589 2404 886 2448 sustinendos
912 2415 1051 2448 casus
1077 2398 1206 2463 suos)
1238 2401 1520 2448 accuratius
1544 2400 1756 2464 inspici-

132 2486 257 2530 mus,
286 2470 385 2518 tria
411 2470 464 2517 in
484 2470 562 2518 his
581 2471 757 2534 paucis
781 2465 1120 2521 offensionem
1139 2470 1350 2520 habent.
1397 2487 1518 2518 nam
1539 2471 1758 2534 primum

134 2556 248 2588 cum
272 2556 367 2604 per
393 2556 449 2589 se
475 2557 654 2604 parum
674 2542 950 2590 uerisimile
973 2550 1050 2590 est
1071 2542 1335 2591 Valerium
1362 2541 1569 2600 dixisse,
1601 2556 1755 2588 senes

132 2610 411 2660 honoribus
463 2610 732 2659 defunctos
778 2619 885 2660 tum
936 2614 1032 2661 soli
1079 2612 1259 2677 plebi
1306 2612 1505 2672 animos
1557 2610 1756 2659 addere

133 2681 385 2741 uoluisse,
431 2689 537 2729 tum
565 2698 629 2730 ex
657 2698 718 2730 eo
748 2683 886 2747 quod
909 2686 1033 2743 plebi
1066 2684 1120 2730 in
1147 2683 1190 2730 B
1228 2682 1282 2729 in
1319 2682 1472 2730 litura
1509 2682 1757 2746 scriptum

136 2758 217 2799 est
250 2751 518 2816 probabile
552 2753 608 2801 fit
642 2752 725 2800 hic
761 2752 901 2800 aliud
946 2749 1247 2801 uocabulum
1291 2753 1459 2801 locum
1504 2753 1754 2812 tenuisse,

134 2822 278 2870 uelut
302 2828 484 2870 eeteros
509 2823 594 2872 uel
618 2827 821 2870 inaniores
846 2824 932 2872 uel
958 2826 1165 2871 obsessos
1192 2830 1287 2873 etc.
1349 2823 1543 2872 deinde
1576 2825 1757 2884 fortius

66 2920 88 2971 '2ss
135 2894 312 2953 aliquid
332 2897 562 2942 sustinere
595 2910 694 2942 nec
720 2893 859 2943 bona
888 2902 964 2943 est
990 2895 1177 2943 locutio
1214 2911 1313 2943 nec
1338 2895 1492 2944 lectio
1521 2911 1551 2942 a
1578 2894 1755 2942 melio-
