1924 3152
1314 0 1796 34 ”a'tffowexflsscgw-wlyssgvg&
1803 0 1825 29 {J
1830 0 1908 29 τῆς».
1915 0 1919 3 ’

1330 31 1348 46 ..⁶⁸
1359 41 1367 49 ἱ
1495 45 1497 47 ¹
1537 32 1539 34 “
1559 27 1565 31 ”
1613 26 1617 30 ⁷
1632 37 1641 41 ,-
1731 31 1733 34 ⁴
1742 35 1743 38 η
1772 45 1774 47 Ι
1793 31 1795 34 ’
1806 34 1811 39 0
1819 26 1827 47 J

574 181 691 226 CAP.
717 180 767 232 v,
791 179 887 225 Exi.
917 180 946 239 g
973 184 1112 225 2—4.
1140 180 1207 231 v1‚
1237 179 1265 237 g
1291 181 1328 225 1.
1658 171 1764 225 305

246 289 298 340 4.
338 287 449 341 Sed
484 289 762 359 aliquanto
799 286 1122 342 Charondae
1158 286 1354 339 Thurii
1397 285 1763 357 praefractior

142 369 197 413 et
224 359 492 412 abscisior
515 359 742 411 iustitia.
804 357 876 410 ad
908 357 1022 409 uim
1057 366 1112 410 et
1146 375 1394 411 cruorem
1419 374 1594 427 usque
1621 354 1763 409 sedi-

142 431 314 484 tiosas
342 429 618 483 contiones
646 429 849 480 ciuium
875 436 1174 498 pacauerat
1198 428 1319 497 lege
1339 426 1584 480 cauendo
1607 434 1686 493 ut,
1716 426 1764 479 si

143 502 263 572 quis
293 519 384 552 eas
412 512 534 552 cum
560 499 705 552 ferro
734 500 1026 565 intrasset,
1056 499 1314 552 continuo
1341 498 1762 551 interficeretur.

143 571 428 624 interiecto
475 569 673 622 deinde
717 578 963 640 tempore
1000 588 1029 621 e
1063 568 1362 639 longinquo
1407 587 1535 621 rure
1578 567 1763 638 gladio
1788 582 1809 615 5

142 642 351 694 cinctus
385 640 605 693 domum
638 649 918 710 repetenS,
960 640 1145 693 subito
1178 640 1386 693 indicta
1411 640 1664 693 contione
1687 640 1766 691 sic

143 721 205 764 ut
230 720 349 764 erat
369 713 426 763 in
457 730 577 764 eam
604 712 892 781 processit,
922 711 992 764 ab
1015 728 1202 781 eoque,
1244 712 1337 780 qui
1361 711 1614 780 proxime
1643 728 1764 763 con-

149 783 395 849 stiterat,
424 781 636 835 solutae
664 800 696 834 a
724 800 781 834 se
806 780 943 850 legis
974 800 1104 834 suae
1132 781 1445 835 admonitus
1475 780 1659 833 ‘idem’
1687 782 1766 832 in-
1836 847 1838 850 .

147 853 266 924 quit
293 857 415 922 ‘ego
442 851 593 904 illam
622 853 906 920 sanciam’7
936 871 999 905 ac
1025 853 1277 922 protinus
1305 851 1471 919 ferrO,
1502 853 1647 923 quod
1672 851 1764 903 ha-

142 923 335 990 bebat,
365 922 626 976 destricto
654 923 931 989 incubuit,
961 941 1192 994 cumque
1219 923 1409 976 liceret
1434 922 1650 993 culpam
1676 921 1765 974 uel
1788 937 1830 970 10

144 993 491 1046 dissimulare
517 993 607 1046 uel
634 1012 817 1047 errore
845 993 1170 1061 defendere,
1206 1013 1440 1064 poenam
1474 1002 1659 1046 tamen
1685 1012 1765 1045 re-

146 1073 499 1135 praesentare
525 1065 739 1131 maluit,
767 1084 835 1116 ne
862 1083 969 1135 qua
993 1064 1146 1116 fraus
1174 1065 1418 1117 iustitiae
1445 1065 1618 1117 fieret.

545 1205 647 1258 VI.
696 1210 795 1257 DE
829 1211 1005 1257 FIDE
1037 1211 1362 1260 PVBLICA.

255 1303 423 1355 Cuius
452 1303 688 1372 imagine
716 1312 842 1356 ante
871 1304 1058 1368 oculos
1086 1305 1268 1375 posita
1292 1302 1609 1357 uenerabile
1636 1302 1767 1355 fidei

142 1393 344 1426 numen
372 1374 659 1427 dexteram
687 1393 858 1442 suam,
888 1375 1255 1428 certissimum
1283 1375 1475 1427 salutis
1494 1374 1766 1426 humanae
1791 1388 1832 1421 15

144 1445 363 1516 pignUS,
394 1452 653 1499 ostentat.
706 1464 870 1515 quam
898 1464 1114 1516 semper
1138 1447 1195 1498 in
1221 1454 1413 1499 nostra
1436 1446 1661 1499 ciuitate
1686 1445 1767 1496 ui-

146 1517 334 1584 guisse
360 1523 414 1568 et
441 1535 627 1568 omnes
655 1523 848 1585 gentes
872 1525 1160 1569 senserunt
1180 1525 1233 1571 et
1252 1535 1350 1569 nos
1372 1516 1562 1587 paucis
1587 1534 1766 1568 exem-

144 1585 249 1656 plis
276 1603 750 1655 recognoscamus

256 1657 303 1707 1.
345 1655 481 1708 Cum
508 1656 852 1709 Ptolemaeus
880 1676 983 1709 rex
1017 1666 1254 1710 tutorem
1280 1657 1543 1727 populum
1570 1657 1767 1708 Roma-

146 1745 278 1778 num
303 1725 413 1779 filio
440 1727 780 1797 reliquisset,
811 1736 1035 1780 senatus
1062 1728 1138 1779 M.
1167 1727 1467 1780 Aemilium
1492 1726 1768 1797 Lepidum
1790 1742 1832 1774 20

147 1797 461 1867 pontificem
480 1797 799 1863 maximum,
827 1798 913 1851 bis
942 1797 1238 1866 consulem,
1268 1798 1338 1850 ad
1358 1798 1514 1868 pueri
1540 1797 1769 1849 tutelam

146 1866 445 1936 gerendam
472 1866 872 1920 Alexandriam
898 1869 1068 1935 misit,
1097 1869 1534 1940 amplissimique
1556 1875 1610 1919 et
1633 1869 1767 1920 inte·
1814 1935 1818 1937 μ

147 1937 371 2008 gerrimi
397 1938 503 1989 uiri
532 1939 898 2006 sanctitatem,
926 1939 1004 1991 rei
1030 1938 1285 2009 publicae
1309 1940 1501 1993 usibus
1521 1947 1574 1991 et
1597 1939 1766 1991 sacris

146 2091 279 2131 eruto
316 2099 449 2131 usum
486 2085 670 2146 utrique
706 2086 888 2131 uidendi
923 2086 1124 2146 reliquit.
1168 2091 1241 2132 »4.
1283 2087 1544 2132 Charondas
1572 2086 1765 2131 Thurio-
1790 2091 1882 2126 Par.

146 2170 245 2202 rum
271 2155 547 2215 legumlator·
573 2171 672 2202 cum
703 2157 886 2202 tulisset
912 2157 1054 2217 leges,
1084 2172 1140 2203 ne
1163 2159 1239 2218 qui
1262 2159 1498 2203 contiones
1520 2171 1622 2203 cum
1643 2156 1766 2201 ferro
1791 2164 1834 2196 25

146 2228 348 2278 intraret,
376 2226 477 2272 fore
498 2227 615 2273 enim
642 2233 694 2272 ut
713 2227 1066 2278 interficeretur,
1096 2229 1215 2274 forte
1243 2242 1295 2273 ex
1321 2228 1575 2288 longinquo
1604 2228 1768 2272 itinere

145 2297 361 2347 ueniens,
396 2305 447 2342 ut
483 2303 579 2343 erat
617 2297 766 2357 gladio
805 2300 1005 2349 cinctus,
1045 2301 1214 2344 curiam
1254 2300 1457 2344 intrauit.
1511 2298 1768 2344 admonitus

147 2366 290 2426 igitur
316 2366 435 2413 solui
462 2382 485 2413 a
513 2382 561 2412 se
587 2368 730 2427 leges,
760 2369 978 2414 destricto
1006 2370 1130 2415 ferro
1159 2370 1380 2415 incubuit.

255 2436 350 2480 DE
385 2437 551 2481 FIDE
573 2438 879 2484 PVBLICA.
932 2442 972 2483 1.
1012 2439 1119 2484 Cum
1147 2440 1435 2484 Ptolemaeus
1462 2452 1539 2483 rex
1570 2445 1766 2498 tutorem

148 2506 370 2567 populum
396 2507 646 2552 Romanum
673 2506 768 2554 filio
797 2523 880 2554 suo
909 2509 1195 2568 refiquisset,
1235 2516 1419 2555 senatus
1446 2510 1500 2554 M.
1528 2508 1767 2552 Aemilium
1792 2516 1833 2547 30

267 2646 288 2683 1
315 2643 575 2684 charondae
600 2645 714 2696 syrii
736 2644 863 2695 (tyrii
882 2645 979 2696 my.)
1003 2646 1044 2685 B
1066 2647 1108 2685 in
1125 2659 1213 2686 ras.
1245 2642 1264 2700 Η
1293 2645 1597 2698 praefra*tior
1620 2647 1666 2684 et
1688 2644 1770 2684 ab·

150 2701 339 2742 sci*sior
359 2701 402 2740 B
443 2703 468 2742 3
494 2702 702 2741 contines
726 2697 780 2741 B'
800 2699 818 2754 Η
842 2702 971 2754 leges
994 2702 1034 2741 B
1056 2699 1074 2755 Η
1094 2715 1152 2742 ne
1177 2703 1254 2754 qui
1277 2703 1317 2741 P
1372 2704 1395 2742 7
1421 2703 1699 2742 constiterat
1715 2700 1768 2747 B,

148 2760 230 2799 sed
249 2757 356 2796 stite
379 2760 422 2797 in
442 2771 532 2800 ras,
614 2760 638 2798 9
661 2759 870 2798 sauciam
892 2759 948 2808 B,
975 2759 1175 2798 sarciam
1198 2759 1221 2799 b
1303 2760 1354 2798 11
1380 2757 1529 2799 errore.
1547 2758 1589 2798 B
1613 2756 1769 2809 (incer-

150 2818 234 2855 tum
253 2815 362 2854 sitne
383 2831 442 2850 ω
465 2828 491 2854 α
510 2829 580 2867 pr.
603 2814 677 2866 m.)
755 2817 808 2855 14
829 2816 1078 2868 imaginem
1105 2828 1146 2855 a.
1172 2828 1212 2855 o.
1235 2814 1390 2868 posita
1407 2810 1463 2855 B'
1533 2817 1584 2855 15
1607 2815 1768 2855 certis-

151 2869 265 2911 sima.
286 2867 341 2911 B'
403 2874 455 2912 16
478 2871 692 2911 ostendat
714 2872 756 2911 B
778 2870 940 2923 (ultima
961 2875 980 2912 t
1000 2875 1044 2912 in
1064 2871 1177 2923 ras.)
1238 2874 1292 2912 22
1317 2871 1590 2913 alexandria
1614 2864 1676 2911 B'

159 2981 203 3022 V
263 2926 853 3024 24n3huriori1m]y1·i01·iim
882 2929 921 2967 V
979 2930 1032 2969 25
1049 2929 1156 2981 fort.
1182 2929 1334 2982 legem
1403 2929 1768 2996 2ssin11eniretur

198 3014 210 3030 ,
235 2996 308 3024 em.
381 2998 422 3025 αι

235 3066 342 3095 vn„
364 3067 473 3098 MAX.
644 3053 648 3058 ’
1446 3053 1516 3105 20
