1872 3132
645 158 763 204 CAP.
796 157 870 208 v1‚
910 157 940 216 3
968 160 1136 203 7—10.
1633 151 1704 204 29

188 265 238 317 9.
287 264 363 319 Et
388 265 706 318 consulatus
735 264 1025 334 collegium
1061 273 1115 317 et
1149 265 1351 318 erroris
1379 266 1611 318 societas
1651 272 1703 318 et

80 354 184 407 par
200 353 372 406 genus
390 335 578 388 mortis
596 353 629 387 a
651 335 735 387 Ti.
759 335 1011 389 Graccho
1041 336 1112 388 ad
1130 335 1206 388 M.
1228 335 1479 388 Marcelli
1503 355 1702 389 memo-

81 408 222 458 riam
246 425 332 459 me
357 405 542 459 trahit.
591 406 637 458 is
666 413 951 476 captarum
978 406 1379 476 Syracusarum
1416 415 1470 460 et
1493 407 1704 460 Hanni-

80 476 222 530 balis
257 485 384 530 ante
410 476 627 530 Nolana
651 477 868 530 moenia
904 496 936 529 a
962 495 1019 529 se
1046 478 1283 547 primum
1309 478 1499 546 fugere
1526 477 1704 531 coacti

80 547 260 617 gloria
283 547 688 614 inflammatuS,
729 566 854 601 cum
889 566 1099 601 summo
1126 547 1309 600 studio
1345 549 1610 602 niteretur
1642 555 1704 601 ut
1725 567 1745 600 5

79 618 385 672 Poenorum
428 619 732 671 exercitum
766 626 861 671 aut
895 619 952 671 in
987 619 1154 671 Italia
1189 627 1564 689 prosterneret
1608 625 1704 672 aut

77 688 244 742 Italia
268 688 512 760 pelleret,
555 689 913 760 sollemnique
940 689 1212 742 sacrificio
1237 689 1549 743 uoluntates
1579 690 1702 743 deo-

78 778 200 812 rum
226 759 570 831 exploraret,
608 779 747 831 quae
772 760 950 831 prima
975 760 1158 813 hostia
1194 767 1322 812 ante
1347 760 1591 813 foculum
1619 779 1702 813 ce-

79 831 245 897 cidit,
283 831 398 884 eius
433 831 584 883 iecur
619 831 737 883 sine
772 831 953 901 capite
988 831 1274 884 inuentum
1302 839 1413 897 est,
1449 833 1703 902 proxima

80 910 246 972 caput
280 902 536 955 iocineris
564 901 771 972 duplex
794 901 1005 954 habuit.
1101 901 1264 955 uibus
1291 902 1554 972 inspectis
1582 921 1702 954 aru-
1727 923 1767 952 10

82 991 219 1044 spex
253 972 401 1026 tristi
436 971 597 1025 uultu
630 991 741 1024 non
814 972 993 1024 lacere
1032 973 1078 1024 si
1121 973 1138 1023 i
1174 980 1303 1024 exta
1314 1012 1330 1039 ,
1368 973 1497 1044 quia
1523 974 1703 1043 prima

79 1052 298 1109 trunca,
327 1043 755 1096 secunda-nimis
804 1052 929 1096 aeta
955 1044 1368 1114 apparuissent,
1397 1043 1702 1114 respondit.

78 1115 159 1167 ita
192 1115 431 1167 monitus
457 1113 534 1166 Μ.
561 1112 856 1166 Marcellus
889 1132 956 1166 ne
983 1114 1118 1185 quid
1152 1122 1356 1167 temere
1393 1123 1700 1178 conaretur,

77 1184 386 1256 insequenti
410 1191 570 1236 nocte
596 1183 918 1255 speculandi
936 1186 1119 1254 gratia
1146 1203 1267 1236 cum
1293 1184 1485 1255 paucis
1513 1185 1704 1254 egredi

78 1274 273 1322 aUSUS,
311 1274 344 1307 a
377 1254 730 1308 multitudine
755 1255 998 1308 hostium
1032 1255 1091 1306 in
1115 1255 1329 1307 Bruttis
1366 1255 1702 1308 circumuen-
1727 1275 1767 1307 15

77 1334 194 1394 tuS,
235 1344 407 1398 aeque
430 1344 690 1396 magnum
718 1324 960 1379 dolorem
987 1345 1051 1379 ac
1077 1326 1465 1379 detrimentum
1490 1327 1704 1397 patriae

76 1397 300 1450 interitu
327 1414 424 1450 suo
452 1396 655 1450 attulit.

190 1468 273 1520 10.
322 1468 464 1520 Nam
502 1468 765 1520 Octauius
803 1467 995 1521 consul
1031 1467 1214 1519 dirum
1249 1486 1411 1521 omen
1445 1467 1702 1538 quemad-

79 1538 305 1592 modum
339 1538 548 1605 timuit,
594 1539 672 1607 ita
705 1540 885 1591 uitare
920 1557 1031 1591 non
1065 1539 1263 1609 potuit.
1340 1558 1369 1590 e
1406 1538 1700 1591 simulacro

78 1609 224 1662 enim
261 1607 558 1680 Apollinis.
579 1627 678 1679 per
720 1627 778 1661 se
827 1609 1059 1679 abrupto
1108 1609 1288 1680 capite
1323 1617 1378 1661 et
1410 1610 1490 1661 ita
1530 1609 1703 1661 infixo
1728 1629 1768 1660 20

77 1679 231 1731 humi
254 1688 316 1732 ut
341 1678 505 1731 auelli
528 1680 796 1750 nequiret,
837 1681 1002 1731 armis
1029 1698 1152 1732 cum
1179 1679 1389 1749 collega
1416 1699 1515 1733 suo
1544 1679 1703 1732 dissi-

78 1749 216 1801 dens
245 1748 446 1816 Cinna,
484 1750 854 1820 praesumpsit
881 1751 1061 1802 animo
1089 1768 1155 1802 ea
1179 1769 1238 1802 re
1265 1750 1567 1819 significari
1593 1750 1703 1803 exi—

82 1819 221 1872 tium
264 1838 453 1886 suum,
499 1820 558 1871 in
594 1825 626 1887 †
662 1839 823 1890 quem
867 1828 1043 1872 metus
1080 1821 1371 1889 augurium
1415 1820 1563 1872 tristi
1596 1820 1704 1873 fine

54 1910 57 1912 ·
81 1890 231 1942 uitae
256 1890 469 1942 incidit.
495 1908 559 1942 ac
578 1898 695 1943 tum
717 1889 934 1942 demum
958 1890 1238 1943 immobile
1259 1890 1348 1943 dei
1368 1900 1532 1961 caput
1557 1898 1706 1943 terra

75 1960 238 2031 refigi
262 1960 458 2032 potuit.
1726 1980 1768 2012 25

75 2096 185 2129 eum
220 2087 391 2127 armata
427 2094 561 2125 manu
597 2080 855 2126 delituerat.
916 2081 958 2124 9.
1007 2081 1063 2125 Μ.
1099 2080 1336 2126 Marcellus
1374 2080 1701 2141 Syracusarum
1726 2092 1818 2126 Par.

85 2152 351 2214 captiuitate
386 2157 431 2196 et
465 2149 726 2197 Hannibalis
760 2150 833 2197 ab‘
854 2150 968 2196 urbe
1006 2150 1117 2196 Nola
1153 2151 1261 2210 fuga
1296 2151 1473 2202 clarus,
1519 2166 1620 2197 cum
1657 2153 1702 2197 in

80 2223 235 2269 hostia
271 2223 417 2283 prima
443 2221 570 2267 iecur
596 2221 693 2266 sine
719 2221 868 2282 capite
904 2223 1180 2273 inuenisset,
1222 2224 1269 2268 in
1308 2222 1504 2268 secunda
1531 2221 1701 2282 biceps,

81 2298 236 2340 tamen
275 2292 360 2338 sibi
387 2306 478 2338 non
503 2293 649 2339 cauit:
688 2306 790 2338 nam
818 2306 919 2338 cum
956 2292 1113 2352 paucis
1141 2293 1296 2353 egredi
1333 2307 1471 2339 ausus
1499 2292 1704 2354 specula·

86 2366 536 2429 tor-„circumuentus
563 2363 716 2423 periit.
754 2365 829 2426 10.
851 2362 1067 2408 Octauius
1093 2377 1187 2408 cos.
1217 2363 1366 2409 dirum
1393 2377 1525 2409 omen
1547 2377 1704 2424 quem·
1727 2373 1767 2403 30

79 2433 325 2480 admodum
361 2433 537 2484 timuit,
585 2433 647 2478 ita
683 2434 832 2478 uitare
867 2447 958 2479 non
994 2434 1161 2494 potuit.
1238 2447 1261 2478 e
1298 2433 1541 2480 simulacro
1587 2437 1702 2479 enim

83 2502 312 2563 Apollinis
337 2517 420 2563 per
447 2517 493 2548 se
533 2502 727 2564 abrupto
755 2505 902 2564 capite
936 2510 983 2549 et
1017 2504 1079 2549 ita
1114 2503 1252 2549 infixo
1279 2505 1444 2555 humo,
1483 2511 1535 2549 ut
1568 2503 1706 2550 auelli

203 2627 229 2665 2
258 2625 321 2667 M.
344 2627 406 2665 P.-
436 2638 514 2668 om.
535 2624 577 2664 B
637 2627 663 2666 3
692 2639 762 2666 me
792 2625 938 2666 trahit
966 2627 1005 2666 is
1035 2627 1155 2667 enim
1187 2630 1425 2679 captarum
1448 2626 1490 2665 B
1518 2627 1562 2666 in
1589 2639 1706 2671 ras„-

86 2681 212 2722 enim
233 2683 369 2722 nullus
389 2682 497 2721 alius
517 2682 658 2722 codex
677 2683 846 2722 uidetur
865 2682 1022 2722 habere
1084 2684 1135 2723 10
1155 2682 1376 2723 iocinoris
1397 2682 1471 2726 Βς
1532 2684 1581 2722 11
1604 2682 1705 2735 pla·

94 2749 199 2778 cere
219 2759 275 2766 —
291 2738 428 2778 nimis
450 2737 493 2777 B
520 2739 564 2778 in
584 2751 672 2778 ras.
696 2737 821 2778 habet
848 2751 937 2777 cum
958 2740 1136 2779 lectione
1164 2741 1406 2790 truncata,
1438 2740 1494 2791 cf.
1522 2740 1611 2781 Liv.
1634 2741 1702 2786 27,

91 2795 161 2842 26,
183 2795 239 2833 14
298 2794 350 2834 18
370 2794 468 2834 Iam
489 2793 531 2834 B
553 2807 668 2835 corr.
693 2807 714 2834 e
735 2794 852 2835 Nam
911 2795 965 2834 23
993 2794 1041 2833 in
1060 2806 1195 2846 quem
1216 2798 1365 2836 metus
1388 2798 1629 2848 augurium
1646 2796 1703 2846 B,

19 2870 25 2905 s
91 2848 142 2904 in
169 2848 289 2901 quod
317 2853 443 2891 metu
473 2851 657 2904 augurii
677 2851 876 2903 Pighius,
909 2851 957 2890 in
981 2862 1114 2902 quem
1135 2854 1307 2892 metum
1338 2852 1523 2905 augurii
1543 2853 1703 2902 Periz.,

81 2904 197 2955 sort.
218 2906 357 2958 inque
379 2910 604 2947 maestum
626 2908 868 2960 augurium

207 2962 261 3001 29
283 2962 573 3015 speculatum
594 2965 703 3005 coni.
726 2964 823 3003 Mai
