1924 3152
186 122 285 202 118
883 125 982 171 Lm.
1023 126 1089 171 ΙΙΙ.

180 243 373 288 nantes
409 233 634 286 lubricis
662 231 845 302 pelagi
872 231 1028 303 quasi
1065 251 1382 304 camporum
1416 233 1675 290 firmitate
1701 255 1791 308 pe-

183 305 322 358 dites
351 306 408 355 in
433 304 560 356 litus
590 303 973 368 retraxerunt?
1064 359 1071 366 ,
1646 309 1654 318 “

290 375 369 426 11.
424 372 690 426 Eiusdem
727 373 985 444 temporis
1028 381 1080 426 et
1105 383 1269 428 notae
1305 375 1461 428 miles
1474 415 1489 443 ,
1534 372 1628 447 qui
1654 377 1790 430 Can-

179 445 334 498 nensi
398 443 585 511 roeliO‚
614 462 718 514 quo
745 444 1025 498 Hannibal
1051 447 1226 515 magis
1252 446 1398 498 uires
1423 446 1794 502 Romanorum

137 534 156 566 5
182 523 346 569 contu
388 516 431 568 it
451 533 613 586 quam
639 515 849 568 animos
870 516 1057 584 fregit,
1087 535 1210 568 cum
1237 516 1308 569 ad
1327 517 1613 570 retinenda
1639 537 1793 571 arma

177 587 395 639 inutiles
440 585 760 639 uulneribus
798 604 989 638 manus
1026 585 1279 654 haberet,
1337 586 1573 658 spoliare
1610 608 1668 641 se
1705 607 1789 642 co-

177 656 360 709 nantis
396 656 668 709 Numidae
703 657 972 709 ceruicem
1010 657 1339 727 conpleXUS‚
1379 677 1438 712 os
1474 658 1700 713 naribus
1738 669 1791 713 et

176 726 400 780 auribus
446 727 678 780 corrosis
727 726 967 779 deforme
1002 727 1246 780 reddidit
1292 728 1455 800 inque
1490 727 1664 799 plenis
1711 730 1789 781 ul-

176 798 338 851 tionis
375 798 648 852 morsibus
687 798 981 868 expirauit.
1052 817 1253 868 sepone
1288 799 1535 870 iniquum
1575 817 1791 869 pugnae

114 888 155 919 10
178 876 459 934 euentum,
506 875 769 939 quantum
813 867 1163 921 interfectore
1206 868 1400 922 fortior
1441 869 1788 924 interfectus!

138 991 140 993 ,
174 938 387 992 Poenus
436 939 579 991 enim
613 940 669 990 in
702 938 938 991 uictoria
983 938 1251 992 obnoxius
1300 939 1552 994 morienti
1588 935 1796 994 solacio‘

173 1009 297 1075 fuit,
325 1009 603 1081 Romanus
632 1010 688 1060 in
713 1009 832 1079 ipso
861 1008 967 1060 fine
994 1008 1141 1061 uitae
1168 1009 1378 1062 uindex
1403 1010 1487 1062 sui
1514 1010 1717 1064 extitit.

284 1080 365 1131 12.
405 1079 601 1132 Militis
638 1078 727 1131 hic
761 1079 818 1130 in
853 1078 1085 1133 aduerso
1115 1098 1246 1132 casu
1282 1088 1395 1133 tam
1432 1081 1684 1150 egregius
1710 1081 1789 1133 ui*-

173 1149 290 1202 rilis
343 1151 554 1202 animus
600 1168 761 1220 quam
805 1148 1073 1202 relaturus
1119 1169 1239 1202 sum
1288 1150 1652 1221 imperatoris,
1726 1151 1788 1203 P.

111 1223 151 1270 15
175 1220 319 1273 enim
346 1220 576 1273 Crassus
604 1239 728 1274 cum
753 1220 1070 1273 Aristonico
1099 1219 1302 1273 bellum
1327 1221 1384 1272 in
1411 1221 1548 1276 Asia
1571 1239 1788 1291 gei-em,

173 1310 206 1344 a
233 1291 568 1358 Thracibus,
604 1309 835 1362 quorum
870 1290 917 1342 is
943 1308 1203 1359 magnum
1236 1309 1521 1344 numerum
1554 1291 1612 1343 in
1635 1310 1788 1363 prae-

174 1361 312 1414 sidio
348 1361 613 1426 habebat,
649 1362 793 1414 inter
819 1359 1046 1412 Elaeam
1083 1369 1136 1414 et
1173 1362 1473 1432 Zmyrnam
1507 1370 1784 1434 exceptuS,

171 1451 239 1485 ne
284 1433 342 1484 in
377 1432 651 1497 dicionem
697 1432 812 1484 eius
847 1431 1186 1502 perueniret,
1240 1431 1476 1485 dedecus
1523 1433 1791 1486 arcessita

171 1503 383 1555 ratione
409 1502 601 1556 mortis
639 1501 848 1571 effugit.
909 1502 1125 1571 uirgam
1159 1501 1330 1569 enim,
1366 1521 1474 1574 qua
1501 1503 1573 1556 ad
1599 1521 1787 1572 regen-

107 1589 150 1623 20
173 1571 305 1624 dum
330 1591 528 1643 equum
554 1591 685 1625 usus
713 1575 911 1639 fuerat,
939 1574 996 1624 in
1021 1573 1182 1625 unius
1211 1573 1436 1626 barbari
1464 1572 1683 1627 oculum
1710 1574 1787 1625 di-

169 1643 331 1696 rexit.
394 1644 487 1714 qui
520 1643 578 1695 ui
605 1642 806 1697 doloris
844 1660 1103 1696 accensus
1131 1641 1277 1695 latus
1306 1643 1494 1696 Crassi
1528 1643 1642 1696 sica
1667 1662 1787 1697 con-

170 1712 340 1781 fodit,
371 1713 606 1784 dumque
633 1733 691 1766 se
715 1712 1027 1780 ulciscitur,
1065 1714 1375 1766 Romanum·
1400 1715 1789 1786 imperatorem

169 1783 473 1836 maiestatis
527 1784 762 1837 amissae
813 1783 1155 1855 turpitudine
1198 1784 1472 1838 liberauit.
1548 1784 1789 1838 ostendit

169 1853 422 1907 fortunae
459 1854 692 1908 Crassus
738 1873 902 1926 quam
940 1854 1226 1925 indignum
1267 1856 1448 1907 uirum
1483 1863 1596 1909 tam
1631 1856 1789 1925 graui

107 1940 148 1974 25
173 1924 504 1979 contumelia
539 1925 775 1978 adficere
810 1925 1106 1992 uoluisset,
1160 1925 1675 1996 quoniamquidem
1708 1926 1787 1978 in-

170 1995 340 2048 iectos
379 1995 448 2048 ab
489 2014 551 2048 ea
586 1995 831 2049 libertati
867 2014 998 2047 suae
1033 1994 1374 2049 miserabiles
1411 1994 1632 2065 laqueos
1661 2014 1786 2066 pru-

55 2122 148 2158 Par.
172 2114 346 2159 uirtute
381 2113 545 2173 proelii
586 2114 773 2159 crimine
810 2112 989 2158 leuatus
1017 2120 1101 2157 est.
1163 2115 1229 2157 11.
1268 2112 1393 2158 Miles
1420 2113 1649 2159 Romanus
1676 2112 1786 2158 Can·
1827 2140 1831 2145 ι

170 2183 299 2228 nensi
324 2183 525 2243 proelio,
564 2198 666 2229 cum
694 2183 749 2228 ad
775 2182 1011 2238 retinenda
1039 2197 1159 2228 arma
1186 2181 1374 2229 inutiles
1401 2181 1669 2229 uulneribus
1695 2197 1787 2228 ma-

171 2268 257 2299 nus
278 2253 489 2304 haberet,
517 2253 715 2314 spoliare
740 2267 789 2299 se
815 2252 1024 2300 conantis
1043 2251 1259 2299 Numidae
1285 2253 1511 2299 ceruicem
1538 2253 1784 2313 amplexus,

107 2337 150 2371 30
171 2323 356 2370 naribus
383 2330 428 2369 et
454 2323 639 2370 auribus
666 2324 843 2376 adrosis
869 2323 1065 2369 reddidit
1091 2323 1352 2369 deformem.
1417 2326 1483 2368 12.
1520 2323 1570 2369 P.
1595 2323 1784 2370 Crassus

172 2409 273 2441 cum
316 2395 574 2441 Aristonico
618 2394 785 2440 bellum
825 2407 989 2455 gerens
1029 2410 1052 2440 a
1088 2394 1336 2440 Thracibus
1382 2395 1501 2439 inter
1544 2392 1695 2440 Eleam
1741 2401 1787 2439 et

168 2465 405 2526 Zmyrnam
433 2471 673 2526 exceptus,
711 2479 768 2510 ne
793 2471 1055 2525 caperetur,
1093 2466 1293 2525 uirgam,
1331 2479 1419 2525 qua
1456 2463 1521 2510 ad*
1536 2463 1785 2525 regendum

170 2548 337 2596 equum
374 2550 486 2582 usus
514 2536 688 2586 fuerat,
728 2538 773 2581 in
801 2538 936 2581 unius
963 2535 1142 2581 barbari
1184 2535 1367 2581 oculum
1394 2534 1582 2590 direxit,
1625 2536 1711 2595 qui·
1738 2535 1784 2579 ui

285 2647 311 2685 6
334 2658 433 2686 con.
455 2645 585 2686 Num.
609 2645 664 2694 B,
694 2647 774 2686 sed
793 2644 949 2686 nantis
971 2643 1182 2685 numidae
1206 2646 1248 2685 in
1268 2645 1397 2685 litura
1455 2644 1481 2684 8
1511 2641 1689 2684 adrosis
1710 2640 1779 2691 Pil

170 2699 376 2741 deformt
401 2701 443 2741 B
506 2703 556 2742 11
579 2703 824 2743 uictoriam
845 2695 901 2742 B'
921 2699 940 2756 Η
960 2701 1199 2742 morientis
1221 2700 1390 2742 solatio
1411 2699 1454 2740 B
1514 2701 1567 2740 13
1598 2698 1783 2752 egregie

170 2757 208 2805 b,
244 2758 457 2810 egregius
478 2761 665 2809 tamque
688 2760 805 2808 dett„
837 2759 893 2810 of.
918 2758 1127 2800 Foertsck
1146 2757 1216 2804 II,
1240 2759 1296 2796 14
1357 2757 1410 2796 14
1430 2766 1568 2808 quam
1589 2766 1722 2807 quem
1745 2754 1783 2793 D

174 2814 226 2854 16
246 2813 517 2854 tharacibus
540 2810 596 2853 B'
657 2816 709 2855 17
740 2815 889 2856 eleam
910 2814 996 2855 BP
1012 2812 1031 2868 ΙΙ
1059 2814 1274 2855 smirnam
1295 2811 1350 2860 B,
1381 2811 1610 2863 Myrinam
1630 2810 1783 2851 From.

168 2875 295 2912 serat.
319 2872 358 2916 4,
381 2873 419 2916 5,
445 2871 498 2909 16
555 2871 608 2910 21
633 2870 840 2911 confodit
858 2893 916 2900 —
935 2871 1101 2912 mentis
1122 2884 1165 2923 p.
1190 2871 1283 2917 119,
1308 2871 1336 2909 3
1358 2867 1401 2908 B
1421 2869 1465 2908 in
1483 2879 1572 2910 ras,
1595 2866 1719 2907 habet

286 2928 338 2967 32
361 2926 580 2967 zmirnam
600 2927 655 2974 B,
689 2939 919 2979 smyrnam
947 2928 994 2966 V
1007 2941 1120 2969 corr.
1141 2922 1162 2980 [Ι
1181 2925 1314 2978 uirga
1342 2924 1384 2965 V
