1924 3152
242 140 345 192 164
934 142 1034 188 LlB.
1073 141 1158 187 1111.

241 253 470 304 sorinus.
535 251 734 302 iterum
770 249 913 301 enim
948 261 1142 302 censor
1177 255 1390 301 creatus
1436 249 1508 302 ad
1543 250 1853 304 contionem

238 321 501 393 populum
534 327 790 373 uocatum
825 337 986 390 quam
1021 319 1202 390 potuit
1237 319 1569 389 grauissima
1611 320 1853 374 oratione

240 392 527 461 corripuit,
579 389 725 461 quod
762 409 882 442 eam
916 396 1248 461 potestatem
1283 391 1368 443 bis
1406 391 1515 445 sibi
1549 389 1853 459 detulisset,

239 463 389 514 cuius
418 463 680 528 maioreS,
719 462 847 532 quia
874 461 1034 513 nimis
1061 478 1265 530 magna
1302 461 1606 528 uideretur,
1642 469 1855 532 tempus

195 548 215 580 5
238 531 598 586 coartandum
623 532 978 585 iudicassent.
1016 539 1243 602 uterque
1262 540 1423 598 recte,
1452 540 1507 585 et
1523 531 1853 585 Censorinus

239 612 293 656 et
328 602 586 674 populus:
639 604 778 656 alter
813 603 958 655 enim
993 611 1052 656 ut
1088 602 1369 655 moderate
1404 602 1637 656 honores
1673 603 1854 655 crede-

153 677 159 681 '
238 684 360 728 rent
384 674 693 745 praecepit,
734 672 872 726 alter
899 676 956 726 se
982 673 1264 726 moderato
1293 673 1546 726 credidit.

345 745 396 796 4.
436 744 585 813 Age,
627 744 693 797 L.
731 743 990 810 Quintius
1029 743 1379 796 Cincinnatus
1414 741 1631 814 qualem
1665 761 1855 797 consu-

238 816 346 867 lem
373 816 568 884 gessit!
618 834 741 867 cum
765 815 1028 868 honorem
1055 815 1170 865 eius
1198 821 1382 883 patres
1409 813 1707 884 conscripti
1732 831 1854 867 con-

174 901 215 932 10
238 887 454 939 tinuare
502 885 735 952 uellent,
787 903 897 938 non
947 884 1122 937 solum
1170 891 1394 955 propter
1439 883 1586 936 illius
1637 885 1858 954 egregia

239 974 435 1027 opera,
474 956 572 1009 sed
607 957 774 1009 etiam
810 954 957 1026 quod
990 954 1225 1026 populus
1264 954 1487 1008 eosdem
1513 955 1764 1009 tribunos
1799 955 1858 1006 in

238 1027 553 1098 proximum
579 1045 783 1079 annum
803 1044 988 1078 creare
1010 1025 1326 1092 conabatur,
1355 1044 1584 1096 quorum
1604 1033 1858 1079 neutrum

236 1100 354 1150 iure
380 1098 500 1150 fieri
527 1105 767 1168 poterat,
805 1105 1095 1168 utrumque
1123 1095 1410 1163 discussit,
1449 1104 1668 1150 senatus
1696 1096 1858 1150 simul

239 1168 483 1220 studium
542 1167 837 1221 inhibendo
897 1175 950 1220 et
994 1167 1246 1220 tribunos
1304 1166 1669 1219 uerecundiae
1728 1185 1857 1219 suae

174 1252 216 1285 15
240 1238 551 1308 exemplum
587 1240 742 1309 sequi
777 1237 1049 1307 cogendo:
1095 1245 1256 1307 atque
1289 1255 1428 1289 unus
1464 1255 1631 1290 causa
1656 1236 1764 1290 fuit
1796 1245 1857 1290 ut

238 1309 610 1380 amplissimus
647 1308 780 1361 ordo
818 1307 1156 1380 populusque
1192 1315 1343 1361 tutus
1383 1315 1527 1360 esset
1562 1309 1631 1361 ab
1666 1307 1857 1360 iniusti

237 1379 378 1443 facti
396 1380 834 1450 reprehensione.

342 1450 393 1502 5.
433 1450 639 1503 Fabius
674 1468 804 1502 uero
833 1448 1139 1515 Maximus,
1182 1467 1302 1501 cum
1334 1467 1366 1500 a
1393 1466 1450 1501 se
1477 1448 1764 1520 quinquies
1801 1457 1857 1501 et

238 1539 272 1572 a
296 1528 469 1591 patre,
499 1538 619 1586 aUO,
646 1538 852 1591 proauo
872 1519 1278 1590 maioribusque
1307 1519 1418 1571 suis
1447 1537 1610 1590 saepe
1628 1537 1853 1572 numero

145 1621 147 1623 ·
173 1604 215 1637 20
237 1590 580 1643 consulatum
605 1598 822 1660 gestum
849 1591 1335 1657 animaduerteret,
1366 1591 1630 1656 comitiis,
1658 1589 1854 1660 quibus

235 1660 380 1712 filius
419 1662 533 1713 eius
562 1679 774 1715 summo
814 1680 1083 1714 consensu
1109 1659 1299 1713 consul
1325 1660 1642 1726 creabatur,
1692 1677 1855 1730 quam

234 1731 414 1801 potuit
442 1740 757 1785 constanter
783 1750 906 1784 cum
927 1731 1127 1802 populo
1156 1732 1269 1801 egit
1291 1738 1353 1783 ut
1378 1729 1671 1802 aliquando
1697 1748 1855 1783 uaca-

234 1802 440 1855 tionem
467 1802 624 1854 huius
651 1802 874 1856 honoris
901 1803 1110 1856 Fabiae
1136 1802 1289 1871 genti
1316 1803 1532 1866 darent,
1574 1820 1684 1854 non
1708 1800 1856 1872 quod

233 1872 534 1925 uirtutibus
571 1872 672 1925 filii
700 1873 1004 1941 diffideret,
1046 1880 1164 1925 erat
1190 1873 1335 1925 enim
1361 1871 1618 1939 inluster,
1665 1871 1762 1924 sed
1787 1889 1855 1923 ne

170 1956 212 1989 25
236 1944 540 1995 maximum
590 1944 881 2014 imperium
924 1945 983 1995 in
1025 1962 1133 1996 una
1176 1942 1385 1995 familia
1428 1943 1850 1995 continuaretur.

235 2013 367 2083 quid
391 2013 496 2065 hac
521 2014 896 2066 moderatione
934 2013 1212 2066 efficacius
1240 2020 1336 2065 aut
1369 2011 1669 2078 ualentius,
1715 2029 1854 2082 quae

234 2083 401 2134 etiam
436 2085 646 2153 patrios
686 2084 965 2151 adfectuS,
1019 2084 1111 2154 qui
1157 2083 1529 2154 potentissimi
1563 2082 1852 2148 habentur,

235 2154 551 2223 superauit?

94 2273 213 2313 Ῥαν.
240 2269 516 2317 Censorinus
554 2272 717 2318 iterum
745 2286 909 2318 censor
935 2278 1114 2318 creatus
1141 2270 1374 2336 populum⁸
1399 2270 1685 2330 obiurgauit,
1732 2271 1854 2331 quod

171 2349 213 2383 30
237 2355 332 2388 eam
361 2348 636 2402 potestatem
662 2342 731 2387 bis
760 2341 845 2388 sibi
872 2342 1124 2388 detulisset.
1174 2346 1215 2386 4.
1251 2341 1298 2386 L.
1326 2341 1538 2396 Quintius
1564 2341 1851 2387 Cincinnatus

233 2426 335 2458 cum
363 2413 583 2458 honorem
621 2413 719 2458 eius
746 2428 789 2473 p.
817 2428 855 2459 c.
885 2414 1154 2459 continuare
1191 2411 1387 2462 uellent,
1426 2412 1548 2472 quod
1584 2417 1630 2456 et
1654 2409 1851 2472 populus

235 2483 419 2528 eosdem
447 2483 659 2530 tribunos
688 2484 733 2528 in
758 2485 1016 2543 proximum
1055 2497 1221 2529 annum
1247 2495 1401 2528 creare
1427 2481 1708 2532 destinabat,
1750 2494 1852 2541 per-

233 2555 329 2613 egit
366 2553 570 2615 exemplo
609 2568 721 2605 suo,
757 2560 810 2600 ut
835 2547 1045 2601 tribunos
1083 2555 1215 2614 sequi
1243 2567 1291 2598 se
1328 2559 1528 2612 cogeret.
1607 2555 1647 2598 5.
1686 2551 1849 2597 Fabius

234 2623 467 2677 Maximus,
497 2639 598 2671 cum
627 2631 672 2670 et
697 2625 796 2686 ipse
823 2627 1063 2686 quinquies
1091 2624 1250 2671 consul
1278 2629 1402 2670 esset
1428 2629 1474 2670 et
1499 2637 1530 2667 α
1551 2627 1720 2680 patre,
1747 2635 1848 2671 auo,

172 2702 214 2736 35
237 2694 579 2756 maioribusque
615 2698 710 2742 suis
747 2709 881 2757 saepe
907 2709 1099 2742 numero
1125 2693 1414 2741 consulatum
1439 2699 1619 2753 gestum
1656 2690 1848 2741 uideret,

235 2766 447 2816 comitiis,
479 2766 641 2825 quibus
662 2767 782 2812 {ilius
811 2766 908 2812 eius
936 2780 1031 2812 cos.
1058 2764 1309 2815 creabatur,
1338 2765 1431 2823 egit
1457 2776 1557 2808 cum
1581 2759 1769 2822 populo,
1799 2766 1851 2805 ut

349 2891 403 2931 23
426 2889 524 2930 eius
544 2889 588 2930 h.
611 2889 652 2928 P
668 2885 687 2943 Η
708 2888 838 2945 daret
859 2886 936 2943 ΡΗ
957 2887 1078 2942 quod
1098 2889 1140 2929 B
1161 2901 1272 2929 corr.
1297 2899 1354 2928 ex
1376 2898 1487 2939 quo,
1519 2890 1568 2925 ut
1586 2885 1776 2941 uidetur.

349 2947 405 2987 34
427 2959 455 2987 a.
475 2949 610 2999 patre
633 2947 731 2988 add.
753 2945 848 2986 Mai

1134 3089 1155 3106 l
