1924 3152
1088 0 1117 11 ³5⁷·
1129 2 1132 6 ⁴
1143 0 1178 25 17?
1190 0 1336 29 ῖζ.ἷ;,ζ’ἵ·’ἴ
1344 2 1402 27 '⁷2:2¹-
1411 10 1438 29 ἓν
1449 22 1452 27 ·
1511 23 1515 27 .
1551 27 1556 29 -

1195 30 1237 44 :¹
1281 24 1345 36 ***‘·
1415 29 1425 39 r
1465 23 1508 42 ‘⁸³
1533 24 1598 45 ¹⁴2·-

220 102 320 154 192
910 108 1007 153 LlB.
1048 108 1132 153 1111.

216 215 411 267 aetatis
439 213 667 265 haberet
691 232 867 284 neque
894 215 943 266 ei
970 214 1088 267 sine
1116 233 1173 268 se
1201 214 1300 268 dos
1336 215 1584 286 expediri
1618 227 1825 288 posset,

217 293 467 348 senatus,
519 301 586 334 ne
621 301 707 335 res
755 284 975 354 publica
1011 285 1153 338 bono
1190 285 1328 340 duce
1363 295 1600 355 careret,
1650 289 1824 358 patris

218 355 323 407 sibi
350 362 533 423 partes
563 353 895 425 desumpsit,
935 357 1267 428 consilioque
1293 357 1481 409 uxoris
1517 375 1582 410 ac
1607 358 1824 429 propin-

215 443 444 495 quorum
471 423 742 494 Scipionis
779 426 1076 479 constituta
1111 427 1261 494 dote,
1303 446 1573 480 summam
1607 428 1721 480 eius
1759 447 1826 493 ex

171 512 191 543 5
214 495 427 547 aerario
455 496 703 563 erogauit
728 514 792 548 ac
815 494 1055 584 puellam
1079 505 1311 567 nuptum
1339 497 1505 551 dedit.
1547 497 1688 551 dotis
1714 516 1824 556 mo-

215 566 315 617 dus
355 579 431 616 XL
467 564 622 617 milia
658 567 800 618 aeris
836 565 960 620 fuit.
1021 586 1126 638 quo
1162 587 1271 621 non
1306 568 1478 621 solum
1514 567 1823 622 humanitas

211 643 429 707 patrum
451 637 880 707 conscriptorum
903 639 998 690 sed
1026 639 1191 690 etiam
1211 638 1431 692 habitus
1457 646 1708 691 ueterum
1734 657 1825 709 pa-

214 705 591 760 trimoniorum
626 708 880 777 cognosci
915 717 1113 778 potest.
1164 727 1397 779 namque
1433 707 1570 761 adeo
1607 709 1826 762 fuerunt

132 820 143 830 ,
214 785 358 843 arta,
410 782 472 827 ut
510 778 718 830 Tuccia
754 778 1015 830 Caesonis
1054 777 1167 829 filia
1203 779 1503 831 maximam
1539 777 1720 832 dotem
1756 780 1826 832 ad
1860 787 1862 790 ’

151 867 192 898 10
213 849 395 900 uirum
432 850 471 901 i
506 848 647 900 aeris
693 849 942 901 attulisse
977 848 1098 900 uisa
1133 850 1231 913 sit,
1278 856 1330 901 et
1363 847 1654 918 Megullia,
1700 850 1827 920 quia

213 937 333 971 cum
398 919 757 990 uinquaginta
783 918 1004 972 milibus
1034 920 1175 971 aeris
1203 920 1388 973 mariti
1415 918 1826 973 domum'intra-

211 990 319 1055 uit,
357 940 594 1043 {botatae
623 1007 921 1058 cognomen
956 991 1245 1042 inuenerit.
1296 990 1440 1042 idem
1476 999 1695 1044 senatus
1723 989 1824 1042 Fa-

211 1060 350 1112 brici
375 1061 601 1113 Luscini
627 1060 1010 1131 Scipionisque
1047 1059 1192 1113 filias
1225 1061 1295 1114 ab
1330 1061 1591 1114 indotatis
1618 1060 1822 1131 nuptiis

209 1129 542 1184 liberalitate
579 1149 679 1182 sua
711 1130 1043 1199 uindicauit,
1088 1132 1348 1201 quoniam
1383 1139 1643 1202 paternae
1675 1130 1824 1183 here-

149 1217 189 1250 15
214 1199 372 1254 ditati
415 1210 634 1272 praeter
677 1202 917 1272 opimam
961 1201 1189 1271 gloriam
1223 1201 1358 1255 nihil
1397 1210 1514 1255 erat
1549 1201 1694 1272 quod
1739 1220 1822 1254 ac-

210 1279 427 1343 ceptum
452 1272 735 1325 referrent.

320 1344 402 1394 11.
441 1343 517 1395 Μ.
548 1350 730 1394 autem
757 1342 994 1395 Scaurus
1023 1343 1341 1413 quantulam
1379 1362 1410 1395 a
1435 1350 1589 1414 patre
1615 1341 1822 1395 heredi-

210 1420 380 1465 tatem
415 1413 690 1482 acceperit
723 1413 779 1463 in
805 1413 980 1482 primo
1008 1413 1149 1466 libro
1189 1432 1398 1479 eorum,
1438 1431 1570 1484 quos
1608 1413 1675 1465 de
1709 1412 1824 1465 uita

212 1502 312 1535 sua
339 1492 448 1536 tres
478 1483 725 1553 scripsit,
754 1483 962 1535 refert.v
994 1483 1072 1535 ait
1098 1483 1242 1535 enim
1269 1484 1376 1536 sibi
1404 1501 1504 1536 sex
1530 1482 1647 1537 sola
1673 1501 1822 1534 man-

145 1571 188 1603 20
210 1554 353 1624 cipia
389 1561 671 1624 totumque
716 1572 941 1606 censum
977 1554 1216 1624 quinque
1261 1563 1424 1624 atque
1463 1553 1693 1624 triginta
1727 1554 1823 1605 mi-

208 1624 343 1676 lium
368 1642 651 1676 nummum
676 1623 944 1676 relictum.
992 1627 1049 1676 in
1075 1624 1177 1676 hac
1210 1623 1301 1676 ille
1337 1625 1569 1695 pecunia
1604 1623 1822 1677 futurus

209 1702 428 1747 senatus
455 1695 709 1765 princeps
737 1695 974 1746 nutritus
1003 1703 1085 1747 est
1112 1695 1356 1764 spirituS.
1823 1703 1826 1706 ’

313 1764 470 1817 Haec
503 1766 672 1834 igitur
707 1761 958 1835 exempla
995 1784 1081 1817 res
1124 1766 1291 1831 icere,
1349 1766 1432 1818 his
1471 1766 1822 1836 adquiescere

209 1834 428 1889 solaciis
466 1836 757 1902 debemus,
795 1837 888 1906 qui
914 1784 1170 1906 paruulbs
1209 1854 1401 1888 census
1428 1843 1643 1890 nostros
1670 1854 1821 1888 num·

145 1921 186 1954 25
211 1925 374 1976 quam
401 1905 656 1976 querellis
693 1924 895 1958 uacuos
925 1925 1045 1958 esse
1073 1907 1319 1958 sinimus.
1370 1906 1581 1958 nullum
1607 1914 1701 1960 aut
1727 1905 1820 1958 ad-

208 1977 430 2043 modum
473 1979 631 2047 parui
681 1977 938 2047 ponderis
990 1985 1304 2046 argentum,
1355 1995 1559 2047 paucos
1611 1994 1818 2042 seruOS,

190 2054 416 2119 tseptem
450 2048 643 2116 iugera
678 2048 866 2099 aridae
900 2053 1107 2112 terrae,
1157 2047 1459 2116 indigentia
1495 2046 1819 2098 domesticae

93 2187 184 2222 Par.
210 2178 339 2224 heret
365 2181 452 2224 iam
479 2179 615 2224 filiam
653 2179 871 2228 adultam,
911 2178 1007 2222 sine
1033 2192 1080 2223 se
1107 2180 1147 2224 ei
1175 2179 1374 2239 expediri
1411 2178 1492 2224 dos
1519 2192 1612 2223 non
1638 2186 1818 2238 posset:

207 2250 358 2310 itaque
386 2257 570 2295 senatus
598 2251 640 2294 in
668 2257 860 2309 utraque
888 2262 936 2292 re
963 2250 1113 2294 statim
1143 2248 1236 2308 egit
1261 2250 1405 2309 patris
1432 2255 1606 2309 partes,
1645 2263 1817 2295 summa

143 2320 327 2365 3odotis
364 2334 417 2365 ex
452 2322 625 2366 aerario
665 2327 865 2380 erogata.
908 2343 968 2351 —
1010 2320 1172 2366 Tuccia
1207 2319 1418 2366 Caesonis
1456 2317 1546 2364 filia
1586 2320 1818 2364 maximam

204 2391 356 2437 dotem
386 2391 555 2436 credita
592 2398 661 2436 est
687 2391 741 2435 ad
776 2392 925 2436 uirum
951 2388 991 2436 i
1018 2392 1133 2435 aeris
1161 2390 1342 2441 tulisse,
1381 2397 1426 2436 et
1450 2388 1654 2449 Negullia
1691 2389 1819 2450 quin·

319 2516 343 2554 ’2
365 2527 438 2554 res
461 2512 525 2567 p.]
552 2528 585 2554 r.
611 2527 654 2567 p.
677 2514 719 2553 B
740 2515 782 2554 in
803 2528 890 2554 ras.
915 2516 1073 2556 maiore
1133 2515 1159 2555 5
1181 2515 1372 2567 nuptam
1392 2513 1456 2562 B,
1484 2514 1565 2554 sed
1583 2526 1697 2555 corr.
1718 2526 1768 2552 m.
1794 2513 1817 2550 1

205 2574 230 2611 6
261 2567 372 2624 quo]
405 2584 541 2623 quum
571 2571 613 2611 B
681 2572 705 2611 7
734 2567 1130 2624 patrimoniorum]
1165 2569 1341 2623 p”mnior
1370 2569 1412 2610 B
1477 2571 1503 2610 9
1534 2569 1707 2610 Tuccia
1731 2567 1817 2608 Pb:

204 2628 359 2667 taccia
389 2627 430 2666 B
508 2630 560 2669 10
590 2627 800 2681 negullia
830 2628 893 2668 Pb
974 2629 1023 2679 11
1057 2627 1395 2680 quinquaginta
1425 2627 1467 2666 P
1493 2631 1536 2666 et
1563 2625 1605 2665 B
1633 2626 1675 2664 in
1703 2637 1817 2664 ras..-

205 2684 473 2736 quingentis
502 2686 627 2731 dett„
669 2686 785 2737 quod
809 2686 917 2725 idem
945 2686 997 2724 in.
1016 2684 1058 2723 B
1089 2696 1250 2737 quoque
1274 2682 1410 2734 fuisse
1429 2685 1610 2734 spatium
1637 2693 1816 2720 rasurae

200 2739 421 2792 probabile
439 2740 552 2789 facit
618 2742 669 2780 12
699 2741 887 2781 fabricii
907 2741 962 2787 B,
993 2741 1072 2781 sed
1091 2741 1152 2780 cii
1171 2741 1214 2780 in
1233 2753 1322 2780 ras.
1393 2740 1445 2780 18
1466 2737 1683 2779 librorum
1707 2747 1817 2787 quos
1849 2735 1852 2739 ’

208 2795 489 2836 Kellerbauer
550 2799 601 2837 19
631 2800 724 2838 tres
754 2797 937 2850 scripsit
959 2810 1058 2838 nos:
1087 2795 1383 2848 transcripsit
1403 2794 1469 2843 B,
1500 2794 1555 2844 ef.
1581 2792 1666 2834 Cic.
1690 2791 1815 2835 Brut.

203 2852 228 2902 ἓ
251 2854 332 2892 112
353 2847 373 2905 Η
395 2847 475 2892 sex
496 2852 543 2892 b:
577 2866 631 2892 ex
654 2854 695 2892 B
753 2855 808 2894 20
831 2853 1033 2905 quinque
1058 2856 1195 2905 atque
1218 2865 1295 2892 om.
1318 2851 1360 2891 P
1409 2848 1415 2854 ’

318 2910 371 2949 28
394 2907 609 2961 expedire
639 2911 679 2948 V
697 2906 716 2963 Η
737 2909 816 2950 dos
841 2910 1013 2950 Veorr.
1038 2923 1059 2950 e
1081 2908 1239 2949 domus
1298 2907 1350 2949 31
1374 2920 1402 2947 x
1429 2908 1471 2947 V
1488 2903 1506 2960 Η
1526 2919 1582 2947 an
1602 2905 1815 2959 Negilia?
