1936 3120
57 0 82 30 1ι
519 0 590 18 στι-»ψ
604 0 846 22 *xv-79²·1vwv->sse
858 0 1011 25 <,·'-··‘·v‘i÷-z-‡;1„.
1091 3 1099 18 ³
1113 18 1141 35 a
1161 3 1184 19 '³
1203 8 1205 10 ·
1228 4 1300 24 -’4.
1327 7 1334 15 ‹
1410 9 1414 19 ε

34 25 40 33 ἡ
638 25 642 28 ⁴
696 31 698 33 .
1037 28 1039 30 -
1097 25 1110 33 π
1154 22 1158 28 “
1184 27 1187 31 >
1312 23 1351 32 ‘sto
1367 30 1370 31 r
1385 24 1394 30 -v
1414 27 1420 32 A

0 0 50 88 β’
1400 35 1402 42 .

17 60 20 61 ⁷
1330 42 1338 50 ,
1419 54 1431 67 τ
1470 52 1482 59 ν
1498 56 1518 70 ³,
1534 65 1544 77 μ

0 133 11 160 ἱ

237 141 349 195 490,
615 189 618 191 ,
760 147 1051 193 NEPOTIANl
1077 147 1315 198 EPITOMA

84 225 236 315 mira
353 263 418 305 10.
455 259 620 304 Fabius
645 258 859 306 Maximus
887 274 986 306 cum
1013 267 1243 307 crearetur
1268 262 1476 315 dictator,
1507 276 1640 310 sorex
1665 266 1835 313 sonuit.

0 262 11 298 1,

0 306 34 400 ᾖ
240 330 316 375 1116
344 330 400 375 ob
422 343 554 375 omen
581 329 847 376 dictaturam
874 331 1100 391 deposuit.

0 405 22 452 'ff'
134 399 171 443 1,
195 398 219 437 6
348 402 413 445 11.
452 400 499 445 Ρ.
526 401 725 446 Licinius
752 407 878 461 pont.
905 416 1016 446 max.
1045 403 1268 461 uirginem
1289 404 1465 455 Vestae,
1494 404 1618 464 quod
1643 406 1833 465 quadam

0 501 6 524 f
236 476 370 515 nocte
406 471 556 530 ignem
593 477 862 531 perpetuum
898 472 1189 532 indiligenter
1224 481 1476 526 seruasset,
1514 473 1668 534 flagris
1707 490 1834 523 coer-

236 541 343 586 cuit.
394 554 551 586 uerum
578 543 796 587 seueritas
823 542 877 587 ad
903 542 1153 602 pellendam
1178 544 1510 605 neglegentiam
1536 545 1646 590 adeo
1667 560 1830 606 pamm
1854 556 1875 590 5

237 610 450 671 profecit,
476 617 527 656 ut
545 618 705 671 postea
730 613 848 672 ignis
871 614 1094 658 extinctus
1117 613 1189 662 311.
1233 615 1442 660 sacerdos
1462 629 1571 661 uero
1601 610 1698 677 [uel
1722 631 1833 676 pon-

236 676 367 743 tifex]
410 695 492 741 pro
531 689 716 742 peccato
754 683 946 743 amplius
982 697 1154 743 poenae
1189 692 1394 730 metuens
1432 692 1742 732 ornamentum
1778 701 1832 732 ex

239 753 332 797 suis
350 753 731 811 pretiosissimum
746 754 884 798 cineri
902 755 1196 813 superposuit
1214 769 1406 815 moxque
1425 755 1601 800 flamma
1621 758 1828 802 surrexit.

103 820 215 867 1,10
342 825 409 866 12.
449 822 646 868 Albanus
684 824 877 883 insignis
913 826 984 868 uir
1011 824 1248 884 religione.
1301 826 1377 885 qui
1413 839 1513 871 cum
1551 832 1680 884 capta
1719 826 1830 872 urhe

234 907 258 938 a
280 892 416 938 Gallis
444 893 623 953 fugeret
650 894 947 954 plaustroque
975 895 1188 940 eueheret
1209 895 1422 941 familiam
1448 909 1588 946 suam,
1610 895 1832 956 uirgines·
1854 908 1896 940 10

235 977 322 1023 que
342 962 545 1008 Vestales
572 978 673 1009 cum
699 966 838 1009 sacris
857 978 975 1024 pone
996 965 1200 1016 uidisset,
1228 966 1392 1011 (1616611
1423 980 1608 1012 uxorem
1627 980 1679 1012 ac
1697 965 1832 1017 filios,

235 1040 280 1079 et
309 1034 569 1079 sacerdotes
607 1048 709 1079 611111
743 1036 829 1095 piis
868 1035 1080 1080 oneribus
1119 1036 1320 1096 suscepit
1355 1036 1598 1096 iussusque
1624 1037 1712 1082 iter
1736 1051 1832 1083 mu*-

235 1111 332 1149 tare
359 1104 493 1150 Caere
519 1106 748 1164 peruexit:
786 1119 838 1151 ex
874 1107 1002 1151 cuius
1031 1106 1184 1166 oppidi
1213 1106 1435 1168 obsequio
1462 1108 1508 1152 in
1532 1106 1735 1167 publicas
1761 1121 1832 1153 re-

236 1173 433 1235 ligiones
461 1176 755 1221 caerimonias
782 1176 1141 1236 appellauerunt.

100 1243 137 1290 1,
163 1243 212 1281 11
344 1247 410 1289 13.
450 1245 495 1290 C.
522 1245 685 1291 Fabius
710 1246 884 1292 Dorsuo
922 1246 1082 1291 flamen
1118 1246 1385 1303 Quirinalis,
1425 1261 1524 1292 cum
1563 1247 1679 1292 idem
1716 1246 1828 1292 Galli
1854 1256 1895 1289 15

233 1314 494 1361 obsiderent
514 1316 798 1376 Capitolium,
827 1317 1035 1362 sollemni
1062 1317 1131 1362 die
1158 1316 1397 1376 gabinatus
1425 1331 1549 1362 sacra
1568 1316 1831 1376 praeferens

233 1400 316 1446 per
339 1386 541 1431 hostium
567 1387 762 1432 tentoria
790 1386 1008 1432 sacrificio
1027 1392 1230 1444 peracto
1257 1387 1404 1432 rediit.

97 1455 136 1501 1,
161 1454 211 1492 12
340 1459 409 1500 14.
449 1456 540 1502 Sub
566 1456 761 1502 laniculo
790 1471 890 1501 arca
916 1458 1098 1501 inuenta
1127 1463 1196 1502 est
1221 1457 1266 1501 P.
1290 1455 1497 1502 Cornelio
1525 1463 1571 1502 et
1595 1457 1649 1501 M.
1665 1456 1827 1502 Baebio

233 1526 468 1586 Tamphilo
493 1540 642 1571 conss.
672 1562 682 1577 ,
722 1527 854 1586 plena
881 1526 1006 1571 libris
1033 1533 1189 1572 nostra
1216 1524 1370 1586 lingua
1396 1527 1714 1586 atque-Attica,
1742 1540 1830 1586 qua

231 1597 279 1641 in
306 1611 408 1642 3163
433 1597 579 1642 Latini
606 1596 869 1656 pontificum
896 1597 1167 1656 disprlinas,
1195 1604 1240 1642 at
1267 1597 1423 1642 Graeci
1450 1595 1827 1656 philosophorum
1852 1607 1894 1639 20

231 1666 469 1712 habebant.
525 1669 717 1713 seruatis
756 1669 897 1728 igitur
930 1669 1098 1712 nostris
1136 1667 1329 1713 Graecos
1365 1667 1460 1726 igni
1497 1667 1684 1718 dedere,
1726 1668 1828 1726 quia

231 1751 323 1783 non
361 1737 655 1797 probauerint
701 1744 858 1783 contra
907 1737 1154 1796 religiones
1203 1739 1484 1797 sapientiam.
1536 1751 1651 1797 quos
1686 1736 1828 1782 libros

231 1809 359 1854 iussu
386 1815 568 1853 senatus
595 1809 641 1853 P.
667 1808 854 1854 Petilius
881 1815 1064 1868 praetor
1090 1807 1289 1853 urbanus
1317 1808 1505 1854 exussit.

95 1875 136 1927 1,
161 1876 214 1914 14
342 1881 408 1924 15.
448 1879 501 1924 M.
528 1879 694 1924 Atilius
720 1878 919 1939 Regulus
954 1880 1118 1924 missus
1146 1893 1170 1923 a
1196 1876 1622 1938 Carthaginensibus
1645 1878 1827 1924 Romam

231 1951 349 1994 inter
372 1939 548 2008 legatos
575 1950 767 1995 Punicos
800 1948 883 1994 sub
911 1956 1189 1994 sacramento
1206 1984 1216 2000 ,
1253 1955 1304 1993 ut
1331 1950 1367 1994 si
1396 1949 1680 2008 captiuorum
1707 1961 1828 1993 com·
1852 1957 1896 1988 25

230 2021 421 2065 mutatio
460 2019 575 2064 facta
612 2034 704 2065 non
732 2020 908 2071 fuisset,
945 2019 998 2064 ad
1025 2019 1296 2079 supplicium
1334 2018 1516 2068 rediret.
1554 2018 1607 2063 de
1635 2017 1826 2078 captiuis

230 2089 539 2149 permutandis
561 2090 731 2151 populo
752 2091 949 2135 Romano
976 2091 1075 2150 ipse
1096 2089 1310 2134 dissuasit
1337 2095 1381 2133 et
1406 2088 1460 2132 ad
1479 2088 1653 2132 Poenos
1679 2087 1826 2138 rediit,

229 2173 287 2205 ne
313 2161 551 2220 peieraret.

97 2234 132 2279 1,
158 2234 210 2273 15
341 2232 407 2273 16.
446 2230 555 2274 Post
580 2229 857 2274 Cannensem
884 2229 1052 2283 cladem
1088 2242 1187 2274 cum
1223 2229 1332 2273 satis
1375 2229 1494 2272 iuste
1532 2234 1629 2273 tota
1667 2227 1826 2273 ciuitas

230 2301 278 2344 111
303 2313 508 2345 maerore
535 2306 669 2350 esset,
700 2306 882 2345 senatus
902 2300 1078 2345 censuit
1103 2305 1152 2343 ut
1179 2299 1272 2343 dies
1292 2297 1403 2343 XXX
1425 2304 1600 2343 tantum
1627 2297 1825 2343 luctibus
1851 2306 1892 2339 30

234 2370 473 2416 darentur:
518 2370 747 2415 instabant
783 2371 900 2415 enim
939 2384 1063 2415 sacra
1099 2369 1301 2419 Cereris,
1347 2382 1462 2428 quae
1497 2367 1769 2428 oportebant
1804 2381 1828 2412 a

234 2441 365 2487 laetis
393 2440 625 2486 celebrari.

95 2515 134 2564 1,
160 2515 211 2554 16
342 2514 408 2555 17.
448 2510 691 2557 Varronem
718 2511 878 2556 Cannis
915 2510 1028 2556 male
1066 2509 1280 2555 aduersus
1307 2508 1483 2555 Poenos
1509 2521 1602 2553 rem
1629 2508 1827 2568 gessisse

346 2664 367 2702 1
390 2662 577 2702 maximi
602 2662 635 2702 0
690 2665 714 2703 3
735 2661 1011 2702 Prelicinius
1036 2661 1070 2702 0
1124 2662 1151 2701 4
1173 2659 1348 2701 66161111
1371 2659 1404 2700 0
1458 2660 1484 2699 5
1501 2658 1724 2699 seueritas
1747 2670 1825 2709 ap·

229 2718 445 2771 pellenda
468 2718 502 2759 Ο
558 2721 582 2759 6
605 2718 681 2758 1161
702 2719 911 2770 pontifex
929 2720 1111 2769 ylossam
1131 2730 1223 2758 esse
1244 2717 1352 2756 uidit
1374 2715 1513 2756 Christ
1570 2715 1596 2755 8
1619 2713 1782 2754 61116113
1797 2712 1831 2753 C

232 2777 282 2814 11
307 2774 481 2815 deiedit
503 2775 537 2816 G
595 2776 647 2815 12
668 2773 914 2815 honeribus
939 2774 984 2820 Ο,
1005 2773 1251 2814 honoribus
1273 2772 1368 2812 Mai
1417 2772 1468 2812 13
1491 2782 1595 2811 6616
1615 2770 1826 2822 paruerat

232 2831 266 2871 G
323 2832 374 2871 15
397 2831 466 2872 Ti.
486 2831 660 2871 Fabius
683 2828 855 2871 dofisuo
879 2830 910 2871 C
978 2831 1030 2870 17
1051 2832 1238 2883 peracto
1260 2829 1359 2869 add.
1383 2827 1480 2867 Mai
1547 2827 1598 2867 19
1618 2824 1826 2878 pamphi-

231 2887 295 2928 lio
322 2887 356 2928 C
410 2888 463 2927 20
484 2886 702 2940 pontificu
725 2888 779 2927 61“1
803 2887 838 2928 C
893 2888 947 2926 24
966 2886 1174 2927 Matilius
1199 2885 1233 2925 C
1287 2887 1337 2925 31
1362 2882 1601 2936 oportebat
1622 2881 1717 2922 Mai
1772 2883 1825 2923 33

229 2944 376 2985 Varro
399 2943 446 2982 in
472 2944 633 2984 cannis
657 2940 728 2998 CH
748 2944 943 2985 cessisse
967 2944 1001 2984 C
