1936 3120
216 179 219 182 ι
246 140 355 195 434
921 145 1020 191 LlB.
1058 146 1182 192 vnn.

249 253 521 306 fundum
507 252 835 305 miuriarum
862 260 916 305 et
942 253 1297 324 turpitudinis
1325 255 1556 324 decidit,
1591 263 1654 309 ut
1679 272 1863 312 seruo-

248 343 367 377 rum
405 341 460 375 se
498 321 955 376 insolentissimae
1001 324 1357 378 dominationi
1401 326 1690 380 subiceret.
1768 328 1861 398 qui

248 395 486 475 primum
514 393 810 447 admodum
836 394 997 464 pauci
1023 396 1356 449 senatorium
1381 395 1629 450 ordinem
1654 397 1861 451 intrare

250 465 394 531 ausi,
441 483 569 518 mox
611 465 931 517 uniuersam
966 483 1081 518 rem
1122 466 1398 536 publicam
1435 477 1860 538 occupauerunt,

203 552 224 583 5
247 543 578 589 testamenta
615 535 684 588 ad
722 535 1008 589 arbitrium
1035 555 1191 588 suum
1218 538 1383 591 scribi
1407 538 1699 607 iubebant,
1737 557 1860 592 con-

246 607 399 659 uiuia
425 613 719 676 coetusque
744 606 1104 675 ingenuorum
1129 607 1247 660 fieri
1271 608 1561 675 uetabant,
1587 579 1740 662 filias
1769 610 1860 663 do-

246 677 518 729 minorum
542 677 600 728 in
626 677 1033 729 matrimonium
1060 677 1351 732 ducebant
1426 688 1700 761 postremo
1739 679 1860 762 lege

246 755 548 801 sanxerunt
584 756 644 800 ut
680 755 871 818 stupra
908 767 1006 800 sua
1039 749 1096 800 in
1141 747 1325 801 uiduis
1353 749 1568 831 ‘pariter
1603 758 1766 821 atque
1802 751 1861 803 in

244 819 429 890 nuptis
466 819 718 900 inpunita
756 824 940 870 essent
976 837 1040 871 ao
1066 837 1135 871 ne
1171 838 1277 890 qua
1312 820 1468 889 uirgo
1504 820 1739 890 ingenuo
1766 838 1859 872 nu-

180 908 222 938 10
245 891 428 956 beret,
468 891 621 942 cuius
651 890 957 942 castitatem
982 909 1090 943 non
1116 899 1242 943 ante
1271 909 1339 943 ex
1363 909 1588 944 numero
1615 891 1860 962 ipsorum

247 960 442 1031 aliquis
473 959 788 1013 delibasset.
1822 1000 1824 1002 r

352 1031 402 1084 3.
444 1031 585 1101 Age,
619 1030 839 1083 Xerxes
867 1049 1031 1101 opum
1057 1031 1329 1101 regiarum
1356 1033 1724 1086 ostentatione
1751 1033 1861 1085 exi-

245 1102 355 1155 mia
392 1119 454 1155 eo
489 1120 661 1173 usque
697 1102 919 1154 luxuria
955 1101 1224 1171 gaudens,
1262 1110 1323 1156 ut
1349 1102 1527 1156 edicto
1554 1103 1861 1185 praemium

246 1174 297 1226 ei
322 1181 679 1244 proponeret,
723 1172 815 1243 qui
842 1191 1042 1224 nouum
1069 1171 1374 1254 uoluptatis
1395 1191 1565 1243 genus
1592 1192 1650 1226 re
1689 1174 1861 1258 peris-

181 1261 222 1293 15
247 1252 356 1326 set,
386 1252 619 1325 quanta,
649 1213 779 1296 dum
807 1242 1017 1295 deliciis
1045 1243 1227 1296 nimiis
1256 1244 1496 1315 capitur,
1539 1262 1663 1315 amp
1685 1243 1861 1297 issimi

247 1315 463 1386 imperii
488 1334 650 1367 ruma
676 1315 883 1367 euasit!

350 1386 401 1438 4.
442 1385 751 1439 Antiochus
775 1403 1007 1455 quoque,
1039 1385 1230 1455 Syriae
1253 1402 1366 1451 rex,
1393 1383 1561 1436 nihilo
1582 1385 1858 1438 continen-

245 1457 402 1510 tioris
452 1456 707 1537 exempli.
784 1456 939 1507 cuius
995 1473 1215 1508 caecam
1269 1464 1323 1508 et
1378 1463 1649 1508 amentem
1703 1454 1859 1508 luxu-

244 1528 385 1579 riam
412 1527 684 1580 exercitus
711 1525 981 1593 imitatus,
1018 1544 1218 1595 magna
1254 1544 1323 1578 ex
1348 1533 1505 1596 parte
1532 1544 1726 1579 aureos
1755 1524 1859 1578 cla-

181 1614 223 1647 20
244 1615 343 1650 uos
380 1596 618 1668 crepidis
658 1597 931 1649 subiectos
979 1596 1173 1649 habuit
1217 1605 1581 1666 argenteaque
1615 1614 1752 1648 uasa
1789 1594 1860 1647 ad

244 1687 403 1720 usum
431 1667 645 1720 culinae
673 1667 995 1737 conparauit
1016 1675 1069 1719 et
1094 1666 1450 1719 tabernacula
1475 1666 1764 1720 textilibus
1794 1666 1861 1717 si-

244 1738 390 1808 gillis
413 1738 686 1791 adornata
714 1738 922 1790 statuit.
977 1756 1142 1790 auaro
1168 1737 1351 1808 potius
1376 1737 1523 1790 hosti
1542 1737 1748 1808 praeda
1769 1755 1861 1807 op-

243 1809 429 1863 tabilis
496 1828 623 1861 uam
649 1808 763 1861 ulla
792 1808 863 1861 ad
888 1807 1218 1861 uincendum
1245 1816 1464 1861 strenuo
1493 1826 1664 1861 mora.

352 1882 402 1934 5.
497 1899 585 1932 am
621 1879 966 1932 Ptolemaeus
1012 1898 1112 1932 rex
1157 1880 1397 1932 accessio
1434 1879 1694 1931 uitiorum
1741 1884 1859 1931 suo-

181 1968 224 2001 25
246 1971 369 2004 rum
394 1952 539 2004 uixit
564 1950 797 2021 ideoque
824 1950 1080 2022 Physcon
1107 1949 1413 2021 appellatus
1443 1957 1538 2004 est.
1589 1950 1742 2002 cuius
1769 1966 1858 2000 ne-

247 2022 421 2092 quitia
455 2022 589 2093 quid
623 2022 889 2091 nequius?
947 2039 1189 2075 sororem
1222 2029 1355 2073 natu
1395 2020 1670 2084 maiorem,
1718 2037 1859 2072 com-

246 2094 396 2145 muni
425 2093 588 2146 fratri
614 2100 868 2162 nuptam⁷
908 2092 1012 2145 sibi
1049 2092 1254 2144 nubere
1282 2092 1479 2160 coegit.
1553 2098 1744 2161 postea
1771 2090 1858 2141 de-

133 2253 225 2288 Par.
250 2239 377 2291 urbs,
407 2246 542 2300 eaput
568 2239 795 2290 Etruriae,
823 2240 868 2284 in
897 2246 1070 2284 tantuin
1098 2237 1274 2283 luxuria
1300 2237 1516 2298 deperiit,
1544 2244 1596 2282 ut
1622 2249 1860 2282 seruorum

248 2325 295 2356 se
342 2310 735 2371 inpotentissimae
788 2310 1086 2356 dominationi
1141 2308 1397 2355 subiecerit.
1482 2312 1521 2352 4.
1571 2306 1858 2356 Antiochum,

183 2391 226 2424 30
251 2381 406 2428 Svriae
445 2395 622 2441 regem,
660 2382 860 2427 imitatus
899 2381 944 2425 in
980 2381 1157 2427 luxuria
1197 2381 1420 2426 exercitus
1457 2393 1621 2439 magna
1657 2391 1708 2424 ex
1732 2384 1860 2438 parte

247 2466 411 2498 aureos
438 2453 595 2499 clauos
637 2452 832 2513 crepidis
870 2452 1066 2498 subiecit
1093 2457 1137 2497 et
1164 2457 1380 2512 argentea
1406 2465 1516 2496 uasa
1542 2449 1597 2496 ad
1622 2462 1754 2495 usum
1783 2461 1860 2494 cu-

245 2523 362 2570 linae
403 2525 682 2584 comparauit
719 2532 764 2569 et
790 2523 1091 2569 tabernacula
1140 2521 1372 2568 textilibus
1409 2520 1571 2581 sigillis
1607 2517 1857 2566 adornauit.

242 2598 285 2640 5.
324 2593 611 2640 Ptolemaeus
638 2595 843 2655 Physcon
875 2607 1080 2640 sororem
1120 2600 1230 2638 natu
1265 2594 1482 2638 maiorem
1518 2591 1744 2670 communi
1769 2587 1858 2633 fra-

360 2733 385 2772 2
407 2732 808 2785 inpotentissimae
831 2733 872 2772 P
947 2735 972 2774 3
994 2732 1136 2786 primi
1149 2732 1191 2772 B
1287 2732 1315 2771 4
1345 2730 1449 2771 ausi
1468 2729 1526 2782 B,
1547 2729 1628 2770 sed
1644 2727 1684 2768 si
1704 2726 1748 2766 in
1767 2736 1858 2767 ras.

245 2789 272 2829 8
295 2791 434 2841 atque
456 2790 503 2828 in
526 2790 683 2842 nuptis
707 2789 765 2829 F:
798 2793 844 2831 et
864 2789 1071 2853 innuptis
1089 2788 1131 2828 B
1152 2790 1194 2829 in
1215 2801 1318 2836 ras„
1342 2790 1480 2839 atque
1502 2784 1681 2848 nuptis
1677 2783 1732 2825 al.
1805 2781 1857 2821 15

243 2845 380 2885 minis
402 2838 458 2885 B'
539 2848 589 2886 17
633 2846 933 2886 contentioris
955 2838 1011 2885 B'
1089 2847 1142 2885 21
1186 2842 1425 2897 e5pa1·auit
1445 2842 1503 2895 B,
1535 2841 1615 2882 sed
1634 2837 1747 2881 coin
1766 2850 1857 2880 ras.

245 2903 300 2943 24
320 2902 419 2942 Iam
443 2901 467 2941 b
527 2903 580 2943 25
603 2902 816 2954 Physcon
838 2915 917 2955 my.
940 2902 982 2942 B
1005 2915 1063 2943 ex
1084 2903 1145 2942 P:
1177 2901 1339 2954 phiton
1362 2899 1403 2970 Β

359 2960 412 3001 33
434 2958 640 3011 physcon
664 2959 733 2998 Β.
765 2959 1011 3012 phynycon
1040 2959 1083 2998 V
