1936 3120
199 110 308 162 394
887 118 986 163 LlB.
1028 119 1130 163 Vill.

203 223 422 293 quidem
443 223 619 274 uictor
639 223 792 289 abiit,
821 225 1221 293 malignitatem
1242 226 1357 277 eius
1380 228 1810 295 pertinacissimo

201 293 367 344 animi
394 292 591 344 robore
619 294 947 363 superando.
1022 296 1206 366 itaque
1233 295 1463 348 alterum
1494 297 1811 350 Demosthe-

201 382 306 414 nen
333 370 523 427 mater,
552 363 780 415 alterum
807 365 1091 418 industria.
1107 367 1269 419 enixa
1295 377 1392 418 est.

309 433 355 487 2.
410 432 590 503 Atque
642 443 701 486 ut
752 435 821 486 ad
871 437 1227 490 uetustiorem
1275 436 1580 502 industriae
1630 446 1812 489 actum

156 523 178 554 5
203 503 603 572 transgrediar,
641 504 1010 574 Pythagoras,
1058 508 1516 578 perfectissimum
1553 526 1688 577 opus
1730 526 1812 559 sa-

200 575 467 644 pientiae,
497 592 528 624 a
552 574 774 627 iuuenta
800 579 1005 645 pariter
1031 586 1084 630 et
1111 579 1282 630 omnis
1310 577 1612 630 honestatis
1641 578 1810 647 perci⁴¹

200 644 434 714 piendae
471 645 774 714 cupiditate
811 648 1063 699 incensus
1090 680 1160 685 —
1185 647 1320 698 nihil
1356 647 1523 712 enim,
1562 646 1706 718 quod
1740 648 1812 700 ad

199 715 448 767 ultimum
476 716 560 767 sui
587 726 974 785 peruenturum
1001 726 1083 769 est
1109 718 1289 784 finem,
1317 736 1425 770 non
1453 725 1506 769 et
1531 727 1738 770 mature
1760 726 1813 770 et

201 785 450 839 celeriter
475 786 667 856 incipit
692 819 762 824 ——
789 789 1103 858 Aegyptum
1132 789 1317 858 petiit,
1346 788 1441 840 ubi
1466 787 1661 839 litteris
1686 805 1811 856 gen-

135 876 177 906 ιο
200 857 270 909 tis
299 858 413 908 eius
441 857 814 923 adsuefactus,
845 858 1126 927 praeteriti
1153 859 1276 910 aeui
1302 857 1647 910 sacerdotum
1672 876 1809 909 com-

200 929 496 980 mentarios
526 938 821 994 scrutatus,
848 927 1327 981 innumerabilium
1354 927 1694 980 saeculorum
1719 928 1809 980 ob-

200 999 539 1051 seruationes
567 999 842 1066 cognouit.
917 999 1044 1051 inde
1071 1000 1140 1051 ad
1165 1001 1361 1051 Persas
1398 999 1673 1068 profectus
1702 1016 1810 1058 ma-

198 1087 391 1137 gorum
418 1069 804 1121 exactissimae
830 1070 1153 1139 prudentiae
1191 1089 1247 1122 se
1274 1068 1620 1122 formandum
1646 1068 1810 1120 tradi-

200 1139 306 1204 dit,
345 1159 376 1191 a
404 1140 600 1211 quibus
639 1139 879 1191 siderum
914 1150 1091 1192 motus
1120 1158 1420 1209 cursusque
1449 1136 1729 1191 stellarum
1755 1147 1809 1191 et

133 1226 175 1258 15
198 1210 358 1261 unius
387 1211 648 1280 cuiusque
675 1210 806 1275 uim,
835 1211 1238 1281 proprietatem,
1267 1211 1515 1262 effectum
1536 1209 1809 1277 benignis-

199 1282 333 1332 sime
379 1283 812 1343 demonstratum
859 1281 1021 1333 docili
1067 1281 1246 1333 animo
1298 1281 1516 1349 sorpsit.
1593 1278 1810 1331 Cretam
1850 1344 1853 1347 Δ

199 1351 396 1403 deinde
430 1360 483 1403 et
515 1351 932 1403 Lacedaemona
966 1351 1282 1419 nauigauit,
1330 1368 1557 1419 quarum
1594 1348 1807 1417 legibus

198 1439 262 1472 ac
283 1422 524 1473 moribus
546 1421 805 1490 inspectis
827 1421 898 1472 ad
921 1420 1267 1491 Olympicum
1289 1429 1566 1472 certamen
1588 1418 1809 1470 descen-

199 1491 294 1545 dit.
346 1510 575 1561 cumque
602 1491 918 1561 multiplicis
941 1492 1199 1544 scientiae
1220 1490 1516 1542 maximam
1535 1490 1678 1541 inter
1698 1508 1807 1542 om-

127 1579 173 1611 20
197 1564 280 1614 nis
301 1562 568 1614 Graeciae
590 1561 1004 1614 admirationem
1027 1562 1301 1631 specimen
1321 1559 1679 1624 exhibuisset,
1701 1578 1806 1629 quo

198 1633 518 1700 cognomine
545 1642 856 1684 censeretur
875 1633 1264 1700 interrogatUS,
1293 1650 1404 1684 non
1424 1649 1481 1682 se
1508 1631 1810 1699 sapientem

196 1735 266 1743 —
293 1703 401 1754 iam
428 1704 571 1754 enim
596 1702 734 1754 illud
771 1713 977 1773 septem
1015 1701 1341 1757 excellentes
1380 1701 1484 1752 uiri
1511 1717 1808 1769 occupaue-

196 1782 320 1825 rant
343 1806 441 1839 ——,
471 1771 568 1824 sed
594 1781 893 1825 amatorem
921 1774 1250 1843 sapientiae,
1287 1772 1344 1823 id
1372 1780 1455 1824 est
1482 1771 1692 1823 Graece
1719 1788 1808 1836 φι-

197 1842 449 1911 λόσοφον
485 1844 672 1897 edidit.
727 1846 784 1895 in
810 1844 1004 1896 Italiae
1041 1845 1204 1896 etiam
1239 1851 1476 1912 partem,
1515 1859 1652 1912 quae
1680 1850 1808 1892 tunc

130 1988 172 2020 25
197 1977 381 2022 calculis
418 1977 609 2021 multum
646 1991 697 2021 ac
733 1978 807 2022 diu
844 1977 971 2036 loqui
1010 1977 1188 2022 solitus,
1265 1980 1304 2019 2.
1345 1975 1624 2035 Pythagoras
1667 1974 1808 2032 petita

80 2029 171 2062 Par.
197 2050 404 2107 Aegypto
433 2047 595 2092 litteris
633 2048 782 2106 gentis
821 2049 918 2091 eius
956 2047 1268 2095 adsuefactus,
1307 2046 1408 2090 inde
1437 2045 1489 2089 ad
1516 2045 1675 2088 Persas
1703 2056 1808 2101 pro-

197 2118 342 2162 fectus
379 2132 616 2175 magorum
653 2118 892 2176 prudentia
929 2118 1174 2166 formatus,
1213 2117 1389 2159 Cretam
1429 2121 1474 2159 et
1509 2113 1806 2158 Lacedaemo-

196 2188 314 2232 niam
360 2188 622 2246 nauigauit,
676 2202 865 2246 quarum
915 2187 1118 2232 moribus
1166 2191 1211 2230 et
1258 2185 1434 2244 legibus
1487 2183 1707 2242 inspectis
1753 2182 1806 2226 ad

197 2258 478 2317 Olympicum
506 2266 732 2302 certamen
759 2257 1005 2302 descendit.
1077 2269 1270 2315 cumque
1297 2255 1561 2314 multiplicis
1590 2253 1806 2298 scientiae

127 2337 173 2368 30
197 2330 427 2388 specimen
455 2327 759 2377 exhibuisset,
799 2328 1102 2387 philosophus
1133 2334 1321 2372 uocatus
1351 2327 1546 2384 primus,
1587 2324 1692 2383 quia
1719 2324 1806 2366 iam

195 2405 370 2459 septem
407 2399 635 2458 sapientes
673 2398 961 2448 dicebantur,
1000 2398 1173 2442 ltaliam
1215 2398 1353 2457 petit:
1406 2396 1534 2440 cuius
1572 2394 1806 2439 ardentem

310 2524 334 2561 2
357 2522 542 2562 robores
564 2515 620 2561 B'
697 2525 721 2562 3
747 2523 883 2561 enixa
907 2544 958 2549 —-
982 2520 1234 2560 industriae
1256 2521 1398 2571 suppl.
1423 2520 1466 2558 in
1487 2530 1618 2570 marg.
1641 2530 1691 2555 m.
1715 2518 1741 2554 2
1763 2517 1805 2554 in

196 2578 237 2618 B
317 2580 341 2618 7
373 2591 408 2617 c.
433 2579 647 2618 incensus
671 2591 770 2618 nos:
805 2577 1056 2630 cupiditate
1080 2577 1312 2629 ingressus
1335 2575 1389 2618 B,
1415 2573 1715 2626 cupiditatem
1737 2572 1805 2610 in·

195 2647 381 2687 gressus
404 2636 506 2674 dett.
530 2641 571 2674 ec
593 2645 619 2678 ς
700 2636 750 2674 16
782 2636 920 2674 sorsit
941 2633 995 2677 B,
1019 2635 1119 2676 add,
1146 2647 1186 2685 p.
1211 2632 1256 2684 (1
1277 2646 1327 2671 m.
1353 2631 1391 2683 Υ)
1413 2645 1448 2673 s.
1471 2632 1497 2671 l.
1580 2630 1630 2668 19
1652 2626 1805 2666 multi-

197 2692 309 2744 plici
331 2684 385 2730 B'
427 2688 444 2744 ΙΙ
486 2692 685 2731 maxima
706 2713 758 2720 -—
782 2690 1087 2730 admiratione
1110 2690 1133 2729 b
1173 2685 1191 2743 Η
1232 2691 1352 2728 inter
1383 2687 1528 2726 omnis
1557 2697 1656 2725 nos:
1687 2683 1807 2722 inter

195 2761 352 2788 omnes
384 2749 524 2788 totius
556 2748 594 2787 B
616 2750 658 2787 in
679 2760 769 2787 ras.
799 2761 848 2785 m.
884 2750 911 2787 3
941 2745 1043 2796 (non
1064 2751 1162 2785 sunt
1181 2757 1334 2785 erasae
1358 2745 1439 2783 nisi
1459 2744 1567 2782 duae
1588 2738 1731 2790 uoces)
1765 2744 1806 2778 ee

196 2806 302 2845 dect.
324 2807 462 2848 multi,-
493 2807 661 2844 uidetur
680 2806 898 2855 scriptura
927 2803 1048 2842 inter
1077 2800 1170 2842 orins
1198 2804 1302 2841 male
1332 2801 1545 2840 intellecta
1575 2796 1717 2836 totius
1747 2807 1805 2834 ea:

194 2863 525 2912 interpolatione
547 2862 753 2900 adiectum
774 2873 867 2899 esse
945 2861 998 2899 23
1042 2857 1372 2910 philosophone
1397 2854 1556 2894 didicit
1579 2852 1633 2902 B,
1659 2851 1805 2905 phito-

195 2917 370 2969 sophon
395 2917 537 2956 edixit
558 2917 580 2956 b
605 2916 764 2968 (edidit
786 2929 860 2955 em.
886 2915 1078 2967 Piylzz'us)
