1924 3152
0 0 198 27 :wffvssssiw2
220 0 259 15 ηπ·
271 0 289 14 .-
310 0 341 18 ,··
359 0 376 11 :-
394 0 571 19 ffgrvws-rvr‘n—
588 3 601 13 :⁴
615 3 626 19 ¹.
639 0 649 12 «ι
664 3 725 17 Ἰη.-
739 0 1065 31 «,ᾰΐ6ἒ“’”ῗυέἧ
1087 0 1115 19 ’κ’
1154 6 1167 19 “’”
1183 4 1203 12 ”
1238 11 1278 25 “⁴

0 20 52 39 ’-,.
118 32 119 35 ,
175 23 177 26 “
255 37 258 40 ,
482 19 485 25 ³
615 28 630 39 Β,
784 24 787 27 ›
850 22 858 26 ν-
887 17 904 30 ,’
948 20 1007 42 *iv-¹.
1063 20 1099 28 v‚-
1230 17 1265 23 ¹
1303 23 1315 30 ,,
1350 16 1399 36 λη.

173 140 278 192 338
867 142 966 188 LIB.
1006 144 1092 188 vn.

174 252 231 302 in
263 257 396 318 agro
427 250 630 302 Sabino
670 251 997 320 praecipuae
1034 249 1429 318 magnitudinis
1464 259 1518 304 et
1552 252 1785 304 eximiae

176 322 383 372 formae
410 337 583 371 uacca
609 327 740 371 nata
767 328 864 372 est.
919 338 1080 390 quam
1117 320 1459 373 oraculorum
1494 322 1785 374 certissimi

175 400 424 442 auctores
452 390 510 440 in
536 389 636 442 hoc
663 408 696 441 a
723 389 808 441 dis
844 390 1224 443 inmortalibus
1263 391 1469 444 editam
1493 390 1784 462 respondeu

175 468 321 527 runt,
360 468 422 511 ut
448 460 697 530 quisquis
726 479 844 512 eam
871 461 1235 514 Auentinensi
1261 462 1478 513 Dianae
1514 461 1786 514 immolas-

131 547 152 579 5
176 540 276 596 set,
315 531 430 582 eius
458 531 639 600 patria
665 531 833 583 totius
862 539 1129 583 terrarum
1157 532 1304 585 orbis
1332 531 1620 602 imperium
1648 532 1787 585 obti-

172 608 345 652 neret.
406 600 582 652 laetus
619 620 682 653 eo
723 601 971 654 dominus
1008 602 1203 654 bouem
1242 621 1455 654 summa
1489 621 1608 654 cum
1633 602 1786 660 festi-

173 671 394 723 natione
421 671 651 725 Romam
680 681 859 722 actam
884 674 941 723 in
953 674 1228 724 Auentino
1257 681 1380 724 ante
1410 673 1787 724 aramDianae

174 742 478 807 constituit,
508 742 776 793 sacrificio
806 741 1025 794 Sabinis
1053 743 1297 811 regimen
1322 742 1543 794 humani
1569 743 1784 811 generis

96 811 102 834 '
176 814 420 864 daturus
483 811 549 864 de
577 831 684 882 qua
710 831 768 864 re
795 814 1024 864 antistes
1052 812 1240 882 templi
1278 814 1475 865 certior
1499 812 1678 864 factus
1705 831 1785 864 re-

75 917 78 921 .
114 882 432 951 1oligionem
467 883 671 953 hospiti
697 881 909 949 intulit,
946 902 1014 935 ne
1050 883 1203 953 prius
1229 883 1507 935 uictimam
1534 882 1787 935 caederet

174 972 338 1023 quam
373 953 627 1023 proxima
662 972 718 1004 se
752 972 896 1024 aqua
933 953 1220 1019 abluisset,
1259 972 1429 1025 eoque
1455 952 1673 1005 alueum
1698 953 1786 1004 Ti-

173 1024 319 1076 beris
358 1031 577 1093 petente
619 1042 847 1075 uaccam
882 1025 998 1094 ipse
1045 1023 1352 1085 immolauit
1387 1031 1439 1076 et
1471 1024 1662 1076 urbem
1695 1042 1787 1076 no-

176 1102 343 1146 stram
371 1103 453 1146 tot
479 1094 805 1160 ciuitatium,
835 1102 915 1146 tot
939 1096 1183 1163 gentium
1203 1095 1482 1147 dominam
1507 1094 1597 1164 pio
1625 1093 1786 1145 sacri·
1839 1159 1844 1162 .

175 1164 287 1216 ficii
313 1165 461 1216 furto
489 1164 750 1216 reddidit.

111 1251 151 1283 15
280 1234 356 1296 2.,
374 1234 495 1300 Quo
523 1235 579 1285 in
606 1253 806 1303 genere
835 1235 1097 1287 acuminis
1132 1235 1190 1286 in
1215 1235 1404 1305 primis
1433 1235 1623 1286 Iunius
1650 1235 1786 1286 Bru-

174 1314 260 1357 tus
289 1305 610 1357 referendus
639 1313 737 1357 est.
775 1324 901 1356 nam
925 1323 1050 1357 cum
1077 1324 1109 1356 a
1127 1324 1255 1374 rege
1276 1305 1594 1375 Tarquinio,
1621 1323 1786 1356 auun-

175 1375 294 1427 culo
323 1394 434 1441 suo,
464 1394 678 1427 omnem
703 1374 1006 1427 nobilitatis
1033 1375 1269 1427 indolem
1296 1376 1515 1445 excerpi
1539 1377 1787 1444 interque

174 1454 387 1498 ceteros
415 1446 580 1497 etiam
608 1446 834 1498 fratrem
862 1464 1044 1511 suum,
1083 1445 1228 1516 quod
1265 1445 1555 1514 uegetioris
1583 1445 1788 1514 ingenii

175 1516 318 1582 erat,
350 1517 704 1567 *interfectum
744 1515 1229 1581 animaduerteret,
1268 1516 1486 1568 obtunsi
1522 1535 1578 1567 se
1605 1515 1787 1568 cordis

110 1603 152 1635 20
175 1604 295 1638 esse
323 1585 604 1638 simulauit
641 1605 811 1656 eaque
847 1586 1065 1637 fallacia
1098 1586 1364 1637 maximas
1400 1587 1632 1638 uirtutes
1661 1600 1792 1636 suas

176 1657 332 1708 texit.
382 1656 662 1726 profectus
699 1657 863 1708 etiam
890 1655 1134 1726 Delphos
1171 1675 1293 1708 cum
1322 1656 1605 1727 Tarquinii
1639 1654 1789 1721 filiis,

176 1746 311 1798 quos
339 1728 384 1778 is
414 1724 826 1796 adApollinem
853 1727 1111 1798 Pythium
1146 1724 1788 1800 muneribffljfi:

175 1794 990 1864 ciis—Effn‘ffrandum‘miserati‘
1018 1795 1217 1849 aurum
1263 1798 1395 1850 deff
1409 1797 1626 1849 nomine
1662 1794 1790 1848 doni

174 1885 202 1918 c
226 1887 314 1919 am
341 1856 1792 1937 effiac‘tffiiffeiissffififffiffij‘ffffiffi

109 1956 151 1988 25
176 1938 282 1991 sibi
322 1937 558 1990 caeleste
595 1958 794 1991 numen
831 1947 1022 2009 aperta
1055 1938 1386 1991 liberalitate
1420 1937 1672 1990 uenerari
1707 1946 1787 1989 tu-

64 2092 156 2125 Par.
180 2083 345 2129 Sabino
373 2086 644 2144 praecipuae
671 2084 994 2144 magnitudinis
1021 2098 1156 2130 uacca
1183 2090 1286 2129 nata
1314 2089 1398 2133 est,
1427 2098 1558 2143 quam
1579 2082 1788 2128 oraculo-

175 2169 275 2215 rum
304 2156 549 2199 certissimi
577 2162 789 2200 auctores
818 2155 860 2198 in
891 2155 975 2199 hoe
1002 2155 1165 2198 editam
1194 2153 1551 2213 responderunt,
1589 2159 1639 2197 ut
1666 2154 1789 2212 quis-

177 2227 278 2284 quis
317 2239 411 2269 eam
447 2226 743 2270 Auentinensi
781 2226 941 2269 Dianae
986 2224 1289 2274 immolasset,
1337 2224 1434 2269 eius
1481 2224 1624 2283 patria
1663 2222 1787 2268 orbis

177 2296 418 2355 imperium
457 2295 700 2340 obtineret.
763 2296 909 2340 laetus
947 2295 1108 2340 bouem
1149 2309 1248 2340 cum
1290 2308 1462 2339 summa
1497 2294 1788 2339 festinatione

113 2382 154 2413 30
177 2365 361 2410 Romam
391 2372 532 2411 actam
563 2367 607 2410 in
630 2367 857 2411 Auentino
887 2372 989 2410 ante
1011 2379 1131 2410 aram
1151 2364 1311 2409 Dianae
1331 2365 1586 2410 constituit.
1625 2364 1679 2409 de
1698 2379 1787 2424 qua

176 2450 225 2480 re
254 2438 443 2481 antistes
480 2439 648 2482 certior
675 2438 821 2482 sactus
848 2436 1112 2495 religionem
1152 2436 1319 2495 hospiti
1357 2435 1532 2484 intulit,
1569 2448 1624 2479 ne
1660 2436 1787 2495 prius

177 2508 405 2552 uictimam
434 2507 643 2553 caederet
671 2522 802 2568 quam
833 2520 880 2552 se
906 2508 1099 2567 proximi
1127 2507 1269 2551 amnis
1298 2521 1412 2566 aqua
1439 2503 1684 2551 abluisset:
1712 2518 1786 2549 eo-

289 2660 316 2697 4
338 2659 650 2698 auentiniensi
676 2652 731 2698 B'
789 2661 811 2699 7
834 2661 1011 2699 *actam
1035 2658 1076 2697 B
1121 2659 1146 2698 9
1170 2658 1367 2697 antistes
1389 2657 1443 2704 B,
1465 2657 1544 2696 sed
1565 2668 1612 2695 es
1634 2655 1676 2694 in
1696 2665 1785 2693 ras,

178 2716 230 2754 10
273 2714 489 2755 caederet
520 2728 653 2768 quam
683 2715 726 2754 B
754 2712 913 2755 iiras.
1010 2716 1059 2753 11
1103 2714 1308 2766 proxima
1340 2726 1389 2752 se
1420 2725 1542 2764 aqua
1577 2713 1705 2750 detts:
1737 2722 1786 2749 se

176 2771 371 2823 proximi
404 2772 550 2811 amnis
582 2785 704 2823 aqua
736 2773 778 2811 P
805 2777 845 2811 et
875 2771 915 2811 B
944 2772 988 2810 in
1017 2784 1132 2816 ras.;
1162 2774 1203 2810 in
1234 2764 1290 2809 B'
1318 2772 1445 2822 plura
1471 2769 1634 2818 scripta
1649 2766 1786 2816 fuisse

178 2840 297 2879 quam
321 2840 444 2878 prox.
470 2840 517 2866 se
541 2842 662 2880 aqua
682 2829 863 2879 spatium
885 2829 967 2867 loci
986 2829 1103 2866 erasi
1123 2828 1247 2866 docet
1326 2827 1376 2864 12
1399 2827 1610 2876 petente*
1631 2822 1673 2861 B
1735 2824 1787 2863 15

176 2884 311 2923 unius
337 2883 513 2922 brutius
537 2879 592 2922 B'
670 2887 725 2924 22
770 2888 816 2924 et
838 2886 940 2926 delt.
964 2890 1005 2923 et
1025 2897 1085 2922 m:
1124 2896 1201 2923 om.
1226 2882 1287 2929 Β,
1318 2879 1608 2931 sacrificiisq.
1631 2877 1655 2917 b
1734 2881 1789 2919 24

179 2939 296 2979 clam
320 2939 360 2979 B
382 2941 423 2979 in
444 2953 531 2980 ras.
