1872 3132
1395 2 1417 8 *-
1427 6 1438 20 s
1450 6 1452 10 ν
1465 5 1489 23 ψ,
1498 0 1804 27 «ᾳκηωεντεε-τψῆψψ
1823 7 1827 9 -

1502 25 1506 28 ·
1614 24 1615 27 ’
1638 23 1657 33 ιμ
1693 30 1696 35 .

202 152 273 203 20
911 146 1009 191 Llss.
1049 146 1079 188 l.

87 278 183 328 Bar·
209 270 372 318 uellet,
410 267 679 312 architectus
705 263 965 307 Dinocrates
1001 270 1101 302 cum
1128 259 1297 300 cretam
1321 266 1413 298 non
1438 251 1626 307 haberet
1650 251 1806 311 polen-

208 347 343 399 taque
370 338 549 382 futurae
574 334 699 379 urbis
725 331 986 376 liniamenta
1012 325 1289 373 deduxisset.
1325 324 1484 383 ingens
1509 322 1661 368 auium
1693 321 1807 366 mul-

209 409 355 454 titudo
381 408 583 468 proximo
610 404 710 449 lacu
737 414 908 446 emersa
932 397 1162 458 polentam
1187 394 1372 454 depasta
1397 399 1486 442 est,
1515 391 1638 452 quod
1662 399 1809 436 simer-¹

209 479 340 524 dotes
365 477 688 536 Aegyptiorum
717 470 1002 530 interpretati
1029 472 1159 518 sunt,
1196 457 1502 510 conuenarun']
1527 462 1807 522 frequentiae

162 567 184 597 5
209 549 431 595 alimentis
459 545 748 591 suffecturam
773 541 945 587 urbem.

310 647 361 695 2.
410 638 676 690 Deiotaro
713 653 842 687 uero
879 631 1020 701 regi,
1058 630 1236 684 omnia
1260 630 1377 683 fere
1411 628 1693 700 auspicato
1719 646 1808 697 ge-

205 711 360 776 renti,
389 707 642 761 salutaris
678 703 893 775 aquilae
919 710 1240 771 conspectus
1268 701 1400 767 fuit,
1438 718 1547 771 qua
1568 698 1692 751 uisa
1717 698 1808 751 ab·

208 780 398 833 stinuit
432 798 489 830 se
535 778 604 830 ab
641 776 754 828 eius
792 773 922 826 tecti
957 790 1084 838 usu,
1132 771 1279 842 quod
1310 777 1469 824 nocte
1502 768 1811 839 insequenti

208 851 364 919 ruina
389 848 502 902 solo
532 852 821 917 aequatum
847 851 947 895 est.

145 1001 186 1031 10
693 971 759 1022 v.
823 973 920 1021 DE
956 970 1207 1021 OMJNJB
1222 970 1345 1043 Vs,-

318 1075 364 1125 1.
423 1072 672 1126 Ominum
707 1068 869 1120 etiam
904 1067 1215 1120 obseruatio
1242 1064 1422 1135 aliquo
1451 1070 1706 1119 contactu
1731 1082 1812 1116 re-

209 1143 399 1214 ligioni
432 1143 632 1193 innexa
668 1146 770 1204 est,
825 1138 1080 1208 quoniam
1124 1155 1233 1189 non
1267 1134 1495 1188 fortuito
1530 1142 1682 1187 motu
1716 1132 1814 1186 sed

210 1214 397 1266 diuina
421 1210 767 1283 prouidentia
793 1215 1045 1261 constare
1067 1206 1323 1258 creditur.
1374 1223 1512 1276 quae
1547 1204 1728 1257 effecit
1751 1211 1814 1255 ut

208 1285 342 1337 urbe
380 1301 411 1334 a
438 1280 611 1335 Gallis
648 1279 900 1345 disiecta,
938 1275 1367 1330 deliberantibus
1402 1275 1652 1346 patribus
1690 1292 1812 1327 con-

149 1374 190 1407 15
213 1354 427 1423 scriptis
463 1359 643 1404 utrum
667 1350 834 1403 Veios
860 1348 1158 1418 migrarent
1195 1365 1266 1398 an
1292 1364 1391 1397 sua
1414 1345 1628 1397 moenia
1658 1344 1814 1398 resti-

209 1431 446 1488 tuerent,
482 1421 623 1473 forte
658 1439 719 1473 eo
746 1428 989 1489 tempore
1025 1437 1053 1470 e
1077 1416 1350 1488 praesidio
1387 1414 1698 1470 cohortibus
1734 1433 1813 1467 re—

213 1494 504 1547 deuntibus
519 1532 533 1558 ,
574 1490 815 1543 centurio
841 1491 899 1542 in
925 1489 1142 1542 comitio
1171 1487 1502 1542 exclamaret
1538 1486 1819 1558 ‘signifer‘

213 1572 391 1616 statue
419 1563 651 1631 signum,
676 1561 763 1614 hic
790 1560 1491 1638 optime„manelumis3-ea
1517 1527 1825 1612 enffiffiz‘eiss

213 1634 400 1686 audita
435 1640 652 1685 senatus
690 1626 937 1703 accipere
973 1652 1029 1686 se
1076 1650 1233 1686 omen
1266 1630 1552 1700 respondit
1588 1649 1617 1682 e
1650 1629 1815 1694 uesti-

134 1724 191 1756 ρο
213 1703 410 1774 gioque
458 1703 621 1756 Veios
671 1703 989 1755 transeundi
1047 1700 1331 1755 consilium
1381 1701 1580 1754 omisit.
1654 1718 1817 1770 quam

204 1775 398 1844 paucis
425 1774 608 1827 uerbis
637 1773 704 1825 de
731 1773 1006 1827 domicilio
1030 1772 1205 1825 futuri
1230 1772 1427 1824 summi
1450 1770 1668 1842 imperii
1693 1788 1815 1823 con—

202 1845 427 1897 firmata
454 1852 536 1896 est
561 1843 832 1896 condicio!
874 1843 1036 1897 credo
1061 1843 1345 1911 indignum
1371 1841 1474 1894 diis
1502 1840 1815 1894 existiman-

199 1914 358 1967 tibus
385 1915 763 1985 prosperrimis
800 1914 1059 1984 auspiciis
1086 1914 1392 1965 Romanum
1416 1929 1614 1964 nomen
1639 1917 1817 1962 ortum

99 2044 192 2078 Par.
323 2051 364 2091 2.
402 2046 635 2091 Deiotarus
670 2047 819 2106 aquila
844 2052 1087 2106 conspecta
1126 2043 1347 2090 abstinuit
1372 2056 1420 2088 se
1457 2043 1555 2088 eius
1580 2041 1689 2087 tecti
1715 2055 1815 2094 usu,

149 2126 192 2158 25
218 2116 338 2176 quod
363 2116 619 2176 insequenti
646 2123 777 2162 nocte
803 2118 990 2162 corruit.

323 2189 363 2229 1.
401 2186 494 2230 DE
531 2185 752 2231 OMINE.
809 2186 927 2231 Vrbe
953 2201 975 2231 a
1004 2183 1142 2231 Gallis
1167 2183 1381 2234 disiecta,
1418 2196 1520 2228 cum
1547 2180 1680 2226 Veios
1707 2195 1751 2241 p.
1779 2195 1818 2225 c.

212 2254 515 2300 deliberarent
542 2256 754 2306 transire,
792 2257 911 2302 forte
938 2256 1172 2306 centurio,
1210 2251 1474 2300 cohortibus
1509 2249 1816 2300 redeuntibus,

215 2327 261 2388 in
302 2327 485 2370 comitio
522 2326 811 2371 exclamauit:
864 2325 1112 2384 ‘signifer.
1157 2330 1308 2370 statue
1343 2324 1496 2382 signa:
1542 2321 1614 2367 hie
1648 2320 1818 2380 optime

217 2394 541 2439 manebimus'.
595 2402 777 2454 accepto
815 2397 962 2440 omine
999 2402 1183 2440 senatus
1221 2394 1374 2439 omisit
1409 2390 1649 2438 consilium
1686 2389 1819 2435 Veios

153 2474 195 2506 30
219 2464 495 2510 transeundi.
545 2468 585 2508 2.
613 2464 823 2509 Camillus
850 2479 951 2510 cum
978 2471 1101 2510 esset
1126 2470 1363 2524 precatus,
1391 2468 1443 2508 ut
1468 2461 1507 2507 si
1532 2462 1604 2507 cui
1631 2460 1819 2505 deorum

218 2536 352 2580 nimia
379 2534 569 2580 felicitas
596 2549 641 2594 p.
666 2534 716 2578 R.
743 2534 991 2585 uideretur,
1018 2536 1064 2579 in
1092 2534 1235 2594 ipsius
1263 2531 1597 2579 incommodum
1620 2528 1819 2578 eaderet‚

335 2657 357 2693 1
380 2655 651 2695 dimocrates
679 2657 731 2702 V,
753 2656 1015 2708 em.'Pi9lzius
1072 2658 1097 2695 3
1119 2655 1322 2708 proximo
1344 2654 1540 2707 Piylzius:
1560 2652 1703 2706 primo
1727 2650 1770 2691 V

334 2712 359 2749 6
387 2711 469 2749 DE
498 2710 807 2754 OMINIBVS.
864 2712 1112 2751 Deiotarus
1133 2711 1194 2761 B,
1230 2712 1310 2751 sed
1337 2706 1477 2750 citatus
1502 2710 1569 2749 hic
1596 2719 1746 2749 erasus
1779 2712 1821 2745 ec

221 2779 342 2805 manu
362 2771 519 2804 recent.
541 2778 615 2805 sno
637 2767 726 2805 loco
746 2768 908 2817 positus
929 2773 991 2807 est
1010 2763 1030 2820 ss
1051 2767 1299 2820 auspicatu
1319 2765 1526 2818 gerentis
1540 2764 1583 2805 B
1643 2765 1692 2804 11
1715 2774 1825 2803 con-

221 2824 374 2861 tractu
396 2821 419 2860 b
448 2818 466 2874 Η
492 2820 727 2872 religionis
749 2821 810 2868 B,
840 2835 916 2862 em.
941 2822 1125 2874 Guyetus
1185 2823 1237 2862 14
1266 2821 1431 2874 agellis
1453 2814 1508 2861 B‘
1569 2819 1620 2861 15
1648 2822 1796 2859 utrum

221 2877 354 2917 utiB
415 2875 680 2916 loeBs.l.

338 2934 392 2973 30
414 2931 551 2983 siqui
579 2931 619 2969 V
