1924 3152
678 131 798 178 CAP.
825 131 887 183 11,
928 130 958 189 g
986 131 1183 174 15—19.
1638 120 1737 173 121

112 241 342 313 negauit
377 260 438 294 se
473 239 767 311 quiequam
808 239 867 290 ui
904 256 1025 290 esse
1061 244 1327 290 acturum.
1402 243 1521 288 tum
1554 234 1739 306 Scipio

113 313 321 366 Nasica
345 311 660 383 ‘quoniam’
689 309 867 380 inquit
894 308 1114 360 ‘consul
1128 349 1142 375 ,
1173 307 1302 359 dum
1328 308 1464 359 iuris
1492 306 1741 359 ordinem

116 383 389 454 sequitur,
425 381 485 433 id
520 380 636 450 agit
668 388 730 432 ut
756 398 879 432 cum
914 378 1164 431 omnibus
1191 378 1406 448 legibus
1433 377 1741 430 Romanum

116 454 408 525 imperium
435 460 683 518 corruat,
723 458 940 520 egomet
964 469 1050 501 me
1076 449 1326 570 priuatus
1353 448 1623 501 uoluntati
1648 466 1739 500 ue-

118 533 263 577 strae
289 523 483 576 ducem
510 522 678 575 offero
696 528 730 589 ²,
770 538 835 573 ac
861 520 1059 572 deinde
1109 538 1304 582 aguam
1331 538 1557 587 manum
1622 526 1738 571 arte
1761 539 1782 572 5

115 607 139 648 t
479 591 692 645 mdedit
742 590 957 653 sublata
995 610 1063 643 ue
1102 590 1308 661 dextra>
1347 589 1740 663 Etesstamemtt

112 610 1741 740 mmeramme-sequan-

115 744 204 802 tur
219 742 253 803 ²,
311 753 483 804 eaque
525 752 662 787 uoce
707 733 1053 786 cunctatione
1088 732 1358 785 bonorum
1395 733 1597 784 ciuium
1634 732 1742 789 dis-

116 824 278 859 cussa
314 803 629 857 Gracchum
666 822 788 856 cum
827 803 1094 856 scelerata
1131 802 1373 855 factione
1401 822 1536 874 quas
1574 821 1742 855 mere-

115 877 283 928 batur
306 893 510 946 poenas
537 874 850 946 persoluere
877 875 1075 943 coegit.
1760 895 1802 926 10

229 959 311 1012 18.
339 959 499 1026 Item,
522 978 646 1011 cum
665 967 731 1011 tr.
754 958 828 1029 pl.
847 958 1175 1011 Saturninus
1198 966 1252 1011 et
1269 966 1492 1029 praetor
1510 957 1746 1011 Glaucia

120 1040 174 1083 et
208 1030 464 1100 Equitius
509 1029 828 1099 designatus
877 1037 945 1081 tr.
992 1030 1066 1099 pl.
1103 1029 1374 1082 maximos
1417 1030 1475 1081 in
1519 1030 1747 1081 ciuitate

118 1109 309 1152 nostra
335 1100 667 1153 seditionum
692 1109 871 1153 motus
899 1099 1311 1168 excitauissent‚
1338 1118 1440 1152 nec
1457 1100 1748 1171 quisquam

120 1190 178 1223 se
204 1170 406 1241 populo
435 1171 710 1224 concitato
739 1179 1069 1241 opponeret,
1104 1171 1343 1241 primum
1369 1170 1444 1222 M.
1473 1169 1744 1222 Aemilius

120 1242 359 1294 Scaurus
410 1239 469 1293 O.
516 1241 756 1293 Marium
807 1239 1154 1294 consulatum
1199 1250 1416 1293 sextum
1466 1249 1747 1310 gerentem
1769 1261 1812 1294 ιε
1838 1263 1847 1279 ⁸

117 1311 370 1365 hortatus
400 1319 481 1364 est
505 1319 567 1364 ut
585 1310 898 1365 libertatem
922 1311 1183 1382 legesque
1210 1331 1376 1364 manu
1403 1311 1746 1378 defenderet,

118 1383 479 1453 protinusque
514 1401 666 1434 arma
703 1382 810 1435 sibi
844 1382 1052 1435 adferri
1086 1383 1267 1435 iussit.
1362 1382 1527 1434 uibus
1564 1381 1745 1434 allatis

119 1452 314 1506 ultima
350 1462 634 1506 senectute
669 1454 979 1506 confectum
1014 1461 1068 1505 et
1103 1472 1276 1524 paene
1360 1452 1595 1524 ilapsum
1631 1472 1747 1505 cor-

120 1541 223 1594 pus
248 1523 455 1591 induit,
485 1522 805 1594 spiculoque
831 1524 1054 1576 innixus
1083 1533 1212 1577 ante
1237 1523 1385 1576 fores
1412 1525 1596 1576 curiae
1622 1542 1746 1576 con—

118 1593 290 1660 stitit,
342 1612 406 1646 ac
450 1594 696 1665 paruulis
736 1596 967 1647 extremi
1005 1595 1226 1666 spiritus
1263 1594 1507 1665 reliquiis
1553 1614 1623 1648 ne
1656 1613 1744 1647 res
1767 1616 1809 1648 20

121 1662 344 1733 publica
377 1664 656 1735 expiraret
691 1665 887 1718 effecit.
946 1667 1263 1736 praesentia
1290 1667 1433 1718 enim
1468 1666 1636 1717 animi
1664 1665 1750 1717 sui

124 1741 376 1786 senatum
403 1743 457 1786 et
482 1743 793 1805 equestrem
820 1736 1070 1788 ordinem
1097 1736 1168 1788 ad
1194 1735 1499 1788 uindictam
1527 1737 1747 1806 exigen-

122 1804 251 1856 dam
276 1803 490 1874 inpulit.

234 1873 316 1926 19.
357 1873 466 1926 Sed
486 1882 549 1927 ut
575 1893 853 1927 armorum
872 1887 920 1928 et
939 1883 1100 1945 togae
1123 1877 1391 1947 superhm,
1419 1895 1567 1928 nunc*
1584 1877 1750 1928 etiam

124 2027 348 2067 acturum.
412 2035 503 2082 quo
532 2022 741 2068 incusato
771 2022 923 2083 Scipio
950 2023 1108 2070 Nasica
1134 2038 1182 2069 se
1210 2023 1367 2070 ducem
1396 2023 1656 2084 pollicitus,
1694 2038 1746 2070 ac
1769 2040 1811 2072 25

123 2090 298 2137 laeuam
325 2105 506 2137 manum
527 2099 658 2152 parte
680 2100 814 2152 togae
842 2094 1139 2139 circumdedit
1165 2093 1434 2155 sublataque
1461 2094 1616 2140 dextra
1639 2109 1747 2155 pro·
1770 2082 1805 2115 P
1801 2092 1861 2114 ω’·

124 2161 358 2208 clamauit:
400 2163 506 2223 ‘qui
534 2177 628 2208 rem
658 2163 883 2224 publicam
913 2164 1082 2210 saluam
1113 2179 1214 2211 esse
1242 2164 1357 2216 uult,
1387 2179 1456 2211 me
1483 2167 1748 2226 sequatur'.

126 2234 193 2277 18.
223 2231 332 2277 Cum
358 2232 529 2279 tribuni
555 2233 702 2294 plebis
730 2233 1004 2281 Saturninus
1031 2243 1076 2282 et
1099 2235 1306 2296 Equitius
1335 2243 1381 2282 et
1405 2243 1595 2297 praetor
1615 2236 1749 2282 Glau-

124 2302 190 2348 cia
217 2302 435 2349 maximos
460 2303 506 2348 in
533 2304 721 2350 ciuitate
750 2305 1022 2352 seditionum
1049 2314 1201 2353 motus
1229 2308 1490 2358 excitarent,
1518 2307 1574 2352 M.
1600 2307 1748 2352 Aemi-

91 2399 94 2402 ·
123 2371 213 2417 lius
234 2372 430 2419 Scaurus
457 2374 544 2420 iam
573 2388 708 2420 senex
736 2376 1003 2422 exhortatus
1019 2377 1222 2428 Marium,
1253 2366 1430 2423 sextum
1457 2377 1748 2424 consulatum
1772 2394 1813 2426 30

126 2449 384 2499 gerentem.
424 2450 476 2489 ut
502 2459 597 2490 rem
623 2460 666 2505 p.
696 2446 960 2492 uindicaret.
1022 2448 1159 2493 iussit
1195 2448 1280 2493 sibi
1317 2463 1440 2494 arma
1475 2448 1645 2494 adferri
1682 2463 1750 2493 ar·

50 2539 56 2549 =
126 2518 367 2572 matusque
394 2520 496 2558 ante
523 2515 647 2560 fores
674 2518 828 2562 curiae
856 2519 983 2563 stetit
1020 2518 1206 2578 ictuque
1235 2518 1327 2564 saxi
1364 2519 1635 2564 uulneratus
1662 2525 1748 2563 est.

242 2650 263 2687 1
293 2647 342 2688 ui
361 2661 439 2689 om.
463 2642 519 2688 B'
579 2651 605 2690 5
635 2655 796 2704 aparte
826 2652 869 2692 B
897 2660 996 2694 ante
1025 2667 1243 2700 rasuram,
1277 2654 1463 2694 laeuam
1490 2655 1583 2695 ima
1611 2657 1747 2708 parte

125 2703 312 2756 Stanqer
328 2708 423 2747 coll.
446 2706 491 2745 V
488 2707 554 2747 eIl.
571 2708 612 2754 2,
635 2709 675 2754 3,
697 2710 721 2747 1
782 2710 832 2747 11
857 2712 904 2749 et
923 2714 1112 2762 praetor
1133 2724 1175 2763 g.
1201 2714 1247 2750 et
1269 2711 1471 2763 equitius
1492 2711 1535 2751 B
1556 2713 1599 2751 in
1619 2714 1750 2752 litura

126 2762 181 2802 20
202 2762 336 2802 stetit
356 2763 499 2813 ictuq.
523 2763 627 2803 saxi
649 2763 924 2804 uulneratus
946 2770 1018 2806 est
1033 2767 1076 2806 P
1092 2763 1112 2819 [Ι
1133 2768 1325 2808 extremi
1348 2767 1397 2807 b:
1419 2766 1456 2807 ἃ
1478 2769 1672 2809 extremi
1689 2768 1747 2815 B,

125 2818 168 2856 in
190 2830 270 2870 quo
291 2816 328 2858 ἃ
358 2824 400 2858 et
422 2831 478 2859 ex
498 2820 576 2860 uioe
604 2820 794 2861 discerni
809 2826 976 2873 potest,
1011 2826 1055 2862 et
1078 2824 1296 2863 extremis
1317 2823 1486 2876 Kempf
1537 2826 1593 2865 24
1624 2827 1671 2865 et
1698 2824 1748 2864 b.-

126 2885 204 2913 om.
227 2873 270 2913 B
297 2869 318 2927 Η
344 2876 575 2927 togaeque
605 2878 732 2929 prius
760 2877 923 2918 Vahlen
940 2874 1071 2930 ''(mus.
1095 2880 1214 2920 rhen.
1239 2880 1324 2929 XI,
1348 2880 1477 2931 589)‚·
1506 2888 1551 2921 at
1580 2883 1750 2921 uidetur

128 2930 339 2981 superius
360 2932 468 2971 idem
489 2945 582 2973 esse
604 2935 718 2986 quod
737 2935 973 2987 superiore
996 2939 1201 2989 tempore
1233 2939 1302 2978 uel
1321 2937 1370 2977 in
1391 2939 1625 2990 superiore
1646 2937 1747 2976 uita
