1936 3120
648 2 658 5 >⁷
681 1 688 6 -
709 0 903 21 affl-*ss*
919 0 1245 27 ςκϊῖν-’νεθϊφξξῆέψ
1279 3 1348 22 »³³2-

868 24 870 26 ’
976 21 992 27 ““
1039 23 1085 33 ’“νπ
1121 22 1124 25 “
1148 28 1178 34 «Α,
1215 27 1218 33 ι
1242 26 1251 33 a

179 122 285 175 354
878 126 976 170 LlB.
1015 125 1096 170 Vll.

183 241 517 356 {enecftuoem
553 232 697 302 apud
732 231 948 284 moenia
984 232 1312 285 Contrebiae
1356 241 1567 286 armato
1605 234 1797 289 seden-

221 323 314 355 um
360 303 499 354 bret.

290 377 410 424 Ext.
457 382 503 427 1.
544 371 878 440 Agathocles
903 380 1104 438 autem,
1134 371 1532 441 Syracusarum
1557 393 1674 440 rex,
1704 393 1798 428 au·

184 442 392 495 daciter
435 441 681 494 callidus.
747 460 871 492 cum
914 442 1058 493 enim
1101 443 1291 495 urbem
1331 444 1444 495 eius
1482 445 1688 498 maiore
1727 464 1798 497 ex

140 534 159 565 5
184 521 339 581 parte
366 512 855 581 Karthaginienses
886 521 1270 581 occupassent,
1311 516 1611 567 exercitum
1639 534 1794 566 suum

182 583 238 633 in
266 582 515 635 Africam
542 582 784 648 traiecit,
822 591 883 633 ut
908 591 1114 634 metum
1140 591 1313 648 mem,
1340 586 1452 635 uim
1478 585 1535 636 ui
1564 585 1797 637 discute-

180 660 290 719 ret,
338 672 437 716 nec
475 654 591 704 sine
627 652 841 704 effectu.
916 671 1044 703 nam
1080 653 1362 722 repentino
1401 655 1515 707 eius
1554 655 1796 706 aduentu

181 722 417 792 perculsi
454 723 625 775 Poeni
669 722 905 775 libenter
948 722 1377 775 incolumitatem
1423 743 1575 776 suam
1621 723 1797 777 salute

179 794 415 845 hostium
440 793 800 855 redemerunt,
831 793 978 862 pacti
1020 812 1086 844 ue
1115 801 1240 844 sunt
1264 801 1326 845 ut
1345 793 1533 845 eodem
1554 802 1798 864 tempore

117 885 159 916 10
183 872 236 916 et
261 863 454 915 Africa
481 862 679 915 Siculis
711 871 763 914 et
791 862 980 914 Sicilia
1053 864 1226 914 unicis
1264 863 1428 915 armis
1456 864 1797 918 liberaretur.

181 952 282 1003 age
303 933 760 1004 siSyracusarum
780 934 996 984 moenia
1021 933 1161 984 tueri
1183 935 1622 1003 perseuerasset?
1663 934 1796 987 Sici-

178 1004 255 1056 lia
277 1003 407 1057 belli
426 1003 580 1055 malis
603 1011 939 1072 urgueretur,
971 1003 1116 1056 bona
1135 1004 1285 1072 pacis
1313 1003 1545 1056 fruenda
1572 1023 1796 1056 securae

179 1074 511 1142 Karthagini
538 1073 872 1143 reliquisset:
902 1091 1047 1127 nunc
1074 1073 1358 1126 inferendo
1387 1093 1524 1144 quae
1550 1075 1797 1145 patieba-

181 1154 288 1212 tur,
330 1145 460 1196 dum
487 1144 692 1195 alienas
721 1145 901 1214 potius
932 1144 1152 1195 lacessit
1178 1163 1307 1214 opes
1335 1163 1497 1214 quam
1527 1164 1652 1197 suas
1681 1153 1796 1197 tue—

117 1235 158 1267 15
181 1223 297 1281 tur,
335 1234 439 1284 quo
477 1215 733 1284 aequiore
771 1214 951 1265 animo
987 1225 1215 1282 regnum
1252 1215 1490 1267 deseruit
1528 1234 1588 1268 eo
1624 1215 1796 1268 tutius

179 1286 406 1354 recepit.

286 1356 336 1407 2.
378 1354 551 1420 Quid,
606 1353 889 1406 Hannibal
939 1353 1280 1405 Cannensem
1330 1354 1519 1424 populi
1564 1354 1796 1406 Romani

181 1427 354 1478 aciem
389 1442 568 1481 nonne
603 1425 918 1493 priusquam
945 1423 1015 1475 ad
1045 1422 1409 1475 dimicandum
1439 1424 1796 1476 descenderet

182 1494 534 1565 conpluribus
553 1494 787 1546 astutiae
809 1493 1117 1562 copulatam
1135 1492 1342 1563 laqueis
1365 1495 1432 1546 ad
1447 1504 1560 1547 tam
1572 1495 1796 1546 misera·

116 1589 160 1619 20
180 1565 349 1619 bilem
375 1563 635 1634 perduxit
662 1565 908 1616 exitum?
949 1572 1075 1615 ante
1104 1564 1286 1616 omnia
1314 1566 1456 1615 enim
1476 1564 1720 1634 prouidit
1737 1572 1798 1616 ut

181 1645 236 1688 et
273 1635 441 1688 solem
477 1641 529 1685 et
563 1633 870 1703 puluerem,
910 1634 1001 1703 qui
1037 1634 1115 1686 ibi
1140 1641 1306 1686 uento
1334 1634 1537 1686 multus
1565 1634 1796 1686 excitari

181 1705 345 1770 solet,
394 1703 685 1767 aduersum
722 1704 976 1755 haberet:
1029 1704 1223 1755 deinde
1269 1713 1481 1774 partem
1511 1704 1795 1774 vcopiarum

181 1794 404 1828 suarum
438 1775 580 1826 inter
618 1775 798 1844 ipsum
835 1773 1026 1844 proelii
1063 1782 1276 1844 tempus
1315 1774 1380 1827 de
1407 1774 1677 1827 industria
1712 1774 1796 1826 fu·

180 1865 307 1915 gere
333 1847 517 1910 iussit,
557 1863 719 1914 quam
755 1863 875 1895 cum
911 1863 942 1896 a
979 1844 1187 1914 reliquo
1228 1845 1467 1897 exercitu
1503 1846 1797 1914 abruptam

116 1939 158 1971 25
181 1917 325 1985 legio
354 1916 602 1968 Romana
640 1922 983 1984 sequeretur,
1022 1914 1406 1966 trucidandam
1445 1934 1563 1968 eam
1599 1916 1669 1968 ab
1706 1914 1795 1980 iis,

182 2005 315 2058 quos
368 1987 425 2037 in
474 1984 688 2036 insidiis
741 1984 1128 2050 collocauerat,
1192 1986 1422 2038 curauit.
1521 1994 1797 2056 postremo

70 2141 158 2175 Par.
293 2135 332 2177 1.
373 2131 663 2190 Agathocles,
693 2131 1135 2205 SyracusarumOrcx¹
1167 2144 1268 2174 cum
1296 2130 1451 2174 urbem
1479 2132 1574 2175 eius
1595 2144 1647 2174 ex
1666 2136 1798 2189 parte

182 2203 580 2262 Carthaginienses
610 2207 936 2259 occupassent,
978 2201 1220 2244 exercitum
1250 2214 1381 2244 suum
1410 2201 1453 2244 in
1481 2200 1677 2245 Africam
1706 2208 1796 2244 lra-

182 2274 313 2323 iecit,
358 2279 410 2316 ut
443 2273 535 2315 uim
572 2272 619 2315 ui
657 2271 919 2315 discuteret.
995 2274 1036 2313 ⁴2.
1077 2270 1294 2315 Hannibal
1332 2269 1609 2315 Cannensem
1656 2271 1796 2315 aciem

119 2363 161 2395 30
186 2343 461 2403 speculatus,
491 2348 595 2386 ante
624 2342 772 2386 omnia
800 2340 1004 2400 prouidit
1032 2347 1080 2384 ut
1107 2340 1295 2385 Romani
1323 2347 1369 2385 et
1395 2340 1537 2385 solem
1565 2347 1610 2385 et
1636 2339 1798 2399 pulue-

184 2427 278 2458 rem
327 2413 566 2458 aduersum
612 2410 855 2456 haberent:
913 2411 1073 2455 deinde
1120 2417 1294 2470 partem
1335 2412 1565 2470 copiarum
1613 2424 1796 2455 suarum

182 2485 304 2528 inter
330 2483 478 2543 ipsum
515 2483 680 2542 proelii
711 2489 887 2541 tempus
916 2482 968 2526 de
1005 2481 1223 2526 industria
1262 2480 1420 2540 sugere
1456 2481 1610 2531 iussit¹
1650 2486 1700 2525 ut
1727 2494 1798 2524 se-

186 2554 567 2614 quentelegione
595 2560 726 2611 terga
757 2554 854 2597 cius
887 2552 940 2596 ab
969 2553 1038 2602 iis,
1070 2566 1185 2610 quos
1214 2552 1258 2595 in
1283 2550 1458 2596 insidiis
1476 2550 1797 2599 collocauerat,

297 2694 322 2731 6
344 2694 395 2730 ut
415 2694 585 2730 metum
603 2712 661 2719 -
683 2690 783 2729 sine
806 2689 848 2728 B
870 2691 911 2728 in
932 2701 1021 2730 ras,
1094 2690 1142 2726 11
1187 2700 1273 2740 age
1295 2684 1356 2741 si]
1391 2700 1475 2739 age
1498 2686 1553 2735 B,
1579 2689 1627 2724 at
1649 2685 1689 2724 si
1710 2684 1736 2723 b
1767 2682 1790 2736 Η
1837 2675 1842 2680 ’

185 2745 348 2786 Sicilia
369 2749 547 2798 scripsi.-
580 2747 665 2786 illa
688 2746 729 2785 B
792 2747 842 2784 12
866 2747 1137 2796 urgerentur
1159 2754 1185 2788 ς
1255 2745 1306 2783 18
1331 2740 1496 2795 aciem]
1524 2740 1796 2794 speculatus

183 2803 284 2898 ἐξά..
307 2815 371 2854 my
391 2802 540 2897 ΒὲξῬ
599 2804 649 2842 19
675 2800 957 2854 coplicatam
980 2801 1015 2847 b,
1040 2800 1325 2852 implicatam
1347 2799 1523 2851 Piyleius
1582 2798 1635 2836 25
1658 2795 1728 2835 his
1755 2796 1795 2835 B

185 2886 207 2898 .-
260 2871 445 2954 uissgnlziis
474 2914 519 2952 V
