1936 3120
238 159 344 212 418
926 167 1025 213 LIB.
1066 167 1169 214 VIII.

241 271 367 324 dem
393 273 645 339 ignarus,
683 290 848 342 quam
875 273 969 326 diu
994 274 1300 328 Romanum
1323 276 1612 348 imperium
1637 279 1858 335 floreret

239 350 292 394 et
308 341 504 394 Africa
531 341 725 395 Italiae
751 342 983 414 pedibus
1011 352 1155 398 esset
1181 347 1429 400 subiecta
1453 349 1728 420 totiusque
1747 357 1853 404 ter—

236 430 421 464 rarum
444 411 592 465 orbis
614 431 882 465 summum
901 413 1151 468 columen
1164 434 1266 469 arx
1277 416 1590 489 Capitolina
1611 420 1854 488 posside·

238 489 349 549 ret,
389 500 578 535 eorum
606 483 856 553 extingui
882 485 1200 538 memoriam
1235 505 1343 540 non
1368 507 1553 558 posse,
1591 489 1637 542 si
1670 497 1852 544 tamen

188 572 211 603 5
237 552 544 605 litterarum
571 572 786 624 quoque
810 554 917 606 illis
954 554 1136 608 lumen
1171 558 1517 626 accessisset,
1553 561 1739 629 magni
1765 579 1850 614 ae—

238 621 482 688 stimans,
509 623 597 675 uir
616 623 908 678 Homerico
937 644 1099 696 quam
1120 627 1245 680 rudi
1265 636 1428 699 atque
1447 629 1675 700 inpolito
1695 649 1851 701 prae-

237 694 392 747 conio
426 692 658 762 dignior.

340 763 392 815 2.
431 762 695 816 Similiter
727 765 1025 818 honoratus
1064 767 1278 820 animus
1318 786 1448 838 erga
1490 777 1713 839 poetam*
1743 773 1849 824 Ac-

235 834 379 886 cium
412 834 484 887 D.
512 834 698 901 Bruti,
735 835 847 887 suis
885 837 1220 906 temporibus
1258 837 1392 890 clari
1428 839 1611 906 ducis,
1649 842 1847 894 extitit.

169 923 210 955 10
235 904 390 957 cuius
416 904 677 957 familiari
712 905 863 958 cultu
898 914 952 959 et
986 915 1241 978 prompta
1274 907 1590 962 laudatione
1617 909 1848 964 delecta-

234 983 323 1027 tus
359 975 613 1028 uersibus
651 976 766 1028 eius
803 976 1131 1046 templorum
1157 978 1339 1031 aditus
1350 1019 1364 1046 ,
1402 998 1540 1050 quae
1566 999 1638 1033 ex
1661 999 1848 1034 manu-

231 1045 336 1098 biis
365 1055 803 1113 consecrauerat,
832 1046 1140 1100 adornauit.
1548 1096 1554 1100 ,

338 1116 388 1168 3.
427 1116 510 1168 Ne
536 1116 827 1187 Pompeius
901 1118 1083 1170 uidem
1107 1118 1344 1188 Magnus
1382 1120 1452 1173 ab
1486 1119 1589 1174 hoc
1622 1121 1847 1175 adfectu

230 1186 438 1255 gloriae
459 1205 682 1239 auersus
688 1227 703 1254 ,
726 1188 821 1256 qui
845 1136 1221 1258 'Iqheophanen
1239 1189 1653 1260 Mitylenaeum,
1682 1193 1846 1263 scrip-

160 1275 207 1306 ·15
230 1265 406 1311 torem
440 1276 620 1310 rerum
656 1275 904 1324 suarum,
949 1258 1008 1309 in
1044 1260 1296 1312 contione
1339 1259 1576 1313 militum
1620 1262 1845 1314 ciuitate

230 1327 473 1394 donauit,
501 1327 827 1380 beneficium
852 1346 950 1396 per
977 1347 1035 1380 se
1062 1329 1301 1399 amplum
1327 1338 1586 1384 accurata
1605 1332 1771 1384 etiam
1792 1340 1846 1384 et

226 1405 428 1451 testata
463 1398 707 1451 oratione
740 1406 1081 1467 prosecutuS.
1157 1417 1263 1469 quo
1301 1399 1551 1453 effectum
1587 1409 1752 1454 estut
1776 1420 1844 1454 ne

227 1468 348 1538 quis
379 1467 658 1521 dubitaret
684 1467 1072 1537 quini-efferret
1097 1469 1280 1538 potius
1318 1471 1550 1539 gratiam
1576 1490 1740 1541 quam
1765 1473 1842 1524 in—

228 1538 466 1592 choaret.

160 1627 204 1658 20
332 1609 383 1660 4.
421 1608 487 1661 L.
523 1615 707 1660 autem
743 1607 921 1675 Sulla,
971 1608 1075 1660 etsi
1112 1609 1183 1660 ad
1218 1611 1491 1662 neminem
1526 1613 1844 1682 scriptorem

226 1679 467 1730 animum
495 1676 719 1743 direxit,
758 1686 940 1730 tamen
967 1678 1267 1746 Iugurthae
1303 1698 1336 1731 a
1361 1680 1578 1734 Boccho
1613 1699 1743 1751 rege
1771 1683 1842 1735 ad

223 1749 461 1801 Marium
495 1747 748 1818 perducti
784 1756 958 1801 totam
995 1748 1102 1801 sibi
1136 1747 1355 1802 laudem
1389 1758 1501 1802 tam
1527 1752 1723 1822 cupide
1749 1753 1840 1805 ad-

224 1819 413 1886 seruit,
442 1827 502 1872 ut
529 1817 707 1884 anulo,
737 1838 842 1887 quo
873 1820 1173 1888 signatorio
1199 1821 1484 1887 utebatur,
1512 1822 1840 1893 insculptam

223 1889 375 1941 illam
400 1888 756 1942 traditionem
781 1888 1026 1942 haberet.
1080 1898 1133 1943 et
1159 1897 1394 1960 quantus
1412 1898 1623 1961 postea,
1650 1911 1717 1945 ne
1742 1893 1839 1944 mi-

158 1978 200 2011 25
223 1961 431 2012 nimum
458 1958 678 2031 quidem
705 1958 911 2027 gloriae
936 1960 1231 2029 uestigium
1258 1962 1600 2032 contempsit.

329 2031 381 2084 5.
421 2030 604 2100 Atque
630 2037 692 2081 ut
718 2030 1140 2100 imperatoribus
1175 2030 1366 2082 militis
1403 2032 1706 2098 gloriosum
1731 2033 1836 2102 spi-

222 2101 392 2153 ritum
429 2101 774 2167 subnectam,
823 2099 1134 2169 Scipionem
1170 2100 1313 2152 dona
1346 2101 1607 2153 militaria
1641 2103 1708 2154 iis
1744 2102 1838 2172 qui

222 2178 504 2223 strenuam
531 2187 754 2239 operam
781 2169 1066 2221 ediderant
1102 2169 1438 2222 diuidentem
1465 2171 1530 2223 T.
1557 2171 1835 2224 Labienus

219 2248 281 2293 ut
318 2240 448 2294 forti
486 2240 657 2310 equiti
697 2257 890 2291 aureas
935 2238 1179 2291 armillas
1223 2240 1491 2293 tribueret
1534 2240 1835 2308 admonuit,

157 2388 201 2421 30
225 2373 368 2425 cauit,
407 2374 528 2433 quod
564 2373 749 2432 ingenio
788 2372 886 2417 eius
924 2386 1063 2433 opera
1101 2387 1181 2418 sua
1217 2370 1456 2419 inlustrata
1493 2380 1635 2420 erant.
1709 2379 1750 2419 2.
1786 2375 1831 2420 D.

103 2429 197 2464 Par.
221 2445 388 2490 Brutus
416 2459 439 2490 a
466 2450 602 2505 poeta
627 2443 764 2488 Accio
801 2442 1010 2488 laudatus
1047 2457 1211 2488 uersus
1239 2444 1335 2488 eius
1367 2443 1413 2488 in
1440 2443 1615 2490 foribus
1640 2444 1834 2505 templo·

217 2529 318 2560 rum
355 2517 526 2575 posuit.
601 2517 638 2559 3.
678 2514 921 2573 Pompeius
960 2514 1282 2574 Theophanem
1317 2513 1636 2574 Mitylenaeum
1679 2528 1833 2560 rerum

218 2599 404 2631 suarum
441 2586 712 2646 scriptorem
755 2584 986 2629 laudatum
1020 2597 1104 2644 pro
1143 2585 1358 2630 contione
1405 2585 1590 2630 ciuitate
1627 2584 1829 2630 donauit.

214 2659 259 2700 5.
301 2655 407 2702 Cum
444 2656 595 2717 Scipio
636 2655 751 2701 dona
795 2654 1008 2700 militaria
1056 2653 1286 2715 equitibus
1323 2654 1474 2705 daret,
1515 2654 1770 2700 admonitus
1807 2667 1830 2698 a

330 2794 355 2833 3
399 2805 513 2834 arax
534 2787 590 2833 B'
668 2795 695 2833 4
730 2792 809 2834 sed
830 2797 985 2834 tamen
1004 2814 1062 2821 —-
1084 2791 1340 2833 accessisse
1363 2792 1387 2831 b
1466 2793 1516 2832 11
1554 2790 1651 2832 eius
1672 2803 1750 2831 om.
1771 2790 1828 2840 B,

217 2850 315 2890 eius
336 2850 550 2890 uersibus
573 2850 621 2896 b;
652 2849 710 2901 cf.
732 2846 809 2903 ΡΠ
829 2849 1040 2890 manibus
1062 2841 1118 2887 B'
1180 2850 1231 2890 13
1253 2849 1513 2901 pompeium
1533 2839 1589 2887 B'
1609 2843 1628 2900 Η
1658 2845 1830 2886 affectu

211 2906 253 2946 ἢ.
279 2909 307 2946 l.
331 2905 373 2945 B
434 2907 486 2946 14
509 2906 774 2958 theopanen
794 2901 852 2945 B'
871 2903 889 2959 Π
909 2904 1205 2956 mytileneum
1227 2904 1250 2944 b
1303 2904 1354 2943 16
1377 2903 1517 2944 etiam
1538 2902 1741 2942 recitata
1763 2915 1827 2943 or.

211 2963 356 3003 Periz.
399 2964 452 3003 21
477 2975 504 3002 a
526 2975 603 3003 om.
628 2964 650 3004 b
691 2964 744 3003 22
766 2962 987 3015 perducto
1012 2961 1051 3000 B
1070 2957 1092 3014 [l
1111 2964 1204 3001 tam
1225 2961 1266 3001 in
1287 2960 1329 3000 B
1350 2973 1384 3002 s.
1410 2961 1440 3000 l.
1485 2960 1541 2999 24
1563 2955 1629 3012 et]
1650 2958 1828 3010 sor-Len
