1878 3132
59 47 124 88 -ς-’ῑό
170 44 202 80 'f-
224 47 234 68 ,'
272 52 286 75 'ss
304 56 313 61 .,
365 58 367 60 ,
427 58 430 59 ⁷

659 103 776 147 mr.
808 103 917 151 vui,
959 104 986 160 g
1017 105 1156 144 2-5.
1651 94 1720 146 47

96 220 206 276 est,
251 211 518 276 tranauit,
561 209 910 280 aduentuque
946 227 1042 260 suo
1070 215 1477 278 tempestatem,
1525 208 1613 259 cui
1640 226 1719 259 re·
1772 212 1773 215 ’

95 281 279 335 medio
306 281 585 352 quaesitus
614 290 752 346 erat,
782 279 1028 350 dispulit.

174 353 256 406 3.
306 353 422 404 Nec
445 353 623 403 minus
654 350 996 403 uoluntarius
1036 351 1092 401 in
1131 350 1323 402 urbem
1358 357 1606 403 nostram
1627 348 1718 401 ¹Iu-

97 424 256 477 nonis
285 423 566 474 transitus.
627 422 801 492 captis
840 440 872 473 a
897 421 1066 473 Furio
1095 419 1327 473 Camillo
1356 421 1487 472 Veis
1516 419 1718 472 milites

96 495 253 546 iussu
277 491 606 563 inperatoris
635 490 989 545 simulacrum
1015 492 1240 544 Iunonis
1268 490 1544 558 Monetae,
1574 491 1720 562 quod
1743 505 1763 534 f»

98 565 177 618 ibi
210 564 507 634 praecipua
542 561 807 631 religione
835 562 1040 615 cultum
1066 571 1212 628 erat,
1245 563 1302 612 in
1326 562 1519 614 urbem
1546 570 1719 614 trans-

98 634 264 687 laturi
290 634 420 686 sede
448 653 547 686 sua
572 651 793 686 mouere
829 633 1185 686 conabantur.
1256 650 1488 703 quorum
1516 633 1719 707 aEUHO.
1745 634 1751 639 ’

95 723 195 788 Effl'
218 705 629 766 iocuminterro
673 696 1766 773 afficeraassssamamsmagmmmffia

96 796 134 828 U

137 794 165 827 e
211 794 239 827 e
267 793 326 842 se
351 775 653 853 respondit.
681 838 683 841 ζ
755 793 818 826 ac
844 793 979 828 uoce
1007 775 1195 827 audita
1221 773 1373 826 lusus
1401 775 1456 825 in
1484 775 1719 826 admira-

97 842 303 900 {Tenem
328 864 518 898 uersus
548 854 646 912 est,
673 846 891 917 iamque
912 865 1022 898 non
1041 844 1395 898 simulacrum
1423 844 1521 897 sed
1539 846 1720 915 ipsam
1745 859 1785 888 ιο

98 915 247 970 caelo
275 917 541 969 Iunonem
575 917 804 986 petitam
839 925 1058 986 portare
1091 936 1149 969 se
1177 915 1461 968 credentes
1498 915 1630 968 laeti
1663 916 1719 967 in

99 1007 163 1039 ea
188 995 344 1058 parte
370 988 574 1040 montis
603 988 892 1054 Auentini,
922 989 978 1038 in
1006 1006 1113 1057 qua
1137 1006 1281 1039 nunc
1307 985 1574 1057 templum
1601 986 1717 1038 eius

98 1059 397 1124 cernimUS,
435 1057 858 1111 collocauerunt.
966 1124 969 1126 v

203 1129 253 1180 4.
307 1129 584 1181 Fortunae
623 1130 791 1180 etiam
817 1127 1107 1181 Muliebris
1146 1127 1531 1194 simulacrum,
1573 1127 1719 1197 quod

98 1207 182 1252 est
217 1199 421 1251 Latina
454 1199 547 1250 uia
585 1199 657 1251 ad
694 1207 949 1270 quartum
989 1198 1314 1264 miliarium,
1368 1218 1430 1252 eo
1473 1205 1719 1268 tempore
1742 1213 1783 1242 15

97 1288 222 1322 cum
257 1269 393 1322 aede
420 1288 521 1322 sua
547 1277 952 1335 consecratum,
991 1289 1096 1340 quo
1126 1269 1477 1322 Coriolanum
1517 1269 1587 1321 ab
1627 1287 1718 1320 ex-

98 1340 243 1392 cidio
278 1340 431 1393 urbis
468 1349 747 1393 maternae
774 1360 962 1410 preces
998 1337 1376 1410 reppulerunt,
1415 1358 1524 1391 non
1551 1338 1719 1392 semel

99 1411 197 1463 sed
221 1411 308 1465 bis
335 1410 578 1464 locutum
605 1413 853 1464 constitit
878 1413 1073 1482 priscis
1102 1411 1186 1463 his
1214 1412 1426 1465 uerbis:
1460 1412 1582 1463 ‘rite
1611 1429 1717 1477 me,

98 1491 407 1548 matronae,
437 1482 667 1544 dedistis
696 1484 907 1552 riteque
936 1482 1233 1534 dedicastis
1251 1489 1286 1534 '.

202 1552 252 1605 5.
294 1552 519 1606 Valerio
548 1562 732 1606 autem
758 1552 1045 1606 Publicola
1071 1553 1316 1620 consule,
1356 1554 1448 1623 qui
1474 1560 1601 1622 post
1627 1571 1718 1604 ex·
1743 1569 1784 1600 ⁵20

99 1631 246 1675 actos
283 1641 439 1692 reges
473 1622 680 1675 bellum
717 1643 840 1676 cum
867 1624 1192 1676 Veientibus
1231 1632 1286 1676 et
1312 1624 1559 1676 Etruscis
1598 1642 1718 1692 ges-

102 1693 199 1758 sit,
251 1692 356 1745 illis
396 1694 698 1764 Tarquinio
735 1696 1030 1764 pristinum
1074 1696 1366 1765 imperium
1406 1695 1716 1758 restituere,

100 1762 362 1815 Romanis
389 1782 562 1833 nuper
587 1773 803 1834 partam
836 1766 1148 1818 libertatem
1182 1766 1419 1816 retinere
1454 1765 1718 1834 cupienti-

99 1833 229 1899 bus,
266 1833 516 1887 Etruscis
555 1842 608 1886 et
645 1836 943 1905 Tarquinio
981 1837 1037 1886 in
1074 1854 1243 1888 cornu
1280 1836 1474 1888 dextro
1510 1834 1716 1905 proelio

103 1967 264 2011 tinenti
300 1966 474 2012 dicatus
511 1966 603 2012 illic
640 1981 805 2012 numen
845 1982 973 2012 suum
1012 1970 1181 2027 posuit.
1246 1971 1289 2012 3.
1332 1968 1482 2028 Captis
1518 1983 1542 2012 a
1578 1970 1715 2014 Furio
1742 1976 1820 2035 ²3⁷³.

72 2036 284 2103 ⁸Camillo
322 2036 424 2082 Veis
460 2037 644 2082 Iunonis
684 2039 887 2083 Monetae
933 2039 1223 2084 simulacrum
1270 2045 1565 2098 conpertum,
1614 2054 1715 2085 cum
1742 2017 1832 2049 [ω’

100 2120 125 2150 a
151 2107 292 2152 milite
325 2109 655 2168 interrogatum
685 2116 806 2154 esset
832 2123 887 2155 an
914 2109 1100 2154 Romam
1127 2109 1268 2155 uellet
1295 2109 1560 2160 transferri,
1598 2110 1717 2155 uelle

100 2190 149 2221 se
185 2179 432 2238 respondit.
494 2183 533 2223 4.
572 2179 800 2224 Fortunae
838 2179 1153 2230 simulacrum,
1195 2180 1317 2240 quod
1354 2188 1425 2225 est
1461 2182 1531 2225 uia
1560 2180 1717 2225 Latina

99 2247 154 2292 ad
181 2255 392 2307 quartum
419 2247 659 2294 miliarium
688 2252 988 2295 constitutum
1017 2265 1041 2295 a
1068 2258 1211 2296 matre
1238 2250 1481 2302 Coriolani,
1510 2251 1715 2297 locutum

101 2317 272 2363 fertur:
312 2320 398 2363 rite
424 2333 507 2370 me,
536 2328 781 2371 matronae,
809 2321 999 2366 dedistis
1027 2323 1204 2381 riteque
1232 2322 1431 2366 dicastis.
1492 2325 1531 2367 5.
1573 2322 1713 2372 Bello,
1741 2331 1781 2361 30

102 2401 191 2446 quo
218 2388 421 2434 Valerius
447 2390 681 2450 Popllcola
716 2405 809 2436 cos.
851 2392 1072 2437 aduersus
1109 2406 1243 2451 reges
1280 2393 1554 2452 Tarquinios
1589 2393 1717 2437 dimi-

217 2511 270 2549 14
296 2510 519 2551 muliebre
550 2513 591 2551 B
654 2516 704 2554 16
739 2514 1023 2554 curiolanum
1055 2514 1096 2553 B
1158 2517 1208 2555 17
1239 2515 1510 2566 repulerunt
1537 2515 1600 2561 B,
1641 2517 1720 2555 secl

26 2600 37 2607 .
102 2578 216 2606 corr.
241 2568 264 2604 1
286 2579 337 2607 m.
402 2569 452 2607 18
486 2569 566 2607 sed
587 2569 658 2608 bis
680 2583 756 2609 om.
780 2571 1034 2610 Lactantius
1058 2571 1097 2610 I.
1121 2572 1177 2613 D.
1199 2572 1270 2620 II,
1295 2573 1343 2618 8,
1374 2572 1454 2610 secl
1482 2571 1607 2610 habet
1629 2571 1717 2610 Au-

36 2622 39 2627 '
99 2628 208 2672 ynst.
241 2623 293 2662 de
323 2625 401 2662 eiu.
434 2625 505 2662 dei
535 2626 580 2670 4,
614 2627 691 2663 19.·
740 2625 912 2665 dixisse
956 2626 1256 2677 (simulacrum)
1298 2639 1389 2666 non
1430 2627 1596 2676 semel,
1639 2627 1717 2666 sed

100 2677 287 2727 iterum,
323 2678 444 2730 quod
465 2693 565 2719 eam
587 2680 674 2720 rite
698 2686 937 2721 matronae
959 2681 1285 2727 dedicauerint,
1300 2680 1318 2735 Η
1349 2683 1515 2735 priscis
1535 2686 1718 2736 scripsi:

3 2766 22 2781 ³.
102 2733 228 2786 prius
258 2734 320 2782 B,
363 2737 445 2775 del.
483 2736 607 2778 Torr.
678 2739 727 2777 19
758 2737 950 2777 dedistis
981 2739 1160 2788 riteque
1191 2738 1382 2779 dicastis
1412 2742 1454 2780 P
1479 2746 1520 2780 et
1548 2753 1626 2792 my.
1659 2740 1716 2788 B,

3 2806 39 2848 ⁷1:ss
103 2789 287 2830 uidistis
309 2804 343 2830 r.
368 2791 595 2832 dedicatis
617 2793 680 2839 B,
721 2794 917 2834 nouistis
946 2806 982 2833 r.
1014 2793 1264 2836 dedicastis
1287 2795 1427 2837 Aldus
1485 2799 1540 2838 20
1568 2797 1718 2850 publi-

5 2848 35 2914 ξ
105 2845 235 2886 colae
256 2846 298 2885 B
358 2849 410 2887 21
433 2848 729 2889 ueihentibus
753 2849 793 2889 B

215 2903 271 2943 26
291 2917 347 2942 an
371 2909 632 2956 coopertum
642 2907 661 2945 ’ἓ
