1924 3152
186 128 293 181 208
884 132 982 178 LlB.
1021 132 1108 179 1111.

189 240 360 293 sacris
397 237 627 304 initiati,
672 246 786 291 tam
823 237 1042 292 fidelem
1074 239 1216 292 inter
1252 257 1310 292 se
1347 239 1648 299 amicitiam*
1677 242 1800 294 iun-

188 318 413 374 xerant,
437 317 524 375 ut,
562 325 685 360 cum
709 307 945 361 alterum
972 327 1043 362 ex
1065 309 1150 362 his
1177 310 1480 381 Dionysius
1509 308 1800 382 Syracusa-

189 398 293 432 nus
337 378 645 432 interficere
690 377 855 432 uellet
889 386 1053 450 atque
1097 380 1143 432 is
1181 386 1395 451 tempus
1431 380 1502 434 ab
1550 399 1642 448 eo,
1695 401 1799 453 quo

188 450 510 521 priusquam
535 450 740 520 periret
767 450 987 504 domum
1013 449 1292 521 profectus
1319 469 1406 504 res
1434 469 1561 504 suas
1589 452 1803 506 ordina-

144 544 167 577 5
190 529 300 586 ret,
352 520 783 590 impetrauisset,
836 520 975 573 alter
1010 521 1211 574 uadem
1245 538 1303 574 se
1337 540 1435 592 pro
1471 522 1652 576 reditu
1687 523 1803 576 eius

190 601 425 662 tyranno
463 590 595 643 dare
629 609 741 644 non
768 591 1125 645 dubitauerit.
1162 590 1395 645 solutus
1421 600 1540 646 erat
1566 591 1801 662 periculo

189 661 381 714 mortis
409 661 502 731 qui
528 661 691 715 modo
717 660 901 730 gladio
928 663 1168 715 ceruices
1207 661 1482 716 subiectas
1509 662 1798 716 habuerat:

188 731 369 784 eidem
382 740 547 802 caput
566 750 724 784 suum
743 732 1051 785 subiecerat
1069 733 1154 784 cui
1173 749 1359 785 securo
1379 733 1567 785 uiuere
1586 732 1801 787 licebat.

189 802 360 871 igitur
386 821 571 856 omnes
600 810 655 855 et
687 803 744 854 in
769 803 959 872 primis
984 803 1288 873 Dionysius
1314 819 1489 855 nouae
1524 810 1686 873 atque
1713 821 1802 855 an-

130 897 170 927 10
195 873 373 942 cipitis
424 874 504 925 rei
555 873 763 926 exitum
812 871 1254 942 speculabantur.
1330 869 1818 944 adpropinquante

193 942 391 996 deinde
428 943 654 996 definita
690 942 779 995 die
804 961 905 995 nec
939 941 1032 996 illo
1067 942 1362 1010 redeunte,
1406 961 1546 996 unus
1611 943 1804 1014 uisque

193 1013 460 1067 stultitiae
496 1022 611 1067 tam
647 1013 994 1066 temerarium
1027 1032 1344 1083 sponsorem
1380 1015 1577 1066 damna
1619 1020 1696 1067 at:
1751 1021 1806 1066 at

191 1084 237 1136 is
267 1083 404 1136 nihil
442 1104 501 1137 se
528 1084 596 1136 de
633 1085 793 1137 amici
820 1085 1125 1137 constantia
1158 1091 1395 1137 metuere
1431 1084 1801 1154 praedicabat.

192 1154 383 1208 eodem
409 1163 594 1208 autem
615 1163 889 1209 momento
919 1164 971 1209 et
1000 1155 1135 1207 hora
1162 1174 1195 1207 a
1213 1155 1483 1226 Dionysio
1510 1154 1804 1209 constituta

128 1246 170 1278 15
193 1225 411 1278 ueniam
447 1226 539 1296 qui
574 1233 862 1295 acceperat
889 1225 1225 1295 superuenit.
1285 1225 1585 1277 admiratus
1622 1225 1802 1277 ambo-

191 1315 313 1348 rum
351 1296 592 1348 animum
628 1304 895 1366 tyrannus
934 1295 1261 1366 supplicium
1295 1294 1422 1347 fidei
1455 1295 1690 1359 remisit,
1726 1295 1802 1346 in-

193 1384 461 1436 superque
498 1383 588 1418 eos
626 1365 845 1435 rogauit
889 1373 951 1417 ut
985 1385 1041 1418 se
1075 1366 1132 1417 in
1168 1366 1487 1419 societatem
1532 1365 1803 1418 amicitiae

191 1436 413 1489 tertium
440 1435 689 1489 sodalicii
714 1437 946 1505 gradum
979 1435 1174 1489 intima
1201 1435 1468 1488 culturum
1493 1434 1803 1489 beniuolen-

192 1507 270 1559 tia
305 1507 625 1577 reciperent.
688 1505 911 1558 hascine
936 1506 1082 1559 uires
1119 1506 1426 1559 amicitiae?
1464 1507 1654 1558 mortis
1682 1524 1803 1558 con-

126 1599 169 1630 20
192 1584 458 1646 temptum
500 1578 849 1646 ingenerare,
902 1577 1050 1629 uitae
1085 1576 1428 1629 dulcedinem
1465 1577 1803 1645 extinguere,

194 1646 581 1701 crudelitatem
619 1647 1058 1714 mansuefacere,
1095 1647 1282 1700 odium
1318 1647 1373 1698 in
1407 1665 1646 1700 amorem
1681 1664 1804 1700 con>-

192 1726 424 1784 uertere,
452 1735 685 1788 poenam
709 1717 975 1771 beneficio
1003 1736 1232 1789 pensare
1258 1724 1566 1787 potuerunt.
1608 1716 1804 1788 quibus
1841 1747 1845 1750 -

191 1805 367 1859 paene
401 1795 616 1841 tantum
650 1788 1018 1841 uenerationis
1047 1796 1312 1859 quantum
1347 1787 1573 1840 deorum
1606 1789 1803 1839 inmor-

193 1858 382 1911 talium
409 1859 753 1913 caerimoniis
791 1859 1048 1912 debetur:
1090 1858 1196 1911 illis
1225 1859 1369 1910 enim
1393 1857 1613 1928 publica
1638 1856 1803 1923 salus,

126 1951 169 1984 25
192 1930 277 1982 his
305 1930 524 1999 priuata
551 1930 873 1983 continetur.
935 1939 1098 1999 atque
1122 1937 1183 1982 ut
1210 1928 1426 1982 illarum
1461 1929 1620 1982 aedes
1649 1945 1804 1980 sacra

81 2097 169 2130 Par.
195 2097 316 2140 runt,
354 2098 429 2140 ut,
474 2104 575 2136 cum
611 2090 802 2135 alterum
839 2103 891 2134 ex
926 2089 996 2134 his
1024 2090 1260 2148 Dionysius
1296 2097 1513 2149 tyrannus
1550 2087 1805 2134 interficere

193 2159 334 2206 uellet
372 2167 507 2219 atque
545 2160 583 2204 is
621 2167 798 2219 tempus
834 2158 888 2203 ab
926 2172 977 2204 eo
1015 2162 1280 2219 priusquam
1307 2162 1497 2218 periret,
1534 2165 1586 2203 ut
1622 2158 1805 2203 domuin

192 2229 427 2290 profectus
454 2243 527 2275 res
556 2244 659 2275 suas
689 2229 943 2282 ordinaret,
980 2230 1282 2289 impetrasset,
1310 2227 1500 2274 alterum
1534 2227 1693 2274 uadem
1719 2241 1803 2287 pro

194 2313 242 2345 se
269 2299 322 2345 de
349 2300 498 2346 reditu
526 2301 623 2346 eius
645 2300 748 2346 dare
776 2313 867 2345 non
894 2298 1132 2345 dubitaret.
1174 2299 1567 2359 appropinquante
1593 2297 1676 2348 die,
1704 2311 1805 2343 cuin

131 2386 172 2417 30
196 2369 272 2416 ille
292 2377 563 2421 moraretur,
590 2369 792 2415 Pinthias
820 2369 873 2416 ad
895 2383 1086 2430 poenam
1114 2370 1216 2415 duci
1243 2371 1394 2415 iussus
1421 2376 1505 2419 est,
1533 2382 1632 2414 cum
1653 2367 1803 2412 subito

194 2439 270 2486 ille
297 2448 513 2487 reuersus
547 2443 593 2486 in
620 2441 959 2487 admirationem
987 2439 1190 2500 conpulit
1216 2440 1492 2499 Dionysium.
1532 2437 1806 2499 supplicium

309 2594 330 2632 1
353 2593 601 2634 iunxerunt
621 2591 678 2639 B,
701 2606 774 2634 em.
798 2591 972 2643 Pighius
1031 2594 1056 2632 3
1080 2594 1220 2642 atque
1241 2591 1312 2630 his
1335 2583 1390 2630 B'
1447 2592 1475 2630 4
1495 2588 1727 2630 ordinauit
1748 2586 1801 2633 B,

192 2648 420 2689 ordinarit
449 2649 472 2688 b
547 2652 572 2690 6
603 2648 886 2689 dubitauerit
913 2660 1013 2688 nos:
1053 2646 1283 2687 dubitauit
1311 2646 1374 2694 B,
1414 2645 1646 2686 dubitaret
1673 2644 1714 2684 P
1777 2642 1803 2681 8

194 2703 343 2744 eidem
373 2727 427 2732 —
458 2705 721 2746 subiecerat
749 2718 826 2745 om.
857 2703 899 2742 B
970 2705 1018 2742 11
1051 2702 1214 2743 deinde
1245 2702 1376 2742 finita
1406 2702 1449 2742 Β
1517 2703 1568 2742 13
1599 2712 1647 2740 se
1677 2698 1732 2739 de
1761 2697 1804 2737 B

192 2772 305 2801 corr.
330 2773 352 2800 e
375 2760 454 2800 sed
515 2761 568 2801 14
591 2774 617 2801 a
638 2762 681 2801 in
703 2760 745 2799 B
764 2773 798 2800 s.
824 2762 850 2799 ί.
922 2761 974 2799 15
994 2760 1177 2799 ueniam
1200 2758 1403 2800 Foertscfz
1423 2757 1462 2805 I,
1486 2758 1561 2796 16:
1591 2767 1739 2796 scateam
1762 2754 1803 2793 B

197 2817 249 2856 18
277 2815 507 2857 sobadicii
529 2810 584 2856 B'
604 2814 623 2870 Η
643 2817 807 2856 intima
828 2816 1023 2867 Piylzius:
1055 2812 1267 2866 utstsusna
1288 2814 1330 2854 B
1361 2811 1438 2865 (ex
1458 2810 1702 2862 intutum),
1734 2810 1804 2850 ul-

193 2871 306 2912 tima
322 2873 431 2925 dett.-
496 2875 546 2912 19
568 2872 761 2913 haecine
785 2872 808 2911 b
867 2873 922 2911 24
944 2871 1204 2912 cerimoniis
1225 2870 1268 2910 B

309 2929 363 2969 28
381 2929 488 2980 fort.
512 2927 630 2969 alter
650 2927 814 2968 uadem
836 2939 915 2979 pro
940 2940 991 2967 eo
1015 2939 1063 2967 se
