1936 3120
446 30 570 48 {⁴r-2*,›
622 32 669 50 *2*-
694 34 713 36 *·
856 31 921 44 J-g,
964 44 966 49 V
1032 31 1037 33 >

595 181 714 228 CAP.
740 182 867 234 xlm,
895 181 924 241 g
954 185 1094 228 1—6.
1123 183 1221 229 Ext.
1250 182 1279 242 g
1308 187 1347 230 1.
1436 200 1450 206 -
1677 180 1784 234 419

86 309 87 313 ¹
161 307 334 360 eoque
361 307 420 342 se
443 298 680 358 negante
705 289 764 342 id
788 289 1082 357 facturum,
1109 309 1178 343 ne
1204 291 1498 345 castrensis
1525 291 1698 347 honos
1725 294 1781 346 in

162 377 224 413 eo
251 360 347 483 qui
371 359 534 432 paulo
561 368 690 413 ante
716 362 978 413 seruisset
1001 360 1314 429 uiolaretur‚
1341 362 1460 433 ipse
1487 382 1558 416 ex
1575 363 1782 444 praeda

162 429 270 485 Gal
293 431 380 484 ica
405 448 600 483 aurum
627 430 798 501 equiti
822 429 1056 499 largitus
1086 441 1186 485 est.
1261 450 1361 485 nec
1390 434 1556 487 tacite
1581 433 1641 486 id
1667 433 1779 487 Sci-

198 501 251 555 io
274 499 417 554 tulit.
468 519 703 571 namque
727 502 899 582 equiti
926 501 1199 556 ‘habebis'
1227 503 1404 574 inquit
1430 503 1654 564 ‘donum
1674 504 1780 557 uiri

159 519 390 625 Eiuitis'.
466 571 611 642 quod
643 571 740 625 ubi
775 571 868 624 1110
903 572 1139 643 accepit,
1175 574 1420 643 proiecto
1458 582 1583 627 ante
1610 574 1778 645 pedes
1802 594 1824 628 5

157 641 392 695 Labieni
418 660 552 695 auro
577 641 792 695 uultum
819 643 1054 696 demisit.
1103 643 1250 696 idem
1285 652 1347 696 ut
1373 644 1549 696 audiit
1574 644 1781 716 Scipio-

158 731 284 765 nem
311 712 585 766 dicentem
612 713 932 782 ‘imperator
948 724 1002 767 te
1023 714 1297 784 argenteis
1319 715 1545 767 armillis
1568 715 1778 785 donat'‚

158 782 340 836 alacer
365 783 565 852 gaudio
594 783 748 836 abiit.
825 783 977 837 nulla
1012 793 1096 837 est
1133 803 1259 854 ergo
1296 793 1453 839 tanta
1478 785 1777 854 humilitaS,

159 872 299 924 quae
328 853 618 906 dulcedine
645 854 854 923 gloriae
881 874 992 908 non
1018 863 1294 924 tangatur.

264 925 315 976 6.
355 923 461 976 Illa
494 941 624 976 uero
660 924 826 976 etiam
853 944 886 977 a
911 925 1074 978 claris
1110 926 1244 977 uiris
1283 926 1560 978 interdum
1587 946 1656 979 ex
1679 928 1775 980 hu·
1802 947 1844 979 ιο

156 994 399 1047 millimis
427 995 592 1047 rebus
622 995 794 1064 petita
820 1003 919 1048 est.
970 1014 1098 1047 nam
1124 996 1253 1066 quid
1276 996 1380 1049 sibi
1401 996 1578 1050 uoluit
1599 997 1778 1051 C.Fa-

155 1066 311 1133 hius,
357 1064 733 1117 nobilissimus
773 1065 939 1133 ciuis,
987 1066 1079 1136 qui
1125 1084 1246 1118 cum
1282 1067 1341 1117 in
1378 1067 1512 1120 aede
1550 1068 1776 1136 Salutis,

156 1155 322 1207 quam
348 1135 410 1189 O.
437 1136 629 1188 Iunius
657 1135 939 1189 Bubulcus
969 1136 1348 1202 dedicauerat,
1385 1137 1622 1207 parietes
1660 1139 1778 1209 pin-

154 1207 358 1273 xisset,
398 1225 599 1260 nomen
633 1206 700 1257 iis
741 1225 900 1258 suum
926 1207 1245 1278 inscripsit?
1302 1206 1360 1258 id
1387 1209 1531 1260 enim
1558 1208 1778 1261 demum
1847 1251 1850 1253 -

155 1277 462 1330 ornamenti
489 1277 733 1329 familiae
759 1277 1134 1331 consulatibus
1173 1287 1227 1330 et
1254 1277 1577 1331 sacerdotiis
1605 1287 1659 1331 et
1683 1280 1776 1332 tri·
1800 1292 1843 1332 15

153 1348 371 1418 umphis
401 1346 790 1401 celeberrimae
818 1347 1023 1401 deerat.
1077 1357 1319 1401 ceterum
1340 1348 1562 1401 sordido
1591 1350 1775 1404 studio

155 1417 401 1471 deditum
418 1419 695 1488 ingenium
715 1418 1056 1489 qualemcum
1095 1437 1163 1471 ue
1183 1417 1335 1472 illum
1354 1418 1602 1472 laborem
1621 1439 1778 1473 suum

155 1488 374 1543 silentio
417 1489 703 1543 obliterari
748 1489 947 1557 noluit⁷
992 1490 1073 1542 uic
1092 1489 1249 1542 elicet
1286 1489 1515 1543 Phidiae
1561 1499 1776 1544 secutus

155 1559 493 1630 exemplum,
525 1561 619 1631 qui
646 1559 820 1630 clipeo
844 1561 1133 1613 Mineruae
1159 1560 1397 1629 effigiem
1427 1580 1583 1613 suam
1607 1561 1776 1614 inclu-

154 1630 243 1698 sit,
272 1649 382 1700 qua
409 1630 677 1683 conuulsa
703 1638 819 1682 tota
845 1632 1025 1701 operis
1056 1629 1349 1699 conligatio
1380 1630 1700 1684 solueretur.
1797 1652 1839 1684 20

260 1705 384 1754 Ext.
423 1702 469 1752 1.
513 1700 623 1753 Sed
647 1699 839 1752 melius
869 1700 1169 1772 aliquante,
1199 1701 1244 1752 si
1272 1701 1450 1753 aliena
1469 1702 1774 1755 imitatione

154 1771 504 1842 capiebatur,
544 1770 930 1824 Themistoclis
966 1770 1219 1823 ardorem
1260 1779 1405 1824 esset
1448 1771 1772 1839 aemulatUS‚

157 1860 316 1913 quem
343 1842 530 1894 ferunt
557 1840 787 1893 stimulis
815 1843 1083 1894 uirtutum
1110 1841 1380 1910 agitatum
1401 1853 1455 1894 et
1476 1843 1545 1895 ob
1566 1842 1623 1893 id
1648 1860 1774 1895 noc-

95 1975 104 1985 ’
154 1989 356 2035 LabIeno
385 1996 436 2034 ut
473 1989 582 2035 forti
620 1990 764 2049 equiti
805 2003 964 2034 aureas
992 1963 1380 2040 arinillas‘daret,
1418 2003 1509 2034 non
1537 1989 1673 2034 dedit.
1724 1995 1769 2034 et
1792 2002 1885 2038 Par.

157 2074 259 2106 011111
286 2059 514 2106 Labienus
542 2061 583 2105 ei
610 2060 832 2111 dedisset,
873 2059 1023 2119 Scipio
1052 2060 1106 2104 ad
1133 2061 1334 2120 equitem
1361 2059 1587 2105 ehabehis'
1617 2061 1768 2120 lnquit
1790 2071 1832 2103 25
1880 2106 1881 2109 ,

156 2129 348 2177 ‘donum
374 2132 462 2176 uiri
490 2131 682 2176 diuitis’.
746 2131 868 2190 quod
895 2131 972 2175 ubi
1000 2130 1074 2175 ille
1101 2131 1299 2190 accepit,
1328 2132 1536 2190 proiecto
1565 2137 1669 2176 ante
1694 2145 1773 2191 pe-

155 2202 235 2247 des
263 2217 374 2248 auro
402 2201 580 2247 uultum
609 2201 803 2247 demisit.
846 2208 956 2247 tunc
983 2201 1160 2261 Scipio:
1192 2201 1462 2261 eimperator
1482 2208 1526 2246 te
1547 2202 1773 2261 argenteis

155 2273 344 2318 armillis
382 2270 567 2318 ‹lonat':
617 2272 765 2318 alacer
801 2272 931 2317 miles
982 2272 1146 2332 gaudio
1185 2274 1374 2332 excepit.
1449 2274 1490 2315 6.
1529 2272 1573 2317 C.
1609 2271 1773 2317 Fabius

154 2343 472 2388 nobilissimus
499 2343 612 2387 ciuis
641 2357 743 2388 cum
770 2343 926 2388 aedem
960 2342 1128 2388 Salutis
1155 2343 1403 2402 pinxisset,
1442 2356 1606 2387 nomen
1642 2356 1771 2387 suum

151 2413 404 2472 inscripsit,
434 2413 551 2457 unde
578 2412 702 2457 Fabii
729 2414 930 2472 pictores
958 2414 1191 2458 nominati.
1794 2422 1838 2454 30

264 2486 302 2528 1.
338 2479 671 2528 Themistocles
700 2483 897 2527 stimulis
933 2483 1120 2527 uirtutis
1162 2483 1359 2544 agitatus
1388 2489 1432 2526 et
1461 2481 1516 2527 ob
1544 2483 1588 2526 id
1614 2490 1772 2528 noctes

154 2554 388 2615 inquietas
427 2567 568 2613 agens
609 2552 934 2612 quaerentibus
970 2553 1078 2613 quid
1105 2553 1167 2597 ita
1194 2566 1248 2598 eo
1284 2559 1490 2612 tempore
1517 2553 1561 2595 in
1588 2551 1772 2611 publico

270 2708 291 2746 1
317 2703 443 2746 factfi
465 2699 524 2745 B'
542 2712 586 2745 ut
607 2706 774 2745 uidetur
835 2706 859 2744 6
882 2704 1067 2744 labieno
1090 2703 1132 2743 B
1173 2700 1191 2756 Η
1233 2700 1345 2743 aurii
1361 2702 1495 2744 uultsi
1520 2702 1694 2743 dimisit
1714 2695 1768 2742 B'

152 2764 206 2804 10
229 2763 369 2804 etiam
393 2761 563 2802 alacris
584 2755 640 2801 B'
701 2762 753 2800 14
775 2761 833 2801 iis
855 2761 921 2800 E:
952 2759 1023 2800 his
1046 2759 1088 2800 B
1117 2756 1136 2813 [1
1175 2760 1428 2812 inscripsit,
1452 2761 1532 2800 sed
1549 2759 1642 2812 psit
1662 2759 1704 2799 B
1727 2760 1769 2798 in

149 2833 239 2862 rae.
304 2821 356 2859 15
382 2818 702 2859 consularibus
726 2821 772 2858 et
792 2816 1082 2866 sacerdotib3
1125 2819 1170 2856 et
1191 2816 1432 2869 triumphis
1465 2813 1768 2856 celeberrimi]

148 2876 222 2927 (—
243 2888 350 2916 mae
374 2873 505 2926 corr.)
538 2873 730 2915 dederat
750 2874 805 2921 B,
830 2887 903 2914 em.
928 2875 970 2913 in
987 2875 1085 2913 edd.
1109 2879 1210 2913 neti.
1275 2874 1327 2913 18
1349 2871 1612 2914 oblitterari
1633 2872 1656 2911 b
1717 2872 1768 2911 19

150 2932 314 2986 clypeo
337 2932 380 2972 B
450 2933 503 2972 22
529 2931 826 2984 capiebamur
847 2930 871 2970 b
942 2931 994 2970 23
1016 2929 1202 2970 uirtutis
1224 2929 1266 2968 P

262 2990 314 3030 27
340 2988 516 3038 dimisit
545 2988 586 3028 V
642 2988 696 3027 28
718 2986 935 3040 gaudium
963 2987 1006 3027 V
1062 2988 1115 3028 30
1137 2986 1324 3038 scripsit
1351 2985 1395 3025 V

1405 3053 1516 3106 27²³<
