1924 3152
678 0 695 7 ι
704 0 732 13 Ἴ·
747 0 757 15 ⁷,
783 0 785 2 -
811 0 856 23 ''J-'VS
865 0 1294 33 ντιῇαμυ-νμ-ᾼςπεῇᾈϊπἜ-ΜΔ
1307 11 1310 14 ,
1330 15 1331 19 ¹
1379 10 1386 22 ὲ,
1423 19 1425 21 ¹

786 24 787 29 ¹
848 54 851 55 γ
907 31 909 34 ⁴
963 43 965 45 .
1030 27 1070 40 02⁴·
1195 26 1202 29 “
1313 26 1426 53 -15'¹
1436 34 1469 59 r«

212 126 318 178 310
851 139 854 142 ’
911 132 1011 176 LIB.
1052 131 1118 176 Vl.

322 242 368 290 1.
418 237 493 288 Μ.
530 237 835 303 AntoniuS,
882 256 1111 291 auorum
1143 247 1453 292 nostrorum
1489 241 1820 312 temporibus

213 309 545 363 clarissimus
582 317 794 374 orator,
834 307 1029 360 incesti
1066 327 1190 361 reus
1229 310 1513 379 agebatur.
1572 311 1725 364 cuius
1765 313 1823 364 in

212 379 411 431 iudicio
448 387 794 431 accusatores
835 397 1053 431 seruum
1079 379 1136 430 in
1163 381 1539 450 quaestionem
1573 400 1822 452 perseue-

211 449 520 502 rantissime
546 447 919 519 postulabant,
949 449 1094 520 quod
1121 450 1190 503 ab
1218 469 1298 518 eo,
1327 469 1450 503 cum
1476 450 1548 503 ad
1574 460 1824 522 stuprum

167 540 188 571 5
211 522 332 586 iret,
361 518 665 571 lanternam
691 518 996 588 praelatam
1022 520 1424 573 contenderent.
1500 531 1617 575 erat
1643 531 1824 575 autem

210 592 256 642 is
298 591 462 642 etiam
499 597 615 641 tum
662 589 905 642 inberbis
948 599 1001 642 et
1041 590 1223 643 stabat
1266 609 1450 643 coram
1492 590 1822 662 uidebatque

209 679 324 713 rem
351 661 419 711 ad
448 679 577 712 suos
605 660 878 712 cruciatus
906 661 1197 730 pertinere,
1227 680 1326 713 nec
1352 670 1535 714 tamen
1558 660 1652 715 eos
1683 662 1820 731 fugi-

174 773 178 776 >
211 731 367 783 tauit.
422 729 513 782 ille
540 748 697 795 uero,
734 739 795 782 ut
822 730 1041 782 domum
1069 750 1294 801 quoque,
1310 740 1536 784 uentum
1562 740 1672 799 est,
1710 733 1821 785 An-

209 802 421 858 tonium
446 800 550 853 hoc
577 801 793 853 nomine
818 799 1194 853 uehementius
1233 802 1602 864 confusum-et
1627 801 1821 855 sollici-

148 892 188 923 10
211 880 328 923 tum
362 870 504 924 ultro
544 879 626 923 est
662 871 910 923 hortatus
947 878 1010 922 ut
1049 889 1106 922 se
1142 870 1417 925 iudicibus
1455 871 1822 942 torquendum

210 941 464 1007 traderet,
495 941 791 993 adfirmans
819 940 1028 992 nullum
1049 959 1140 993 ore
1164 959 1259 994 suo
1281 942 1511 995 uerbum
1531 942 1822 1008 exiturum,

210 1031 316 1083 quo
354 1030 518 1064 causa
553 1011 668 1063 eius
704 1010 1039 1079 laederetur,
1098 1030 1160 1063 ac
1197 1013 1455 1081 promissi
1489 1011 1653 1064 fidem
1687 1013 1825 1064 mira

209 1082 475 1152 patientia
500 1082 793 1151 praestitit.
844 1081 1091 1151 plurimis
1120 1083 1263 1134 enim
1288 1082 1559 1135 laceratus
1585 1083 1823 1135 uerberi-

168 1180 172 1186 ·
211 1154 312 1205 bus
341 1152 630 1222 eculeoque
657 1152 948 1221 inpositus,
979 1152 1340 1205 candentibus
1362 1153 1525 1205 etiam
1551 1151 1822 1204 lamminis

90 1222 93 1229 “
149 1243 189 1275 15
210 1230 392 1288 ustus,
433 1242 648 1275 omnem
682 1223 797 1273 uim
834 1223 1196 1275 accusationis
1233 1223 1506 1276 custodita
1544 1222 1624 1274 rei
1651 1223 1823 1275 salute

212 1293 497 1347 subuertit.
574 1293 731 1361 argui
777 1293 1000 1345 fortuna
1044 1293 1235 1346 merito
1277 1301 1482 1363 potest,
1531 1293 1677 1363 quod
1711 1302 1824 1346 tam

211 1365 365 1434 pium
392 1372 446 1415 et
472 1372 584 1415 tam
610 1363 808 1415 fortem
837 1363 1087 1432 spiritum
1116 1363 1302 1415 seruili
1328 1365 1547 1416 nomine
1582 1362 1823 1415 inclusit.
1851 1365 1855 1368 ’

316 1433 368 1486 2.
409 1432 703 1486 Consulem
730 1440 911 1484 autem
940 1433 1001 1485 C.
1028 1433 1283 1500 Marium,
1311 1433 1703 1485 Praenestinae
1731 1433 1823 1486 ob-

213 1504 443 1556 sidionis
471 1502 840 1555 miserabilem
867 1502 1074 1555 exitum
1103 1503 1382 1570 sortitum,
1420 1501 1655 1554 cuniculi
1690 1501 1823 1555 late-

147 1593 189 1626 20
210 1574 324 1628 bris
352 1573 558 1626 frustra
585 1573 815 1626 euadere
843 1581 1098 1626 conatum
1123 1572 1339 1643 leuique
1365 1572 1591 1625 uulnere
1617 1590 1649 1624 a
1670 1572 1824 1624 Tele-

213 1645 360 1711 sino,
413 1663 536 1696 cum
586 1661 690 1714 quo
736 1643 979 1696 conmori
1025 1643 1426 1709 destinauerat,
1477 1643 1826 1713 perstrictum

213 1733 403 1766 seruus
433 1733 562 1767 suus
577 1754 590 1781 ,
629 1722 690 1767 ut
718 1713 973 1766 Sullanae
1001 1713 1339 1767 crudelitatis
1377 1720 1656 1783 expertem
1680 1712 1824 1765 face-

211 1793 319 1850 ret,
348 1784 531 1853 gladio
559 1784 847 1837 traiectum
872 1784 1173 1850 interemit,
1212 1803 1333 1836 cum
1358 1800 1559 1852 magna
1583 1783 1825 1852 praemia

213 1855 320 1907 sibi
345 1857 629 1925 proposita
654 1854 896 1921 uideret,
935 1855 982 1905 si
1010 1873 1134 1906 eum
1160 1854 1462 1907 uictoribus
1490 1853 1823 1916 tradidisset.

146 1943 188 1976 25
212 1926 366 1978 cuius
415 1926 677 1978 dexterae
722 1933 833 1976 tam
876 1933 1241 1995 opportunum
1284 1925 1648 1976 ministerium
1690 1921 1826 1974 nihil

213 2013 396 2047 eorum
423 1996 618 2066 pietati
646 1994 818 2061 cedit,
858 2013 890 2046 a
917 1995 1113 2065 quibus
1149 1994 1294 2047 salus
1332 1995 1676 2046 dominorum
1701 2011 1823 2062 pro-

98 2153 191 2190 Par.
325 2144 364 2184 1.
403 2141 497 2185 DE
531 2141 696 2185 FIDE
732 2140 858 2184 SER
876 2140 1000 2184 VOR
1019 2139 1121 2184 VM.
1161 2140 1214 2184 M.
1242 2140 1467 2184 Antonius
1494 2152 1594 2183 cum
1622 2151 1727 2182 reus
1755 2139 1821 2181 in-

214 2212 325 2257 cesti
353 2217 580 2269 ageretur,
608 2209 951 2256 accusatoribus
979 2210 1076 2254 eius
1104 2223 1287 2254 seruum
1314 2210 1359 2253 in
1387 2208 1701 2268 quaestionem
1721 2221 1824 2267 per-

217 2287 481 2326 seueranter
516 2279 880 2340 postulantibus,
919 2280 1042 2338 quod
1070 2280 1125 2324 ab
1154 2294 1207 2324 eo
1237 2293 1336 2325 cum
1365 2279 1419 2324 ad
1445 2285 1654 2339 stuprum
1681 2279 1824 2322 iretur

150 2367 192 2400 30
214 2351 422 2397 lanterna
450 2357 571 2396 esset
597 2350 812 2410 praelata,
843 2351 942 2409 ipso
972 2349 1101 2395 fidem
1130 2350 1428 2410 promittente
1444 2362 1598 2398 seruo,
1629 2353 1825 2393 tormen-

214 2423 276 2467 tis
303 2428 349 2467 et
375 2421 542 2467 iudicio
571 2434 672 2466 eum
700 2419 927 2466 confmisit
954 2433 1036 2466 nec
1073 2421 1288 2480 deceptus
1316 2426 1399 2464 est.
1474 2423 1518 2464 2:
1554 2418 1598 2463 C.
1637 2417 1825 2463 Marium

145 2528 150 2533 .
213 2492 531 2538 Praenestinae
567 2490 816 2537 obsidionis
854 2490 1159 2536 miserabilem
1196 2491 1364 2535 exitum
1407 2487 1605 2535 cuniculi
1640 2487 1825 2533 latebris

215 2562 406 2608 euadere
433 2569 671 2612 conatum,
698 2561 791 2606 leui
817 2560 1009 2607 uulnere
1035 2576 1059 2606 a
1087 2559 1322 2610 Telesino,
1359 2573 1460 2605 cum
1488 2572 1578 2619 quo
1605 2559 1723 2603 mori
1750 2557 1825 2602 de-

330 2701 356 2739 5
378 2700 499 2739 irent
518 2693 589 2750 B'‚
613 2699 756 2738 iretur
776 2699 815 2737 P
836 2694 854 2752 l}
874 2698 1103 2738 laternam
1126 2697 1149 2737 b
1199 2699 1224 2738 6
1247 2697 1439 2737 stabant
1461 2705 1677 2736 coronam
1696 2691 1823 2732 uide-

214 2756 376 2806 bantq.
399 2748 453 2794 B'
536 2756 587 2794 12
627 2755 840 2807 promissi
867 2754 999 2795 fidem
1029 2755 1095 2797 ed.
1134 2753 1241 2795 Ven.
1265 2754 1399 2793 1478:
1441 2748 1740 2804 proximidem
1768 2748 1822 2794 B,

215 2811 421 2864 proxime
441 2810 562 2851 idem
584 2811 607 2850 b
690 2813 739 2852 13
781 2811 902 2852 enim
923 2812 1025 2853 dett.
1044 2811 1197 2862 pauci:
1245 2810 1383 2849 etiam
1404 2807 1468 2856 B,
1509 2805 1679 2846 etenim
1701 2805 1825 2856 Lips.

219 2869 272 2908 14
295 2866 566 2908 cadentibus
590 2862 643 2905 B'
723 2869 776 2907 22
801 2867 978 2919 syllene
1003 2866 1199 2918 (syllane
1222 2865 1263 2915 b)
1286 2864 1328 2904 B
1405 2864 1460 2904 25
1491 2864 1762 2915 oportunum
1783 2859 1826 2900 B

330 2926 384 2965 30
404 2923 647 2964 lanternae
677 2924 716 2963 V
735 2936 851 2964 corr.
873 2925 914 2962 in
936 2923 1118 2963 laterna
