1878 3132
729 105 848 151 eAP.
875 104 970 156 vn,
999 103 1028 163 g
1055 106 1198 149 1—5.
1707 97 1778 151 85

151 215 402 270 uenalem
419 214 654 287 proponi
678 213 870 267 uetuit.
919 214 978 265 in
1004 213 1224 282 agmine
1243 213 1515 265 neminem
1540 209 1778 264 militum

150 287 454 341 ministerio
481 304 766 339 seruorum
789 284 1290 355 iumentorumque,
1326 290 1389 336 ut
1414 300 1569 336 arma
1595 299 1695 335 sua
1722 289 1778 335 et

152 358 413 412 alimenta
435 357 545 428 ipsi
571 355 804 422 ferrent,
834 355 915 407 uti
939 373 1137 425 passus
1166 363 1266 407 est.
1317 361 1623 407 castrorum
1650 353 1776 406 sub-

151 429 281 483 inde
306 428 485 482 locum
503 427 764 480 mutauit:
806 424 1015 493 eadem,
1043 434 1324 495 tamquam
1342 422 1615 495 Iugurtha
1640 442 1776 477 sem-

151 519 250 571 per
284 498 534 565 adesset,
570 496 717 550 uallo
753 497 1014 568 fossaque
1059 496 1343 566 aptissime
1378 495 1568 549 cinxit.
1644 494 1775 566 quid
1798 513 1820 547 5

152 589 280 640 ergo
323 569 581 623 restituta
630 568 992 636 continentia,
1044 566 1175 639 quid
1217 567 1457 638 repetita
1504 566 1779 619 industria

150 640 420 713 profecit?
461 639 681 694 crebras
719 639 927 692 scilicet
951 638 1216 692 uictorias
1253 646 1308 691 et
1340 637 1515 690 multa
1548 647 1778 708 tropaea

150 712 368 784 peperit
393 730 464 765 ex
489 730 553 765 eo
579 709 763 777 hoste,
803 711 959 763 cuius
988 718 1205 779 tergum
1232 709 1334 763 sub
1364 709 1653 763 ambitioso
1679 708 1776 759 im-

150 790 405 854 peratore
430 782 674 836 Romano
701 781 860 833 militi
882 781 1076 834 uidere
1101 798 1211 833 non
1238 780 1564 849 contigerat.

259 854 311 907 3.
348 854 500 907 Bene
535 853 703 906 etiam
736 851 817 904 illi
844 851 1422 922 disciplinae‘militari
1458 850 1776 918 adfuerunt,
1801 869 1843 902 10

191 925 249 976 ui
283 923 749 977 necessitudinum
782 923 1062 994 perruptis
1088 921 1324 976 uinculis
1358 922 1625 976 ultionem
1659 922 1778 974 uin-

155 944 467 1066 dictamque
513 994 695 1047 laesae
740 1012 863 1047 cum
905 993 1206 1064 ignominia
1250 994 1511 1047 domuum
1554 1011 1780 1046 suarum

154 1066 375 1135 exigere
408 1084 519 1119 non
555 1065 965 1119 dubitauerunt.
1032 1083 1160 1117 nam
1195 1065 1257 1117 P.
1294 1063 1549 1135 Rupilius
1587 1061 1780 1118 consul

153 1155 216 1190 eo
243 1135 414 1202 bello,
443 1135 591 1206 quod
615 1136 672 1187 in
698 1135 886 1189 Sicilia
912 1154 1037 1188 cum
1063 1135 1323 1205 fugitiuis
1338 1136 1537 1205 gessit,
1577 1134 1645 1200 Q.
1673 1134 1778 1186 Fa-

151 1207 304 1260 bium
329 1224 591 1276 generum
617 1225 805 1274 suum,
833 1206 963 1277 quia
986 1206 1334 1275 neglegentia
1360 1205 1777 1259 Tauromenita·
1802 1222 1844 1261 15

151 1296 283 1330 nam
306 1294 490 1330 arcem
515 1277 800 1345 amiserat,
838 1277 1127 1347 prouincia
1152 1276 1314 1330 iussit
1341 1276 1623 1330 decedere.

258 1348 311 1401 4.
361 1347 423 1401 O.
470 1347 636 1402 Cotta
680 1348 744 1400 P.
781 1347 1070 1401 Aurelium
1113 1347 1467 1401 Pecuniolam
1511 1347 1780 1416 sanguine

154 1419 261 1473 sibi
286 1419 558 1486 iunctum,
633 1437 757 1472 uem
790 1419 1069 1473 obsidioni
1092 1419 1453 1490 Liparitanae
1489 1417 1562 1470 ad
1597 1417 1779 1488 auspi-

154 1491 239 1544 cia
262 1489 563 1561 repetenda
645 1489 899 1543 es'sanam
924 1490 1254 1543 transiturus
1282 1489 1643 1560 praefecerat,
1670 1489 1779 1541 uir-

154 1561 238 1630 gis
261 1579 482 1614 caesum
500 1560 730 1614 militiae
752 1580 974 1614 munere
999 1561 1144 1615 inter
1163 1560 1378 1632 pedites
1399 1561 1559 1630 fungi
1580 1560 1778 1629 coegit,
1804 1577 1845 1611 20

156 1631 303 1701 quod
327 1631 444 1685 eius
472 1632 634 1702 culpa
659 1650 827 1702 agger
851 1632 1106 1686 incensus
1136 1641 1190 1686 et
1214 1650 1389 1703 paene
1414 1639 1599 1685 castra
1624 1637 1783 1683 erant

156 1711 336 1772 capta.
1719 1765 1722 1767 Α

261 1771 314 1825 5.
354 1771 422 1838 Q.
450 1772 618 1825 etiam
642 1772 873 1825 Fuluius
900 1772 1130 1825 Flaccus
1159 1791 1352 1826 censor
1378 1772 1636 1825 Fuluium
1671 1771 1781 1823 fra-

155 1850 295 1896 trem
329 1850 637 1896 consortem
672 1842 968 1912 legionem,
1014 1843 1074 1895 in
1109 1862 1218 1914 qua
1253 1843 1508 1897 tribunus
1543 1841 1781 1895 militum

157 1953 326 1994 sectam
355 1954 542 1994 secutus
570 1954 655 1993 est.
719 1950 760 1993 3.
798 1947 844 1994 Ρ.
871 1947 1080 2009 Rupilius
1108 1963 1202 1994 cos.
1240 1949 1286 1993 in
1314 1962 1367 1994 eo
1394 1946 1541 1998 bello,
1580 1947 1703 2008 quod
1730 1946 1775 1991 in
1800 1958 1843 1991 25

157 2017 308 2065 Sicilia
335 2031 438 2065 cum
464 2018 676 2079 fugitiuis
704 2020 873 2078 gessit,
920 2018 970 2074 Q.
998 2018 1186 2065 Fabium
1220 2032 1441 2078 generum
1469 2032 1624 2069 suum,
1671 2018 1776 2077 quia
1798 2001 1878 2034 Par

155 2087 446 2149 neglegentia
471 2089 895 2135 Tauromenitanam
924 2104 1074 2136 arcem
1109 2090 1345 2141 amiserat,
1382 2090 1619 2150 prouincia
1646 2088 1784 2134 iussit

157 2159 389 2206 decedere.
466 2164 507 2204 4.
559 2160 605 2205 C.
633 2160 765 2206 Cotta
790 2160 838 2205 P.
865 2161 1101 2207 Aurelium
1126 2160 1418 2207 Pecuniolam
1445 2162 1666 2220 sanguine
1694 2159 1781 2205 sibi

156 2231 386 2280 iunctum.
424 2243 557 2291 quem
585 2230 813 2277 obsidioni
839 2231 1126 2292 Liparitanae
1160 2231 1471 2292 praefecerat,
1508 2232 1653 2291 uirgis
1680 2236 1780 2277 cae'·

158 2313 259 2346 sum
294 2299 484 2346 militiae
532 2315 721 2347 munere
764 2302 884 2348 inter
918 2302 1096 2363 pedites
1131 2302 1263 2363 fungi
1298 2302 1472 2362 coegit,
1523 2302 1646 2363 quod
1680 2301 1779 2347 eius
1803 2310 1845 2344 30

158 2369 290 2430 culpa
317 2384 458 2431 agger
483 2373 694 2419 incensus
733 2379 780 2419 et
803 2386 948 2434 paene
977 2380 1125 2419 castra
1162 2379 1292 2434 capta
1318 2380 1464 2419 erant.
1514 2376 1554 2417 5.
1593 2371 1646 2427 Q.
1674 2371 1779 2417 Ful-

273 2467 328 2506 13
356 2478 465 2506 nam
493 2478 538 2518 p.
559 2467 776 2508 —iussit
804 2467 1030 2509 decedere
1051 2469 1095 2508 B
1123 2471 1167 2509 in
1195 2482 1283 2521 my.
1303 2482 1362 2509 ex
1389 2469 1552 2508 Paride
1580 2470 1781 2520 suppleta

156 2520 282 2561 habet
307 2517 328 2574 ΙΙ
355 2521 539 2562 rutilius
567 2522 663 2570 BP,
696 2537 772 2567 em.
795 2525 998 2576 Piylzius;
1028 2525 1085 2576 cf.
1110 2525 1223 2577 Nep.
1286 2527 1337 2565 17
1367 2537 1474 2564 nam
1504 2537 1541 2566 c.
1575 2527 1702 2564 cotta
1721 2545 1780 2551 —

155 2577 451 2632 pecuniolam
478 2577 522 2617 B
561 2579 605 2618 in
633 2580 775 2619 litura.
834 2594 941 2632 quae
967 2584 1107 2632 prima
1137 2582 1180 2621 in
1209 2580 1252 2620 B
1278 2581 1498 2633 scriptura
1523 2580 1682 2632 fuerit,
1720 2593 1780 2620 ex·

158 2635 254 2674 aliis
274 2635 400 2675 codd.
422 2635 680 2687 intellegitur
699 2636 743 2675 in
764 2635 910 2689 quibus
932 2642 1019 2676 est:
1041 2650 1148 2677 nam
1170 2650 1214 2689 p.
1237 2636 1422 2676 rutilius
1446 2636 1607 2677 consul
1627 2650 1670 2689 p.
1696 2649 1780 2676 au-

155 2690 320 2756 relium
348 2692 497 2732 mediis
524 2692 787 2732 intermissis.
812 2694 947 2758 plura
969 2699 1104 2733 tamen
1133 2693 1401 2734 intercidisse
1426 2692 1651 2745 probabile
1668 2693 1782 2744 facit

155 2746 424 2800 Nepotzanus
482 2749 536 2789 20
555 2760 746 2788 munera
767 2747 810 2787 B
882 2750 935 2788 21
959 2749 1199 2790 inscensus
1218 2749 1562 2802 Lips.escensus
1576 2747 1775 2802 Colerusll

158 2804 205 2843 et
224 2803 285 2843 P:
317 2817 393 2845 om.
415 2803 458 2844 B
518 2805 573 2845 24
595 2808 855 2846 consortem
875 2804 1106 2859 legionem
1127 2806 1269 2847 Periz.
1301 2812 1344 2847 et
1364 2806 1426 2846 P:
1458 2805 1691 2847 cohortem
1711 2805 1778 2846 le—

156 2859 307 2912 gionis
327 2860 372 2901 B
1707 2868 1722 2881 ·

271 2917 326 2958 25
345 2916 534 2958 rutilius
563 2918 607 2958 V
