1936 3120
146 0 362 23 ,wa-:²1⁸
401 0 435 9 ⁷>
485 7 487 9 ·

194 36 208 46 ”
469 65 480 70 ·
543 71 665 119 CAP.
693 73 740 124 x,
772 72 816 131 3.
844 55 885 118 2.
908 75 950 122 3.
987 74 1084 120 Exi.
1113 73 1205 132 31.
1244 74 1370 134 ng
1401 78 1440 122 1.
1699 73 1804 125 407

183 178 415 249 petisset
442 188 608 249 atque
633 179 713 232 ibi
738 188 934 248 rogatu
959 180 1200 233 ciuitatis
1238 199 1392 232 suam
1419 182 1571 252 prius
1599 184 1656 235 in
1683 182 1806 237 Cte-

182 248 510 319 siphontem,
539 248 737 302 deinde
756 250 1147 303 Demosthenis
1170 269 1268 321 pro
1289 251 1481 304 eodem
1497 255 1807 307 orationem

184 318 494 372 clarissima
520 328 574 372 et
601 320 929 372 suauissima
962 339 1096 373 uoce
1133 321 1445 388 recitasset,
1484 323 1805 377 admiranti-

181 389 286 444 bus
315 391 526 442 cunctis
552 390 838 461 utriusque
864 390 1155 443 uoluminis
1179 391 1562 462 eloquentiam,
1592 394 1688 446 sed
1710 394 1805 446 ali-

182 467 387 531 quanto
418 460 594 528 magis
623 461 1038 528 DemostheniS‚
1078 461 1248 532 ‘quid,
1286 464 1351 514 si'
1389 463 1566 533 inquit
1604 465 1803 534 ‘ipsum
1828 484 1849 517 5

183 529 478 583 audissetis
491 530 540 583 ?⁹
587 539 773 584 tantus
812 539 999 584 orator
1035 540 1088 584 et
1123 533 1282 585 modo
1311 542 1424 586 tam
1449 534 1682 587 infestus
1712 533 1807 586 ad-'

182 601 461 654 uersarius
491 601 571 653 sic
596 602 802 654 inimici
828 602 941 653 uim
969 601 1328 673 ardoremque
1366 602 1583 656 dicendi
1620 623 1807 675 suspe-

182 671 298 736 xit,
336 680 398 724 ut
425 690 483 723 se
510 673 839 742 scriptorum
875 674 991 724 eius
1030 691 1224 742 parum
1260 673 1518 726 idoneum
1543 676 1807 728 lectorem

185 759 306 794 esse
332 741 703 812 praedicaret,
742 752 1002 813 expertus
1042 743 1369 795 acerrimum
1406 746 1653 812 uigorem
1682 763 1807 798 ocu-

182 810 391 878 lorum,
429 812 674 865 terribile
710 813 894 865 uultus
930 814 1169 883 ponduS‚
1209 814 1666 867 adconmodatum
1694 816 1800 866 sin-
1828 835 1870 865 ιο

183 881 328 951 gulis
355 882 542 936 uerbis
570 901 764 935 sonum
789 884 961 950 uociS‚
991 883 1402 937 efficacissimos
1424 886 1667 954 corporis
1695 904 1807 938 mo-

183 961 289 1008 tus,
341 971 469 1022 ergo
495 954 602 1025 etsi
628 954 779 1023 operi
805 953 951 1005 illius
979 953 1124 1006 adici
1149 953 1286 1005 nihil
1311 962 1512 1024 potest,
1540 963 1727 1007 tamen
1750 955 1807 1006 in

184 1022 559 1077 Demosthene
594 1043 796 1092 magna
830 1043 958 1094 pars
995 1024 1381 1077 Demosthenis
1429 1025 1611 1091 abest,
1658 1024 1803 1096 quod

150 1116 154 1117 ⁷
184 1092 388 1163 legitur
414 1095 597 1163 potius
626 1113 788 1165 quam
815 1095 1050 1147 auditur.

207 1234 312 1290 XI.
367 1239 569 1296 QVAM
604 1239 839 1287 MAGNI
875 1238 1245 1287 EFFECTVS
1282 1238 1570 1288 ARTIVM
1598 1238 1780 1289 SINT.
1830 1255 1871 1285 15

292 1333 536 1386 Effectus
565 1334 728 1386 etiam
769 1333 967 1384 artium
1003 1333 1430 1401 recognoscendi
1456 1340 1689 1402 possunt
1714 1332 1807 1384 ali-

185 1403 318 1475 quid
344 1403 563 1456 adferre
589 1404 889 1474 uoluptatis
906 1443 919 1469 ‚
947 1405 1306 1473 protinusque
1334 1411 1386 1455 et
1413 1422 1575 1473 quam
1600 1403 1808 1455 utiliter

185 1475 532 1543 excogitatae
568 1474 677 1534 sint
711 1473 923 1544 patebit
959 1482 1011 1526 et
1044 1482 1348 1526 memoratu
1388 1473 1584 1542 dignae
1619 1492 1703 1525 res
1731 1473 1808 1524 lu-

185 1543 310 1597 cido
348 1544 407 1595 in
440 1544 559 1597 loco
597 1553 930 1613 reponentur
966 1553 1019 1596 et
1055 1543 1214 1597 labor
1247 1545 1304 1595 in
1338 1544 1404 1595 iis
1444 1543 1670 1596 edendis
1710 1561 1806 1594 suo

184 1614 370 1666 fructu
396 1633 509 1666 non
534 1615 759 1667 carebit.
1829 1632 1871 1662 20

297 1685 344 1736 1.
385 1683 615 1754 Sulpicii
643 1683 792 1736 Galli
829 1685 1130 1735 maximum
1163 1683 1222 1733 in
1258 1683 1406 1734 omni
1439 1701 1637 1751 genere
1663 1681 1807 1734 litte-

185 1773 373 1807 rarum
422 1754 736 1824 recipiendo
788 1753 1030 1806 studium
1080 1753 1374 1823 plurimum
1412 1754 1503 1804 'rei
1554 1751 1806 1822 publicae

185 1825 412 1897 profuit.
475 1843 603 1877 nam
630 1843 753 1876 cum
778 1824 843 1876 L.
871 1822 1029 1875 Pauli
1063 1822 1266 1876 bellum
1303 1824 1596 1875 aduersum
1622 1840 1807 1889 regem

186 1896 392 1949 Persen
417 1895 657 1964 gerentis
684 1894 899 1964 legatus
938 1901 1084 1946 esset
1121 1911 1184 1946 ac
1219 1911 1413 1945 serena
1438 1901 1597 1946 nocte
1624 1892 1805 1945 subito

187 2044 303 2090 alem
338 2043 634 2104 ignominiam
670 2042 840 2087 relictis
875 2041 1067 2085 Athenis
1104 2039 1307 2084 Rhodum
1344 2041 1536 2099 petisset
1570 2045 1707 2097 atque
1744 2037 1804 2082 ibi
1828 2053 1869 2086 25

186 2122 353 2175 rogatu
393 2114 593 2159 ciuitatis
628 2126 755 2157 suam
792 2113 919 2172 prius
956 2113 1002 2155 in
1037 2110 1406 2170 Ctesiphontem,
1453 2109 1612 2166 deinde
1647 2109 1804 2154 Demo-

187 2185 365 2231 sthenis
393 2198 476 2243 pro
504 2184 662 2228 eodem
695 2183 948 2228 orationem
978 2182 1241 2231 recitasset,
1279 2179 1605 2225 admirantibus
1633 2180 1808 2224 cunctis

188 2254 334 2315 ‘quid‚
362 2254 420 2298 si'
450 2255 602 2313 inquit
630 2253 802 2313 ‘ipsum
828 2250 1127 2297 audissetis?'

294 2324 389 2368 DE
421 2323 743 2367 EFFECTV
773 2320 1054 2366 ARTIVM.
1136 2324 1172 2365 1.
1215 2320 1445 2379 Sulpicius
1474 2319 1639 2369 GalluS‚
1671 2319 1807 2363 homo

189 2394 396 2440 eruditus
423 2407 524 2438 cum
550 2393 597 2437 L.
626 2393 753 2438 Pauli
780 2392 948 2437 bellum
976 2391 1195 2435 aduersus
1222 2390 1389 2435 Persen
1418 2403 1574 2448 regem
1600 2389 1804 2447 gerentis
1828 2404 1870 2435 30

0 2507 8 2555 i
305 2533 327 2570 1
351 2528 580 2582 tesi*p(ph
601 2529 802 2582 b)ontem
823 2527 865 2566 B
924 2529 949 2566 2
972 2526 1292 2567 demosthenes
1314 2518 1374 2564 B'
1438 2526 1465 2563 4
1488 2523 1728 2563 soluminis
1753 2517 1809 2561 B'

0 2558 7 2642 l
187 2591 213 2629 9
235 2586 531 2641 praediceret
552 2585 594 2625 B
675 2586 727 2625 10
769 2581 982 2623 terribile
1002 2579 1136 2622 uultu
1154 2582 1176 2621 b
1258 2581 1310 2620 12
1351 2580 1399 2619 in
1421 2579 1744 2620 demosthene*
1767 2577 1809 2616 B

0 2643 2 2679 l
191 2646 243 2684 16
284 2640 648 2696 recognoscendi
679 2643 871 2692 possunt
902 2651 1003 2679 nos:
1039 2637 1310 2690 recognosci
1331 2648 1466 2689 posse
1488 2635 1546 2687 B,
1577 2634 1808 2687 recogniti

189 2704 381 2754 possunt
403 2699 439 2746 b,
462 2697 733 2750 recognosci
754 2698 908 2748 potest
930 2695 1069 2734 Periz.
1103 2692 1456 2744 recognoscenti
1478 2694 1670 2744 possunt
1707 2690 1808 2730 Kel-

189 2757 389 2798 lerbauer
449 2756 501 2795 18
525 2753 791 2805 excogitata
813 2752 869 2800 B,
896 2750 1151 2802 excogitati
1171 2749 1194 2789 b
1230 2745 1249 2802 [Ι
1284 2749 1464 2801 patebit
1485 2762 1547 2788 m:
1579 2747 1808 2800 patebunt

190 2813 232 2853 B
291 2815 346 2853 22
369 2810 625 2865 recipiendi
647 2810 670 2849 b
739 2810 793 2848 23
815 2807 910 2847 luci
931 2806 1062 2859 pauli
1085 2805 1124 2845 B
1145 2802 1164 2857 11
1187 2805 1406 2845 aduersus
1429 2805 1467 2844 P

304 2871 358 2909 26
381 2882 493 2909 suae
517 2867 643 2920 prius
666 2867 713 2904 in
737 2864 1076 2916 thesiphontem
1118 2862 1159 2901 V

1829 2094 1920 2129 Par.
