1878 3132
182 136 284 187 110
451 185 454 188 ,
878 138 977 184 LlB.
1016 138 1083 183 111.

177 247 381 316 gloriae
409 245 681 298 cumulum
717 246 1033 314 peruenturi
1059 252 1204 297 certo
1243 262 1367 297 cum
1399 243 1601 298 indolis
1629 231 1815 315 expe-X*

177 319 408 369 rimento
438 317 592 368 datos
620 323 811 384 gustus
838 315 1092 367 referam.

737 458 783 509 I.
833 459 930 508 DE
961 459 1234 509 INDOLE.

286 557 330 610 1.
372 555 638 607 Aemilius
664 554 907 625 Lepidus
943 573 1079 624 puer
1115 555 1280 606 etiam
1315 562 1431 606 tum
1465 572 1794 624 progressus

133 643 153 675 5
176 627 232 677 in
269 627 442 679 aciem
476 626 690 679 hostem
734 626 1032 688 interemit,
1089 626 1265 677 ciuem
1302 625 1557 676 seruauit.
1634 625 1788 675 cuius

176 706 286 749 tam
313 695 681 749 memorabilis
710 697 890 766 operis
918 695 1087 747 index
1113 703 1195 747 est
1221 696 1278 746 in
1306 694 1578 765 Capitolio
1607 703 1794 747 statuav

174 767 386 825 bullata
412 777 465 820 et
490 765 730 818 incincta
755 773 1042 836 praetexta
1070 773 1288 817 senatus
1314 764 1561 818 consulto
1587 765 1786 835 posita.

174 839 423 908 iniquum
451 838 596 888 enim
623 837 839 906 putauit
875 854 999 888 eum
1023 835 1217 888 honori
1243 835 1483 888 nondum
1510 836 1790 904 tempesti-

174 927 304 960 uum
329 907 526 974 uideri,
556 909 647 977 qui
674 908 784 958 iam
809 907 1003 959 uirtuti
1029 914 1273 958 maturus
1300 906 1515 958 fuisset.
1565 923 1786 975 praecu-

111 995 151 1026 ιο
175 979 349 1031 currit
388 978 558 1047 igitur
590 977 834 1046 Lepidus
872 977 1067 1028 aetatis
1108 975 1541 1028 stabilimentum
1573 975 1791 1028 fortiter

173 1048 415 1102 faciendi
441 1047 720 1100 celeritate
748 1046 1127 1117 duplicemque
1154 1045 1372 1098 laudem
1397 1065 1425 1098 e
1451 1045 1657 1116 proelio
1683 1053 1789 1097 ret-

176 1119 330 1186 tulit,
359 1120 512 1170 cuius
542 1136 666 1169 eum
692 1118 790 1169 uix
817 1125 1180 1187 spectatorem
1208 1117 1335 1167 anni
1362 1135 1481 1168 esse
1505 1117 1789 1186 patieban-

174 1200 284 1243 tur:
317 1207 470 1241 arina
497 1189 640 1241 enim
667 1187 869 1239 infesta
895 1195 949 1239 et
976 1187 1223 1238 destricti
1241 1186 1414 1255 gladii
1432 1194 1485 1238 et
1506 1186 1789 1238 discursus

173 1259 405 1314 telorum
450 1269 504 1312 et
551 1258 902 1318 aduentantis
950 1257 1222 1326 equitatus
1255 1256 1446 1325 fragor
1481 1264 1535 1308 et
1571 1274 1789 1309 concur-

112 1345 152 1376 15
178 1331 414 1383 rentium
459 1330 798 1381 exercituum
833 1327 1070 1398 impetus
1105 1327 1397 1380 iuuenibus
1444 1345 1656 1397 quoque
1695 1325 1788 1377 ali-

46 1404 49 1407 ⁴
175 1409 435 1471 quantum
462 1400 684 1451 terroris
713 1398 924 1449 incutit.
976 1398 1118 1449 inter
1145 1415 1281 1467 quae
1308 1397 1490 1466 gentis
1518 1397 1789 1449 Aemiliae

173 1471 409 1540 pueritia
436 1487 689 1523 coronam
715 1468 938 1533 mereri,
982 1468 1157 1538 spolia
1182 1486 1373 1537 rapere
1399 1466 1591 1520 ualuit.

280 1541 330 1593 2.
369 1540 478 1592 Hic
518 1540 740 1610 spiritus
778 1557 845 1590 ne
879 1538 1055 1590 Marci
1091 1538 1311 1608 quidem
1348 1537 1569 1589 Catonis
1611 1537 1788 1607 pueri-

136 1610 142 1611 *
174 1612 283 1663 tiae
323 1610 516 1662 defuit.
587 1628 715 1660 nam
751 1627 871 1660 cum
918 1609 973 1660 in
1011 1608 1169 1661 domo
1205 1608 1280 1660 Μ.
1317 1609 1489 1660 Drusi
1533 1605 1788 1659 auunculi

110 1696 152 1727 20
176 1683 259 1733 sui
298 1682 619 1733 educaretur
655 1688 708 1731 et
735 1679 804 1730 ad
833 1698 955 1730 eum
981 1679 1264 1731 tribunum
1299 1677 1373 1748 pl.
1402 1678 1587 1730 Latini
1623 1677 1689 1730 de
1712 1677 1787 1740 sci-

170 1753 344 1803 uitate
369 1749 693 1820 inpetranda
718 1750 1100 1802 conuenissent
1114 1789 1127 1815 ‚
1155 1767 1187 1800 a
1214 1749 1281 1816 Ω.
1308 1747 1612 1819 Poppedio,
1638 1747 1788 1799 Lati-

173 1840 366 1874 norum
404 1821 679 1891 principe,
730 1820 900 1872 Drusi
944 1828 1126 1872 autem
1169 1819 1411 1889 hospite,
1462 1825 1686 1887 rogatus
1728 1826 1790 1869 ut

175 1893 352 1945 socios
397 1891 545 1961 apud
568 1889 917 1944 xauunculum
961 1889 1275 1956 adiuuaret,
1327 1889 1603 1941 constanti
1634 1887 1790 1938 uultu

174 1981 279 2015 non
301 1963 575 2014 facturum
603 1979 659 2012 se
685 1960 987 2030 respondit.
1037 1961 1236 2011 iterum
1263 1958 1460 2011 deinde
1486 1976 1550 2010 ac
1571 1958 1788 2026 saepius

111 2046 152 2078 25
174 2032 552 2100 interpellatus
589 2031 642 2081 in
678 2031 959 2099 proposito
994 2030 1250 2099 perstitit.
1311 2037 1439 2080 tunc
1473 2026 1787 2096 Poppedius

175 2103 231 2154 in
258 2102 529 2154 excelsam
557 2100 775 2152 aedium
795 2108 1009 2170 partem
1029 2099 1268 2151 leuatum
1294 2098 1635 2151 abiecturum
1659 2096 1788 2149 inde

60 2226 151 2262 Par.
284 2223 322 2264 1.
362 2219 457 2264 DE
491 2218 756 2263 INDOLE.
806 2217 1023 2262 Aemilius
1049 2216 1246 2277 Lepidus
1271 2231 1386 2278 puer·
1412 2218 1655 2260 etiamnum
1683 2229 1789 2275 pro-

176 2305 364 2351 gressus
391 2292 434 2334 in
463 2290 604 2336 aciem
631 2288 806 2333 hostem
833 2289 1082 2338 interemit,
1111 2287 1254 2332 ciuem
1283 2288 1498 2335 seruauit,
1526 2286 1719 2345 ideoque
1747 2286 1787 2329 ei

354 2360 749 2375 ......

112 2440 154 2472 30
176 2433 273 2477 cius
309 2431 416 2476 Cato
455 2444 568 2490 puer
604 2429 750 2474 adhuc
776 2443 876 2474 cum
911 2428 957 2473 in
984 2429 1118 2474 domo
1146 2427 1358 2473 auunculi
1397 2428 1467 2472 sui
1504 2426 1786 2475 educaretur,

177 2509 222 2547 et
259 2502 313 2546 ad
349 2515 451 2546 eum
491 2500 721 2545 tribunum
749 2500 812 2560 pl.
837 2499 984 2544 Latini
1021 2499 1077 2544 de
1112 2498 1298 2544 ciuitate
1335 2496 1602 2557 inpetranda
1637 2496 1790 2540 uenis·
1847 2493 1862 2497 Α

178 2579 292 2623 sent,
321 2578 509 2631 rogatus
535 2576 587 2615 ut
615 2571 767 2616 socios
794 2570 914 2629 apud
941 2569 1212 2615 auunculum
1241 2568 1500 2616 adiuuaret,
1527 2577 1619 2611 non
1644 2565 1788 2610 factu·

176 2657 277 2687 rum
315 2656 363 2687 se
407 2641 660 2702 respondit.
734 2647 969 2700 postremo
1013 2638 1272 2700 Poppedius
1321 2652 1438 2701 eum,
1471 2638 1518 2681 in
1569 2634 1786 2681 excelsam

293 2765 312 2802 1
347 2763 528 2802 culmen
560 2764 756 2808 Coleruae
787 2764 844 2815 cf'.
870 2766 907 2811 7,
933 2765 969 2809 1,
996 2764 1018 2801 1
1042 2767 1082 2802 et
1104 2764 1142 2808 8,
1168 2765 1196 2800 7*
1212 2763 1268 2801 in.
1329 2761 1354 2799 2
1385 2760 1541 2811 gestus
1571 2757 1594 2796 b
1655 2757 1679 2796 7
1708 2767 1788 2808 po-

179 2820 267 2860 site
289 2812 345 2858 B'
405 2820 429 2858 9
452 2821 710 2871 praecurrit
729 2819 786 2868 B,
821 2820 878 2869 ef,
902 2819 1070 2871 Kempf
1123 2819 1174 2858 13
1202 2815 1425 2856 destricta
1448 2814 1504 2863 B,
1537 2811 1742 2852 districti
1764 2811 1789 2851 b

181 2878 234 2916 16
258 2887 375 2927 quae
398 2875 440 2914 B
462 2877 504 2914 in
526 2887 614 2914 ras.
675 2877 725 2914 21
749 2876 991 2915 uenissent
1011 2875 1053 2914 P
1068 2870 1088 2928 {l
1119 2872 1253 2913 latini
1274 2871 1484 2925 principe
1505 2869 1563 2919 B,
1591 2869 1698 2920 fort.
1719 2867 1788 2908 la·-

179 2932 266 2971 tini
287 2931 482 2972 nominis
504 2930 715 2983 principe
774 2933 828 2972 26
851 2931 997 2971 latum
1018 2932 1061 2971 P
1189 2959 1192 2963 «
1230 2956 1233 2958 -
1668 2952 1670 2954 >
