1924 3152
747 107 864 158 CAP.
893 107 942 158 11,
983 106 1013 165 3
1041 109 1210 152 4—10.
1684 98 1784 152 231

154 223 424 282 tueretur,
452 215 673 269 tulerat.
737 215 868 286 quin
896 215 1064 268 etiam
1098 221 1396 285 patronum
1433 232 1559 266 eum
1595 213 1790 266 domus

155 296 219 342 et
253 285 498 341 familiae
544 305 676 339 suae
721 304 936 356 semper
981 285 1280 351 diqtitauit.
1350 302 1452 337 nec
1485 283 1588 336 hac
1626 302 1685 337 re
1723 283 1791 337 de

159 359 506 431 principatU,
535 375 698 428 quem
721 355 915 427 procul
941 356 1110 409 dubio
1141 355 1457 423 obtinebat,
1497 356 1791 427 quicquam

158 431 468 501 decerpsit,
516 428 647 499 quia
681 447 794 481 non
830 426 1048 490 humili,
1098 427 1196 479 sed
1233 434 1391 497 grato
1419 427 1602 479 animo
1629 426 1790 496 longe

160 499 440 553 inferioris
466 498 703 552 hominis
740 498 982 550 maximo
1017 499 1213 551 merito
1252 499 1512 551 eximiam
1548 499 1792 550 summit·
1815 510 1836 543 5

157 572 317 625 tebat
344 569 690 639 dignitatem.

271 641 322 694 8.
360 640 503 693 Nam
530 640 639 694 Grai
675 639 898 711 quidem
923 639 1068 692 Mari
1102 659 1214 693 non
1242 639 1415 693 solum
1444 640 1791 709 praecipuuS,

157 711 264 765 sed
306 711 475 765 etiam
517 718 847 783 praepotens
891 719 1083 781 gratae
1134 712 1332 763 mentis
1378 712 1484 763 fuit
1534 712 1792 780 impetus·

159 784 303 837 duas
351 783 496 835 enim
532 783 869 835 Camertium
913 782 1191 849 cohortes7
1243 783 1385 833 mira
1424 782 1632 834 uirtute
1676 781 1792 832 uim

161 854 515 909 Cimbrorum
541 854 883 921 sustinentiS,
922 853 980 905 in
1018 853 1142 925 ipsa
1167 854 1285 906 acie
1312 853 1578 905 aduersus
1607 851 1792 905 condi-
1817 866 1858 897 10

160 926 379 978 cionem
400 924 640 977 foederis
661 926 886 978 ciuitate
899 924 1144 978 donauit.
1175 924 1324 995 quod
1344 923 1567 995 quidem
1584 923 1796 976 factum

162 1004 220 1048 et
246 1015 376 1049 uere
403 1005 458 1049 et
483 997 705 1066 egregie
733 996 1022 1050 excusauit
1050 995 1282 1049 dicendo
1298 1035 1311 1062 ,
1341 995 1484 1047 inter
1510 1011 1793 1047 armorum
1810 1042 1821 1053 Ὗ

162 1068 462 1138 strepitum
481 1068 656 1121 uerba
677 1086 733 1120 se
755 1067 892 1119 iuris
914 1066 1092 1120 ciuilis
1115 1066 1381 1120 exaudire
1400 1085 1510 1119 non
1531 1067 1792 1137 potuisse.

162 1146 220 1191 et
255 1156 386 1191 sane
420 1138 480 1190 id
515 1146 732 1209 tempus
769 1147 900 1192 tunc
938 1148 1082 1206 erat,
1133 1158 1238 1209 quo
1276 1137 1450 1206 magis
1493 1136 1793 1190 defendere

161 1227 334 1281 quam
360 1209 554 1262 audire
582 1208 730 1279 leges
761 1210 1070 1280 oportebat.
1818 1219 1858 1251 15

271 1280 323 1333 9.
373 1280 435 1333 C.
472 1280 618 1332 Mari
660 1281 900 1351 uestigia
940 1281 1144 1352 ubique
1187 1280 1252 1333 L.
1291 1278 1443 1332 Sulla
1494 1278 1795 1331 certamine

164 1350 345 1404 laudis
397 1352 767 1423 subsequitur.
848 1351 1087 1405 dictator
1149 1352 1295 1404 enim
1347 1350 1566 1421 priuato
1629 1350 1811 1402 etiam'

163 1422 425 1494 Pompeio
472 1430 527 1475 et
570 1432 735 1493 caput
780 1423 1074 1494 adaperuit
1118 1431 1174 1475 et
1213 1421 1350 1475 sella
1385 1420 1705 1474 adsurrexit
1741 1428 1796 1472 et

161 1511 303 1564 equo
332 1493 645 1561 descendit,
687 1513 859 1565 eaque
895 1513 953 1547 se
988 1493 1224 1548 libenter
1249 1493 1432 1546 facere
1458 1494 1516 1545 in
1543 1491 1796 1546 contione

163 1563 535 1635 praedicauit,
585 1583 793 1617 memor
831 1565 902 1618 ab
937 1583 1000 1617 eo
1029 1564 1411 1634 duodeuiginti
1449 1581 1620 1617 annos
1661 1570 1792 1615 nato
1819 1575 1861 1607 20

205 1642 350 1686 artes
379 1653 506 1687 suas
535 1636 785 1688 exercitu
809 1643 1038 1705 paterno
1066 1635 1301 1687 adiutas.
1353 1635 1527 1687 multa
1552 1633 1796 1702 insignia

165 1653 458 1774 {ompeiffi
489 1704 587 1757 sed
612 1705 797 1759 nescio
836 1724 905 1757 an
942 1706 1047 1759 hoc
1083 1706 1375 1776 quicquam
1411 1703 1793 1757 admirabilius

147 1776 485 1844 contigerit,
523 1775 670 1856 quod
706 1775 1086 1844 magnitudine
1126 1776 1376 1828 beneficii
1411 1775 1495 1827 sui
1541 1773 1796 1827 obliuisci

165 1845 378 1900 Sullam
404 1853 599 1915 coegit.

278 1917 362 1970 10.
402 1916 486 1970 Sit
511 1918 709 1988 aliquis
746 1918 802 1968 in
838 1935 1050 1969 summo
1093 1915 1384 1986 splendore
1421 1914 1587 1967 etiam
1623 1914 1793 1967 sordi·
1818 1927 1860 1959 25

164 1989 271 2042 bus
309 1988 483 2057 gratis
511 1987 682 2040 locus.
746 1986 823 2039 M.
855 1987 1099 2040 Cornuto
1127 1995 1380 2057 praetore
1407 1986 1570 2038 funus
1606 1985 1794 2038 Hirtio

163 2157 291 2196 esset
317 2165 427 2201 cos„
455 2165 479 2196 a
503 2150 554 2206 Q.
575 2149 744 2196 Calidio
772 2156 985 2210 praetore
1012 2156 1140 2210 patre
1167 2163 1250 2195 suo
1278 2155 1510 2199 reuocato,
1539 2148 1616 2208 qui
1644 2147 1793 2193 fuerat
1818 2140 1910 2174 Par.

167 2221 214 2266 in
241 2221 391 2273 exilio,
419 2235 512 2267 non
537 2220 764 2266 dubitauit
793 2221 903 2281 quin
931 2222 972 2266 ei
999 2220 1294 2281 supplicaret.
1345 2221 1385 2264 8.
1414 2218 1459 2264 C.
1479 2218 1655 2264 *Marius
1684 2218 1795 2264 duas

163 2291 439 2338 Camertium
468 2293 697 2343 cohortes,
725 2293 838 2337 mira
865 2293 1041 2337 uirtute
1068 2293 1161 2337 uim
1188 2290 1472 2335 Cimbrorum
1501 2291 1795 2340 sustinentes,

168 2363 214 2407 in
251 2364 472 2423 ipsa'acie
499 2364 684 2408 ciuitate
711 2362 914 2408 donauit.
993 2364 1036 2406 9.
1074 2362 1121 2406 L.
1151 2361 1276 2407 Sulla
1302 2363 1347 2406 in
1375 2374 1568 2407 censura
1592 2360 1796 2406 uenienti
1820 2373 1860 2405 30

165 2431 385 2493 Pompeio
423 2433 680 2478 adsurrexit
706 2439 752 2478 et
779 2448 899 2494 equo
928 2433 1175 2480 descendit.
1243 2435 1310 2477 10.
1350 2432 1404 2478 M.
1432 2432 1637 2477 Cornuto
1664 2444 1796 2492 prae—

283 2585 311 2624 4
339 2583 573 2637 decerpsit
599 2585 643 2624 B
671 2586 714 2625 z‘n
742 2598 857 2625 ms..-
890 2586 1086 2625 arcessit
1117 2583 1376 2636 (accersiit)
1408 2585 1535 2633 ἄρτι,
1569 2584 1798 2626 abscessit

168 2641 312 2694 Lips„
343 2639 549 2681 decessit
577 2641 776 2682 Vorstius
798 2648 839 2682 et
860 2641 925 2688 E‚·
955 2656 1010 2682 an
1032 2644 1137 2682 latet
1156 2643 1199 2681 in
1222 2640 1421 2681 arcessit
1440 2654 1533 2682 noc.
1557 2641 1796 2691 abstersit,

163 2711 258 2738 cum
287 2704 440 2738 auctor
469 2704 618 2739 noster
645 2712 753 2739 rara
783 2704 827 2738 et
855 2700 1047 2752 quaesita
1078 2699 1218 2738 amet?
1279 2699 1303 2738 7
1333 2698 1431 2738 Iam
1455 2695 1587 2750 (corr.
1613 2711 1635 2738 e
1657 2695 1794 2749 Nam)

167 2752 237 2796 .C.
269 2754 455 2807 quidem
482 2755 619 2795 marii
646 2755 689 2795 B
759 2757 810 2795 17
835 2755 955 2795 enim
978 2756 1025 2795 in
1048 2755 1089 2795 B
1117 2751 1136 2809 [1
1166 2754 1306 2796 etiam
1328 2755 1529 2808 Pighius:
1563 2758 1610 2795 et
1632 2754 1673 2794 B
1743 2755 1796 2795 19

165 2812 456 2852 οοη***1ιίοῐιθ
488 2811 563 2864 (ex
594 2812 939 2864 contentione?)
970 2812 1013 2852 B
1081 2813 1136 2853 20
1161 2811 1293 2852 annis
1315 2811 1389 2856 Βς
1456 2814 1510 2854 26
1540 2815 1699 2865 gratus
1722 2810 1746 2851 b
1773 2806 1795 2865 Η

165 2866 297 2907 Hirti
315 2868 370 2912 B.
404 2882 478 2911 em.
504 2882 525 2909 e
548 2869 588 2909 P

285 2926 339 2966 30
360 2927 477 2966 immo
501 2926 546 2965 in
570 2925 807 2966 dictatura
