<?xml version="1.0" encoding="UTF-8"?>
<!DOCTYPE html PUBLIC "-//W3C//DTD XHTML 1.0 Transitional//EN"
    "http://www.w3.org/TR/xhtml1/DTD/xhtml1-transitional.dtd">
<html xmlns="http://www.w3.org/1999/xhtml" xml:lang="en" lang="en">
 <head>
  <title>
</title>
<meta http-equiv="Content-Type" content="text/html;charset=utf-8" />
  <meta name='ocr-system' content='tesseract 3.04.00' />
  <meta name='ocr-capabilities' content='ocr_page ocr_carea ocr_par ocr_line ocrx_word'/>
</head>
<body>
  <div class='ocr_page' id='page_1' title='image "./factorumetdictor00valeuoft_0476.png"; bbox 0 0 1936 3120; ppageno 0'>
   <div class='ocr_carea' id='block_1_1' title="bbox 0 721 9 925">
    <p class='ocr_par' dir='ltr' id='par_1_1' title="bbox 0 721 9 925">
     <span class='ocr_line' id='line_1_1' title="bbox 0 721 9 925; textangle 90"><span class='ocrx_word' id='word_1_1' title='bbox 0 844 7 925; x_wconf 46' lang='grc' dir='ltr'>παν-τ</span> <span class='ocrx_word' id='word_1_2' title='bbox 0 721 9 837; x_wconf 49' lang='lat' dir='ltr'>--w,--—„</span> 
     </span>
    </p>
   </div>
   <div class='ocr_carea' id='block_1_2' title="bbox 1169 0 1810 81">
    <p class='ocr_par' dir='ltr' id='par_1_2' title="bbox 1169 0 1810 81">
     <span class='ocr_line' id='line_1_2' title="bbox 1169 0 1810 81; baseline 0 0"><span class='ocrx_word' id='word_1_3' title='bbox 1169 0 1810 81; x_wconf 95' lang='lat' dir='ltr'>  </span> 
     </span>
    </p>
   </div>
   <div class='ocr_carea' id='block_1_3' title="bbox 223 0 1936 185">
    <p class='ocr_par' dir='ltr' id='par_1_3' title="bbox 223 0 1936 185">
     <span class='ocr_line' id='line_1_3' title="bbox 966 0 1936 74; baseline 0 -21"><span class='ocrx_word' id='word_1_4' title='bbox 966 70 969 72; x_wconf 19' lang='lat'><strong><em>¹</em></strong></span> <span class='ocrx_word' id='word_1_5' title='bbox 1134 48 1138 50; x_wconf 73' lang='grc'>,</span> <span class='ocrx_word' id='word_1_6' title='bbox 1235 66 1298 74; x_wconf 54' lang='lat'><strong>„</strong></span> <span class='ocrx_word' id='word_1_7' title='bbox 1488 0 1936 79; x_wconf 51' lang='lat' dir='ltr'>„awa</span> 
     </span>
     <span class='ocr_line' id='line_1_4' title="bbox 223 93 1202 185; baseline -0.001 -21"><span class='ocrx_word' id='word_1_8' title='bbox 223 93 354 164; x_wconf 62' lang='lat'>&#39;448</span> <span class='ocrx_word' id='word_1_9' title='bbox 914 111 1025 181; x_wconf 68' lang='grc' dir='ltr'><strong>ῑιιΒ.</strong></span> <span class='ocrx_word' id='word_1_10' title='bbox 1062 117 1202 185; x_wconf 64' lang='lat' dir='ltr'>vnn:</span> 
     </span>
    </p>
   </div>
   <div class='ocr_carea' id='block_1_4' title="bbox 138 219 1896 2058">
    <p class='ocr_par' dir='ltr' id='par_1_4' title="bbox 183 219 1863 508">
     <span class='ocr_line' id='line_1_5' title="bbox 183 219 1858 298; baseline 0.003 -23"><span class='ocrx_word' id='word_1_11' title='bbox 183 219 186 222; x_wconf 42' lang='lat'><em>⁴</em></span> <span class='ocrx_word' id='word_1_12' title='bbox 253 243 472 275; x_wconf 91' lang='lat' dir='ltr'>manum</span> <span class='ocrx_word' id='word_1_13' title='bbox 507 222 832 274; x_wconf 84' lang='lat' dir='ltr'>Hamilcaris</span> <span class='ocrx_word' id='word_1_14' title='bbox 871 222 1081 277; x_wconf 82' lang='lat' dir='ltr'>odium!</span> <span class='ocrx_word' id='word_1_15' title='bbox 1147 225 1428 295; x_wconf 64' lang='lat' dir='ltr'>quattuor*</span> <span class='ocrx_word' id='word_1_16' title='bbox 1449 226 1592 279; x_wconf 88' lang='lat' dir='ltr'>enim</span> <span class='ocrx_word' id='word_1_17' title='bbox 1635 228 1858 298; x_wconf 88' lang='lat' dir='ltr'>puerilis</span> 
     </span>
     <span class='ocr_line' id='line_1_6' title="bbox 254 292 1860 360; baseline 0.002 -14"><span class='ocrx_word' id='word_1_18' title='bbox 254 294 446 346; x_wconf 87' lang='lat' dir='ltr'>aetatis</span> <span class='ocrx_word' id='word_1_19' title='bbox 470 292 609 344; x_wconf 89' lang='lat' dir='ltr'>filios</span> <span class='ocrx_word' id='word_1_20' title='bbox 631 292 868 360; x_wconf 78' lang='lat' dir='ltr'>intuenS,</span> <span class='ocrx_word' id='word_1_21' title='bbox 898 293 1139 347; x_wconf 90' lang='lat' dir='ltr'>eiusdem</span> <span class='ocrx_word' id='word_1_22' title='bbox 1162 296 1372 348; x_wconf 90' lang='lat' dir='ltr'>numeri</span> <span class='ocrx_word' id='word_1_23' title='bbox 1391 295 1597 349; x_wconf 89' lang='lat' dir='ltr'>catulos</span> <span class='ocrx_word' id='word_1_24' title='bbox 1618 297 1860 351; x_wconf 88' lang='lat' dir='ltr'>leoninos</span> 
     </span>
     <span class='ocr_line' id='line_1_7' title="bbox 253 363 1859 438; baseline 0.004 -24"><span class='ocrx_word' id='word_1_25' title='bbox 253 365 310 414; x_wconf 91' lang='lat' dir='ltr'>in</span> <span class='ocrx_word' id='word_1_26' title='bbox 359 363 658 433; x_wconf 88' lang='lat' dir='ltr'>perniciem</span> <span class='ocrx_word' id='word_1_27' title='bbox 707 363 922 435; x_wconf 89' lang='lat' dir='ltr'>imperii</span> <span class='ocrx_word' id='word_1_28' title='bbox 970 365 1143 418; x_wconf 82' lang='lat' dir='ltr'><strong>nostri</strong></span> <span class='ocrx_word' id='word_1_29' title='bbox 1194 365 1336 419; x_wconf 91' lang='lat' dir='ltr'>alere</span> <span class='ocrx_word' id='word_1_30' title='bbox 1383 386 1440 419; x_wconf 90' lang='lat' dir='ltr'>se</span> <span class='ocrx_word' id='word_1_31' title='bbox 1484 367 1859 438; x_wconf 86' lang='lat' dir='ltr'>praedicabat.</span> 
     </span>
     <span class='ocr_line' id='line_1_8' title="bbox 256 434 1863 508; baseline 0.005 -24"><span class='ocrx_word' id='word_1_32' title='bbox 256 434 423 503; x_wconf 91' lang='lat' dir='ltr'>digna</span> <span class='ocrx_word' id='word_1_33' title='bbox 449 434 812 501; x_wconf 81' lang='lat' dir='ltr'>nutrimenta,</span> <span class='ocrx_word' id='word_1_34' title='bbox 851 453 990 505; x_wconf 87' lang='lat' dir='ltr'>quae</span> <span class='ocrx_word' id='word_1_35' title='bbox 1017 435 1075 487; x_wconf 89' lang='lat' dir='ltr'>in</span> <span class='ocrx_word' id='word_1_36' title='bbox 1102 436 1331 489; x_wconf 82' lang='lat' dir='ltr'>exitium</span> <span class='ocrx_word' id='word_1_37' title='bbox 1356 439 1566 508; x_wconf 82' lang='lat' dir='ltr'>patriae</span> <span class='ocrx_word' id='word_1_38' title='bbox 1605 457 1760 506; x_wconf 84' lang='lat' dir='ltr'>suae,</span> <span class='ocrx_word' id='word_1_39' title='bbox 1801 447 1863 492; x_wconf 93' lang='lat' dir='ltr'>ut</span> 
     </span>
    </p>

    <p class='ocr_par' dir='ltr' id='par_1_5' title="bbox 211 505 948 570">
     <span class='ocr_line' id='line_1_9' title="bbox 211 505 948 570; baseline 0.003 -15"><span class='ocrx_word' id='word_1_40' title='bbox 211 522 231 554; x_wconf 85' lang='lat'>5</span> <span class='ocrx_word' id='word_1_41' title='bbox 255 505 451 570; x_wconf 81' lang='lat' dir='ltr'>euenit,</span> <span class='ocrx_word' id='word_1_42' title='bbox 482 511 948 557; x_wconf 89' lang='lat' dir='ltr'>conuerterentur.</span> 
     </span>
    </p>

    <p class='ocr_par' dir='ltr' id='par_1_6' title="bbox 253 574 1896 773">
     <span class='ocr_line' id='line_1_10' title="bbox 358 574 1860 648; baseline 0.003 -22"><span class='ocrx_word' id='word_1_43' title='bbox 358 575 408 627; x_wconf 85' lang='lat'>3.</span> <span class='ocrx_word' id='word_1_44' title='bbox 450 575 497 627; x_wconf 85' lang='lat' dir='ltr'>E</span> <span class='ocrx_word' id='word_1_45' title='bbox 525 574 721 645; x_wconf 89' lang='lat' dir='ltr'>quibus</span> <span class='ocrx_word' id='word_1_46' title='bbox 749 574 1034 629; x_wconf 88' lang='lat' dir='ltr'>Hannibal</span> <span class='ocrx_word' id='word_1_47' title='bbox 1071 584 1283 629; x_wconf 89' lang='lat' dir='ltr'>mature</span> <span class='ocrx_word' id='word_1_48' title='bbox 1319 576 1454 631; x_wconf 87' lang='lat' dir='ltr'>adeo</span> <span class='ocrx_word' id='word_1_49' title='bbox 1482 578 1661 648; x_wconf 86' lang='lat' dir='ltr'>patria</span> <span class='ocrx_word' id='word_1_50' title='bbox 1698 581 1860 631; x_wconf 90' lang='lat' dir='ltr'>uesti-</span> 
     </span>
     <span class='ocr_line' id='line_1_11' title="bbox 254 645 1860 719; baseline 0.002 -23"><span class='ocrx_word' id='word_1_51' title='bbox 254 645 346 715; x_wconf 91' lang='lat' dir='ltr'>gia</span> <span class='ocrx_word' id='word_1_52' title='bbox 393 645 718 698; x_wconf 77' lang='lat' dir='ltr'>subsecutus</span> <span class='ocrx_word' id='word_1_53' title='bbox 756 653 866 713; x_wconf 78' lang='lat' dir='ltr'>est,</span> <span class='ocrx_word' id='word_1_54' title='bbox 912 654 973 698; x_wconf 90' lang='lat' dir='ltr'>ut</span> <span class='ocrx_word' id='word_1_55' title='bbox 1009 664 1070 698; x_wconf 91' lang='lat' dir='ltr'>eo</span> <span class='ocrx_word' id='word_1_56' title='bbox 1108 648 1406 700; x_wconf 83' lang='lat' dir='ltr'>exercitum</span> <span class='ocrx_word' id='word_1_57' title='bbox 1440 648 1498 699; x_wconf 92' lang='lat' dir='ltr'>in</span> <span class='ocrx_word' id='word_1_58' title='bbox 1531 648 1860 719; x_wconf 82' lang='lat' dir='ltr'>Hispaniam</span> 
     </span>
     <span class='ocr_line' id='line_1_12' title="bbox 253 715 1896 773; baseline 0.003 -5"><span class='ocrx_word' id='word_1_59' title='bbox 253 715 546 768; x_wconf 81' lang='lat' dir='ltr'>traiecturo</span> <span class='ocrx_word' id='word_1_60' title='bbox 576 724 629 768; x_wconf 90' lang='lat' dir='ltr'>et</span> <span class='ocrx_word' id='word_1_61' title='bbox 656 716 724 768; x_wconf 91' lang='lat' dir='ltr'>ob</span> <span class='ocrx_word' id='word_1_62' title='bbox 752 716 810 768; x_wconf 90' lang='lat' dir='ltr'>id</span> <span class='ocrx_word' id='word_1_63' title='bbox 837 716 1178 769; x_wconf 89' lang='lat' dir='ltr'>sacrificante</span> <span class='ocrx_word' id='word_1_64' title='bbox 1204 736 1400 771; x_wconf 90' lang='lat' dir='ltr'>nouem</span> <span class='ocrx_word' id='word_1_65' title='bbox 1436 736 1702 771; x_wconf 89' lang='lat' dir='ltr'>annorum</span> <span class='ocrx_word' id='word_1_66' title='bbox 1728 729 1861 773; x_wconf 86' lang='lat' dir='ltr'>natu</span> <span class='ocrx_word' id='word_1_67' title='bbox 1893 763 1896 766; x_wconf 85' lang='lat'>.</span> 
     </span>
    </p>

    <p class='ocr_par' dir='ltr' id='par_1_7' title="bbox 138 785 1863 1334">
     <span class='ocr_line' id='line_1_13' title="bbox 138 785 1861 861; baseline 0.002 -23"><span class='ocrx_word' id='word_1_68' title='bbox 138 821 184 861; x_wconf 70' lang='lat'>{‘&#39;·</span> <span class='ocrx_word' id='word_1_69' title='bbox 254 785 451 839; x_wconf 88' lang='lat' dir='ltr'>altaria</span> <span class='ocrx_word' id='word_1_70' title='bbox 490 795 678 839; x_wconf 89' lang='lat' dir='ltr'>tenens</span> <span class='ocrx_word' id='word_1_71' title='bbox 718 786 926 839; x_wconf 88' lang='lat' dir='ltr'>iuraret</span> <span class='ocrx_word' id='word_1_72' title='bbox 963 805 1044 853; x_wconf 76' lang='lat' dir='ltr'>se,</span> <span class='ocrx_word' id='word_1_73' title='bbox 1086 806 1207 839; x_wconf 89' lang='lat' dir='ltr'>cum</span> <span class='ocrx_word' id='word_1_74' title='bbox 1245 788 1480 858; x_wconf 89' lang='lat' dir='ltr'>primum</span> <span class='ocrx_word' id='word_1_75' title='bbox 1505 807 1603 860; x_wconf 92' lang='lat' dir='ltr'>per</span> <span class='ocrx_word' id='word_1_76' title='bbox 1629 796 1861 842; x_wconf 84' lang='lat' dir='ltr'>aetatem</span> 
     </span>
     <span class='ocr_line' id='line_1_14' title="bbox 139 856 1860 928; baseline 0.001 -18"><span class='ocrx_word' id='word_1_77' title='bbox 139 868 148 876; x_wconf 78' lang='grc'><strong>“</strong></span> <span class='ocrx_word' id='word_1_78' title='bbox 181 857 539 927; x_wconf 74' lang='lat' dir='ltr'>‘101potuisset‚</span> <span class='ocrx_word' id='word_1_79' title='bbox 569 858 890 909; x_wconf 89' lang='lat' dir='ltr'>acerrimum</span> <span class='ocrx_word' id='word_1_80' title='bbox 907 856 1120 910; x_wconf 84' lang='lat' dir='ltr'>hostem</span> <span class='ocrx_word' id='word_1_81' title='bbox 1141 857 1328 928; x_wconf 91' lang='lat' dir='ltr'>populi</span> <span class='ocrx_word' id='word_1_82' title='bbox 1346 858 1579 912; x_wconf 88' lang='lat' dir='ltr'>Romani</span> <span class='ocrx_word' id='word_1_83' title='bbox 1599 859 1860 928; x_wconf 85' lang='lat' dir='ltr'>futurum,</span> 
     </span>
     <span class='ocr_line' id='line_1_15' title="bbox 255 923 1863 998; baseline 0.001 -18"><span class='ocrx_word' id='word_1_84' title='bbox 255 935 310 980; x_wconf 90' lang='lat' dir='ltr'>et</span> <span class='ocrx_word' id='word_1_85' title='bbox 345 923 798 998; x_wconf 83' lang='lat' dir='ltr'>pertinacissimis</span> <span class='ocrx_word' id='word_1_86' title='bbox 848 928 1101 998; x_wconf 86' lang='lat' dir='ltr'>precibus</span> <span class='ocrx_word' id='word_1_87' title='bbox 1145 929 1399 982; x_wconf 89' lang='lat' dir='ltr'>instantis</span> <span class='ocrx_word' id='word_1_88' title='bbox 1436 928 1566 982; x_wconf 91' lang='lat' dir='ltr'>belli</span> <span class='ocrx_word' id='word_1_89' title='bbox 1605 930 1863 983; x_wconf 89' lang='lat' dir='ltr'>commili-</span> 
     </span>
     <span class='ocr_line' id='line_1_16' title="bbox 254 998 1862 1082; baseline 0.001 -31"><span class='ocrx_word' id='word_1_90' title='bbox 254 999 389 1052; x_wconf 90' lang='lat' dir='ltr'>tium</span> <span class='ocrx_word' id='word_1_91' title='bbox 417 1017 484 1050; x_wconf 82' lang='lat' dir='ltr'>ex</span> <span class='ocrx_word' id='word_1_92' title='bbox 525 999 762 1050; x_wconf 91' lang='lat' dir='ltr'>rimeret.</span> <span class='ocrx_word' id='word_1_93' title='bbox 814 998 961 1050; x_wconf 87' lang='lat' dir='ltr'>idem</span> <span class='ocrx_word' id='word_1_94' title='bbox 989 999 1296 1068; x_wconf 88' lang='lat' dir='ltr'>significare</span> <span class='ocrx_word' id='word_1_95' title='bbox 1317 1001 1538 1071; x_wconf 89' lang='lat' dir='ltr'>cupiens</span> <span class='ocrx_word' id='word_1_96' title='bbox 1561 1009 1761 1082; x_wconf 70' lang='lat' dir='ltr'>quanto</span> <span class='ocrx_word' id='word_1_97' title='bbox 1784 1002 1862 1054; x_wconf 90' lang='lat' dir='ltr'>in-</span> 
     </span>
     <span class='ocr_line' id='line_1_17' title="bbox 253 1068 1863 1139; baseline 0.001 -17"><span class='ocrx_word' id='word_1_98' title='bbox 253 1077 336 1122; x_wconf 85' lang='lat' dir='ltr'>ter</span> <span class='ocrx_word' id='word_1_99' title='bbox 363 1088 420 1121; x_wconf 90' lang='lat' dir='ltr'>se</span> <span class='ocrx_word' id='word_1_100' title='bbox 449 1088 477 1121; x_wconf 96' lang='lat' dir='ltr'>o</span> <span class='ocrx_word' id='word_1_101' title='bbox 523 1070 573 1122; x_wconf 91' lang='lat' dir='ltr'>io</span> <span class='ocrx_word' id='word_1_102' title='bbox 601 1068 888 1138; x_wconf 85' lang='lat' dir='ltr'>Karthago</span> <span class='ocrx_word' id='word_1_103' title='bbox 919 1077 972 1121; x_wconf 90' lang='lat' dir='ltr'>et</span> <span class='ocrx_word' id='word_1_104' title='bbox 996 1069 1172 1122; x_wconf 90' lang='lat' dir='ltr'>Roma</span> <span class='ocrx_word' id='word_1_105' title='bbox 1199 1069 1542 1137; x_wconf 84' lang='lat' dir='ltr'>dissiderent,</span> <span class='ocrx_word' id='word_1_106' title='bbox 1569 1071 1776 1139; x_wconf 80' lang='lat' dir='ltr'>inflicto</span> <span class='ocrx_word' id='word_1_107' title='bbox 1806 1072 1863 1123; x_wconf 91' lang='lat' dir='ltr'>in</span> 
     </span>
     <span class='ocr_line' id='line_1_18' title="bbox 255 1139 1863 1211; baseline 0.001 -19"><span class='ocrx_word' id='word_1_108' title='bbox 255 1147 457 1192; x_wconf 91' lang='lat' dir='ltr'>terram</span> <span class='ocrx_word' id='word_1_109' title='bbox 476 1139 615 1210; x_wconf 88' lang='lat' dir='ltr'>pede</span> <span class='ocrx_word' id='word_1_110' title='bbox 639 1140 900 1192; x_wconf 88' lang='lat' dir='ltr'>suscitato</span> <span class='ocrx_word' id='word_1_111' title='bbox 941 1159 1007 1191; x_wconf 90' lang='lat' dir='ltr'>ue</span> <span class='ocrx_word' id='word_1_112' title='bbox 1028 1139 1271 1211; x_wconf 84' lang='lat' dir='ltr'>puluere,</span> <span class='ocrx_word' id='word_1_113' title='bbox 1295 1148 1409 1193; x_wconf 86' lang='lat' dir='ltr'>tum</span> <span class='ocrx_word' id='word_1_114' title='bbox 1428 1142 1572 1194; x_wconf 91' lang='lat' dir='ltr'>inter</span> <span class='ocrx_word' id='word_1_115' title='bbox 1593 1161 1683 1195; x_wconf 87' lang='lat' dir='ltr'>eas</span> <span class='ocrx_word' id='word_1_116' title='bbox 1701 1142 1863 1194; x_wconf 88' lang='lat' dir='ltr'>finem</span> 
     </span>
     <span class='ocr_line' id='line_1_19' title="bbox 191 1210 1861 1284; baseline 0.001 -21"><span class='ocrx_word' id='word_1_117' title='bbox 191 1210 371 1275; x_wconf 66' lang='lat' dir='ltr'>153fore</span> <span class='ocrx_word' id='word_1_118' title='bbox 396 1211 527 1263; x_wconf 90' lang='lat' dir='ltr'>belli</span> <span class='ocrx_word' id='word_1_119' title='bbox 555 1210 711 1274; x_wconf 77' lang='lat' dir='ltr'>dixit,</span> <span class='ocrx_word' id='word_1_120' title='bbox 744 1229 866 1262; x_wconf 90' lang='lat' dir='ltr'>cum</span> <span class='ocrx_word' id='word_1_121' title='bbox 894 1229 925 1262; x_wconf 89' lang='lat' dir='ltr'>a</span> <span class='ocrx_word' id='word_1_122' title='bbox 949 1218 1157 1263; x_wconf 87' lang='lat' dir='ltr'>terutra</span> <span class='ocrx_word' id='word_1_123' title='bbox 1175 1212 1306 1265; x_wconf 85' lang='lat' dir='ltr'>urbs</span> <span class='ocrx_word' id='word_1_124' title='bbox 1328 1211 1385 1263; x_wconf 92' lang='lat' dir='ltr'>in</span> <span class='ocrx_word' id='word_1_125' title='bbox 1404 1212 1656 1266; x_wconf 86' lang='lat' dir='ltr'>habitum</span> <span class='ocrx_word' id='word_1_126' title='bbox 1677 1211 1861 1284; x_wconf 87' lang='lat' dir='ltr'>pulue-</span> 
     </span>
     <span class='ocr_line' id='line_1_20' title="bbox 258 1280 770 1334; baseline -0.002 -1"><span class='ocrx_word' id='word_1_127' title='bbox 258 1282 332 1334; x_wconf 83' lang='lat' dir='ltr'>ris</span> <span class='ocrx_word' id='word_1_128' title='bbox 362 1289 506 1333; x_wconf 86' lang='lat' dir='ltr'>esset</span> <span class='ocrx_word' id='word_1_129' title='bbox 531 1280 770 1334; x_wconf 84' lang='lat' dir='ltr'>redacta.</span> 
     </span>
    </p>

    <p class='ocr_par' dir='ltr' id='par_1_8' title="bbox 254 1351 1864 1563">
     <span class='ocr_line' id='line_1_21' title="bbox 358 1351 1862 1423; baseline 0.001 -20"><span class='ocrx_word' id='word_1_130' title='bbox 358 1351 409 1403; x_wconf 88' lang='grc'>4.</span> <span class='ocrx_word' id='word_1_131' title='bbox 448 1351 513 1403; x_wconf 90' lang='lat' dir='ltr'>In</span> <span class='ocrx_word' id='word_1_132' title='bbox 551 1351 747 1422; x_wconf 90' lang='lat' dir='ltr'>puerili</span> <span class='ocrx_word' id='word_1_133' title='bbox 785 1360 1004 1422; x_wconf 87' lang='lat' dir='ltr'>pectore</span> <span class='ocrx_word' id='word_1_134' title='bbox 1040 1359 1251 1403; x_wconf 90' lang='lat' dir='ltr'>tantum</span> <span class='ocrx_word' id='word_1_135' title='bbox 1278 1352 1361 1403; x_wconf 88' lang='lat' dir='ltr'>uis</span> <span class='ocrx_word' id='word_1_136' title='bbox 1390 1352 1500 1404; x_wconf 88' lang='lat' dir='ltr'>odii</span> <span class='ocrx_word' id='word_1_137' title='bbox 1526 1354 1728 1423; x_wconf 79' lang='lat' dir='ltr'>potuit,</span> <span class='ocrx_word' id='word_1_138' title='bbox 1767 1353 1862 1405; x_wconf 89' lang='lat' dir='ltr'>sed</span> 
     </span>
     <span class='ocr_line' id='line_1_22' title="bbox 254 1421 1862 1494; baseline 0.001 -20"><span class='ocrx_word' id='word_1_139' title='bbox 254 1424 311 1474; x_wconf 92' lang='lat' dir='ltr'>in</span> <span class='ocrx_word' id='word_1_140' title='bbox 336 1422 654 1475; x_wconf 90' lang='lat' dir='ltr'>mulieribus</span> <span class='ocrx_word' id='word_1_141' title='bbox 691 1441 904 1492; x_wconf 89' lang='lat' dir='ltr'>quoque</span> <span class='ocrx_word' id='word_1_142' title='bbox 939 1441 1107 1492; x_wconf 86' lang='lat' dir='ltr'>aeque</span> <span class='ocrx_word' id='word_1_143' title='bbox 1133 1421 1361 1474; x_wconf 81' lang='lat' dir='ltr'>multum</span> <span class='ocrx_word' id='word_1_144' title='bbox 1385 1421 1575 1476; x_wconf 89' lang='lat' dir='ltr'>ualuit.</span> <span class='ocrx_word' id='word_1_145' title='bbox 1629 1442 1862 1494; x_wconf 91' lang='lat' dir='ltr'>namque</span> 
     </span>
     <span class='ocr_line' id='line_1_23' title="bbox 257 1492 1864 1563; baseline -0.001 -17"><span class='ocrx_word' id='word_1_146' title='bbox 257 1493 599 1559; x_wconf 79' lang='lat' dir='ltr'>Samiramis,</span> <span class='ocrx_word' id='word_1_147' title='bbox 629 1493 983 1563; x_wconf 87' lang='lat' dir='ltr'>Assyriorum</span> <span class='ocrx_word' id='word_1_148' title='bbox 1009 1493 1227 1561; x_wconf 78' lang='lat' dir='ltr'>regina,</span> <span class='ocrx_word' id='word_1_149' title='bbox 1267 1511 1387 1545; x_wconf 91' lang='lat' dir='ltr'>cum</span> <span class='ocrx_word' id='word_1_150' title='bbox 1415 1493 1463 1545; x_wconf 85' lang='lat' dir='ltr'>ei</span> <span class='ocrx_word' id='word_1_151' title='bbox 1490 1494 1635 1546; x_wconf 84' lang='lat' dir='ltr'>circa</span> <span class='ocrx_word' id='word_1_152' title='bbox 1661 1492 1864 1546; x_wconf 79' lang='lat' dir='ltr'>cultum</span> 
     </span>
    </p>

    <p class='ocr_par' dir='ltr' id='par_1_9' title="bbox 192 1563 1866 1918">
     <span class='ocr_line' id='line_1_24' title="bbox 192 1563 1862 1634; baseline -0.002 -15"><span class='ocrx_word' id='word_1_153' title='bbox 192 1587 234 1619; x_wconf 84' lang='lat'>20</span> <span class='ocrx_word' id='word_1_154' title='bbox 257 1563 450 1634; x_wconf 88' lang='lat' dir='ltr'>capitis</span> <span class='ocrx_word' id='word_1_155' title='bbox 490 1564 573 1614; x_wconf 93' lang='lat' dir='ltr'>sui</span> <span class='ocrx_word' id='word_1_156' title='bbox 607 1571 902 1634; x_wconf 88' lang='lat' dir='ltr'>occupatae</span> <span class='ocrx_word' id='word_1_157' title='bbox 940 1564 1252 1615; x_wconf 86' lang='lat' dir='ltr'>nuntiatum</span> <span class='ocrx_word' id='word_1_158' title='bbox 1289 1572 1431 1616; x_wconf 89' lang='lat' dir='ltr'>esset</span> <span class='ocrx_word' id='word_1_159' title='bbox 1457 1563 1745 1634; x_wconf 86' lang='lat' dir='ltr'>Babylona</span> <span class='ocrx_word' id='word_1_160' title='bbox 1772 1563 1862 1616; x_wconf 90' lang='lat' dir='ltr'>de-</span> 
     </span>
     <span class='ocr_line' id='line_1_25' title="bbox 255 1632 1864 1704; baseline 0 -18"><span class='ocrx_word' id='word_1_161' title='bbox 255 1633 469 1700; x_wconf 83' lang='lat' dir='ltr'>fecisse,</span> <span class='ocrx_word' id='word_1_162' title='bbox 499 1632 671 1686; x_wconf 85' lang='lat' dir='ltr'>altera</span> <span class='ocrx_word' id='word_1_163' title='bbox 696 1641 849 1704; x_wconf 86' lang='lat' dir='ltr'>parte</span> <span class='ocrx_word' id='word_1_164' title='bbox 877 1634 1109 1685; x_wconf 88' lang='lat' dir='ltr'>crinium</span> <span class='ocrx_word' id='word_1_165' title='bbox 1130 1633 1307 1686; x_wconf 88' lang='lat' dir='ltr'>adhuc</span> <span class='ocrx_word' id='word_1_166' title='bbox 1328 1633 1505 1686; x_wconf 83' lang='lat' dir='ltr'>soluta</span> <span class='ocrx_word' id='word_1_167' title='bbox 1524 1635 1772 1704; x_wconf 85' lang='lat' dir='ltr'>protinus</span> <span class='ocrx_word' id='word_1_168' title='bbox 1794 1634 1864 1686; x_wconf 91' lang='lat' dir='ltr'>ad</span> 
     </span>
     <span class='ocr_line' id='line_1_26' title="bbox 255 1704 1863 1775; baseline 0 -18"><span class='ocrx_word' id='word_1_169' title='bbox 255 1723 372 1757; x_wconf 89' lang='lat' dir='ltr'>eam</span> <span class='ocrx_word' id='word_1_170' title='bbox 401 1704 824 1774; x_wconf 79' lang='lat' dir='ltr'>expugnandam</span> <span class='ocrx_word' id='word_1_171' title='bbox 851 1706 1090 1757; x_wconf 89' lang='lat' dir='ltr'>cucurrit</span> <span class='ocrx_word' id='word_1_172' title='bbox 1114 1722 1212 1756; x_wconf 92' lang='lat' dir='ltr'>nec</span> <span class='ocrx_word' id='word_1_173' title='bbox 1247 1705 1396 1774; x_wconf 91' lang='lat' dir='ltr'>prius</span> <span class='ocrx_word' id='word_1_174' title='bbox 1425 1705 1672 1757; x_wconf 89' lang='lat' dir='ltr'>decorem</span> <span class='ocrx_word' id='word_1_175' title='bbox 1700 1704 1863 1775; x_wconf 88' lang='lat' dir='ltr'>capil-</span> 
     </span>
     <span class='ocr_line' id='line_1_27' title="bbox 255 1774 1866 1845; baseline 0.001 -19"><span class='ocrx_word' id='word_1_176' title='bbox 255 1774 432 1828; x_wconf 92' lang='lat' dir='ltr'>lorum</span> <span class='ocrx_word' id='word_1_177' title='bbox 458 1778 515 1827; x_wconf 91' lang='lat' dir='ltr'>in</span> <span class='ocrx_word' id='word_1_178' title='bbox 542 1774 790 1828; x_wconf 89' lang='lat' dir='ltr'>ordinem</span> <span class='ocrx_word' id='word_1_179' title='bbox 818 1793 980 1845; x_wconf 87' lang='lat' dir='ltr'>quam</span> <span class='ocrx_word' id='word_1_180' title='bbox 1015 1783 1184 1828; x_wconf 88' lang='lat' dir='ltr'>totam</span> <span class='ocrx_word' id='word_1_181' title='bbox 1219 1775 1410 1828; x_wconf 91' lang='lat' dir='ltr'>urbem</span> <span class='ocrx_word' id='word_1_182' title='bbox 1445 1775 1500 1827; x_wconf 87' lang='lat' dir='ltr'>in</span> <span class='ocrx_word' id='word_1_183' title='bbox 1577 1783 1866 1829; x_wconf 88' lang='lat' dir='ltr'>otestatem</span> 
     </span>
     <span class='ocr_line' id='line_1_28' title="bbox 257 1845 1865 1918; baseline -0.001 -20"><span class='ocrx_word' id='word_1_184' title='bbox 257 1865 411 1898; x_wconf 89' lang='lat' dir='ltr'>suam</span> <span class='ocrx_word' id='word_1_185' title='bbox 435 1845 669 1914; x_wconf 82' lang='lat' dir='ltr'>redegit.</span> <span class='ocrx_word' id='word_1_186' title='bbox 742 1846 994 1916; x_wconf 90' lang='lat' dir='ltr'>quocirca</span> <span class='ocrx_word' id='word_1_187' title='bbox 1021 1854 1205 1898; x_wconf 90' lang='lat' dir='ltr'>statua</span> <span class='ocrx_word' id='word_1_188' title='bbox 1233 1846 1346 1898; x_wconf 91' lang='lat' dir='ltr'>eius</span> <span class='ocrx_word' id='word_1_189' title='bbox 1376 1846 1535 1918; x_wconf 85' lang='lat' dir='ltr'>Baby</span> <span class='ocrx_word' id='word_1_190' title='bbox 1559 1865 1659 1900; x_wconf 89' lang='lat' dir='ltr'>one</span> <span class='ocrx_word' id='word_1_191' title='bbox 1684 1845 1865 1916; x_wconf 89' lang='lat' dir='ltr'>posita</span> 
     </span>
    </p>

    <p class='ocr_par' dir='ltr' id='par_1_10' title="bbox 191 1915 1864 2058">
     <span class='ocr_line' id='line_1_29' title="bbox 191 1915 1864 1987; baseline -0.002 -15"><span class='ocrx_word' id='word_1_192' title='bbox 191 1940 233 1972; x_wconf 84' lang='lat'>25</span> <span class='ocrx_word' id='word_1_193' title='bbox 256 1925 339 1969; x_wconf 86' lang='lat' dir='ltr'>est</span> <span class='ocrx_word' id='word_1_194' title='bbox 363 1915 456 1970; x_wconf 94' lang='lat' dir='ltr'>illo</span> <span class='ocrx_word' id='word_1_195' title='bbox 483 1916 695 1982; x_wconf 83' lang='lat' dir='ltr'>habitu,</span> <span class='ocrx_word' id='word_1_196' title='bbox 725 1934 828 1987; x_wconf 90' lang='lat' dir='ltr'>quo</span> <span class='ocrx_word' id='word_1_197' title='bbox 857 1915 928 1968; x_wconf 90' lang='lat' dir='ltr'>ad</span> <span class='ocrx_word' id='word_1_198' title='bbox 954 1915 1217 1970; x_wconf 88' lang='lat' dir='ltr'>ultionem</span> <span class='ocrx_word' id='word_1_199' title='bbox 1243 1915 1570 1986; x_wconf 83' lang='lat' dir='ltr'>exigendam</span> <span class='ocrx_word' id='word_1_200' title='bbox 1587 1916 1864 1970; x_wconf 88' lang='lat' dir='ltr'>celeritate</span> 
     </span>
     <span class='ocr_line' id='line_1_30' title="bbox 258 1987 893 2058; baseline 0 -19"><span class='ocrx_word' id='word_1_201' title='bbox 258 1987 545 2058; x_wconf 88' lang='lat' dir='ltr'>praecipiti</span> <span class='ocrx_word' id='word_1_202' title='bbox 573 1987 821 2039; x_wconf 86' lang='lat' dir='ltr'>tetendit.</span> <span class='ocrx_word' id='word_1_203' title='bbox 890 2010 893 2014; x_wconf 91' lang='lat'>·</span> 
     </span>
    </p>
   </div>
   <div class='ocr_carea' id='block_1_5' title="bbox 79 2144 1864 2211">
    <p class='ocr_par' dir='ltr' id='par_1_11' title="bbox 79 2144 1864 2211">
     <span class='ocr_line' id='line_1_31' title="bbox 79 2144 1864 2211; baseline -0.003 -15"><span class='ocrx_word' id='word_1_204' title='bbox 79 2183 83 2186; x_wconf 60' lang='grc'>«</span> <span class='ocrx_word' id='word_1_205' title='bbox 143 2162 233 2196; x_wconf 82' lang='lat' dir='ltr'>Par.</span> <span class='ocrx_word' id='word_1_206' title='bbox 259 2150 304 2194; x_wconf 92' lang='lat' dir='ltr'>in</span> <span class='ocrx_word' id='word_1_207' title='bbox 341 2149 583 2208; x_wconf 81' lang='lat' dir='ltr'>perniciem</span> <span class='ocrx_word' id='word_1_208' title='bbox 620 2147 777 2208; x_wconf 88' lang='lat' dir='ltr'>populi</span> <span class='ocrx_word' id='word_1_209' title='bbox 803 2144 989 2193; x_wconf 76' lang='lat' dir='ltr'>Romani</span> <span class='ocrx_word' id='word_1_210' title='bbox 1027 2148 1146 2193; x_wconf 81' lang='lat' dir='ltr'>alere</span> <span class='ocrx_word' id='word_1_211' title='bbox 1184 2148 1371 2193; x_wconf 83' lang='lat' dir='ltr'>dicebat.</span> <span class='ocrx_word' id='word_1_212' title='bbox 1447 2150 1486 2193; x_wconf 88' lang='lat'>3.</span> <span class='ocrx_word' id='word_1_213' title='bbox 1526 2147 1746 2211; x_wconf 47' lang='lat' dir='ltr'>&#39;Hannibal</span> <span class='ocrx_word' id='word_1_214' title='bbox 1774 2148 1864 2207; x_wconf 79' lang='lat' dir='ltr'>sig-</span> 
     </span>
    </p>
   </div>
   <div class='ocr_carea' id='block_1_6' title="bbox 258 2217 1865 2349">
    <p class='ocr_par' dir='ltr' id='par_1_12' title="bbox 258 2217 1865 2349">
     <span class='ocr_line' id='line_1_32' title="bbox 258 2217 1865 2279; baseline -0.001 -15"><span class='ocrx_word' id='word_1_215' title='bbox 258 2218 440 2264; x_wconf 81' lang='lat' dir='ltr'>nificare</span> <span class='ocrx_word' id='word_1_216' title='bbox 477 2219 685 2278; x_wconf 88' lang='lat' dir='ltr'>cupiens,</span> <span class='ocrx_word' id='word_1_217' title='bbox 725 2224 942 2278; x_wconf 82' lang='lat' dir='ltr'>quantum</span> <span class='ocrx_word' id='word_1_218' title='bbox 971 2219 1087 2262; x_wconf 81' lang='lat' dir='ltr'>inter</span> <span class='ocrx_word' id='word_1_219' title='bbox 1114 2231 1163 2263; x_wconf 89' lang='lat' dir='ltr'>se</span> <span class='ocrx_word' id='word_1_220' title='bbox 1189 2218 1412 2279; x_wconf 75' lang='lat' dir='ltr'>Carthago</span> <span class='ocrx_word' id='word_1_221' title='bbox 1441 2224 1484 2263; x_wconf 81' lang='lat' dir='ltr'>et</span> <span class='ocrx_word' id='word_1_222' title='bbox 1511 2218 1650 2263; x_wconf 83' lang='lat' dir='ltr'>Roma</span> <span class='ocrx_word' id='word_1_223' title='bbox 1678 2217 1865 2263; x_wconf 86' lang='lat' dir='ltr'>disside-</span> 
     </span>
     <span class='ocr_line' id='line_1_33' title="bbox 258 2287 1865 2349; baseline -0.001 -14"><span class='ocrx_word' id='word_1_224' title='bbox 258 2295 385 2340; x_wconf 83' lang='lat' dir='ltr'>rent,</span> <span class='ocrx_word' id='word_1_225' title='bbox 422 2289 592 2334; x_wconf 82' lang='lat' dir='ltr'>inssicto</span> <span class='ocrx_word' id='word_1_226' title='bbox 620 2291 663 2334; x_wconf 89' lang='lat' dir='ltr'>in</span> <span class='ocrx_word' id='word_1_227' title='bbox 695 2295 856 2334; x_wconf 82' lang='lat' dir='ltr'>terram</span> <span class='ocrx_word' id='word_1_228' title='bbox 885 2288 996 2349; x_wconf 84' lang='lat' dir='ltr'>pede</span> <span class='ocrx_word' id='word_1_229' title='bbox 1037 2290 1346 2349; x_wconf 80' lang='lat' dir='ltr'>suscitatoque</span> <span class='ocrx_word' id='word_1_230' title='bbox 1383 2288 1573 2349; x_wconf 84' lang='lat' dir='ltr'>puluere</span> <span class='ocrx_word' id='word_1_231' title='bbox 1608 2295 1704 2334; x_wconf 86' lang='lat' dir='ltr'>tum</span> <span class='ocrx_word' id='word_1_232' title='bbox 1732 2287 1865 2333; x_wconf 86' lang='lat' dir='ltr'>finem</span> 
     </span>
    </p>
   </div>
   <div class='ocr_carea' id='block_1_7' title="bbox 115 2349 1867 2419">
    <p class='ocr_par' dir='ltr' id='par_1_13' title="bbox 115 2349 1867 2419">
     <span class='ocr_line' id='line_1_34' title="bbox 115 2349 1867 2419; baseline -0.002 -11"><span class='ocrx_word' id='word_1_233' title='bbox 115 2349 119 2351; x_wconf 12' lang='grc' dir='ltr'><strong>Α</strong></span> <span class='ocrx_word' id='word_1_234' title='bbox 194 2376 236 2408; x_wconf 87' lang='lat'>30</span> <span class='ocrx_word' id='word_1_235' title='bbox 258 2360 364 2405; x_wconf 87' lang='lat' dir='ltr'>belli</span> <span class='ocrx_word' id='word_1_236' title='bbox 390 2361 510 2406; x_wconf 85' lang='lat' dir='ltr'>inter</span> <span class='ocrx_word' id='word_1_237' title='bbox 537 2375 612 2406; x_wconf 81' lang='lat' dir='ltr'>eas</span> <span class='ocrx_word' id='word_1_238' title='bbox 640 2359 739 2405; x_wconf 84' lang='lat' dir='ltr'>fore</span> <span class='ocrx_word' id='word_1_239' title='bbox 765 2359 898 2410; x_wconf 81' lang='lat' dir='ltr'>dixit,</span> <span class='ocrx_word' id='word_1_240' title='bbox 941 2373 1042 2404; x_wconf 84' lang='lat' dir='ltr'>curn</span> <span class='ocrx_word' id='word_1_241' title='bbox 1077 2359 1291 2405; x_wconf 82' lang='lat' dir='ltr'>alterutra</span> <span class='ocrx_word' id='word_1_242' title='bbox 1330 2360 1436 2405; x_wconf 88' lang='lat' dir='ltr'>urbs</span> <span class='ocrx_word' id='word_1_243' title='bbox 1465 2360 1509 2404; x_wconf 84' lang='lat' dir='ltr'>in</span> <span class='ocrx_word' id='word_1_244' title='bbox 1538 2358 1770 2419; x_wconf 85' lang='lat' dir='ltr'>puluerem</span> <span class='ocrx_word' id='word_1_245' title='bbox 1798 2373 1867 2404; x_wconf 90' lang='lat' dir='ltr'>es·</span> 
     </span>
    </p>
   </div>
   <div class='ocr_carea' id='block_1_8' title="bbox 259 2431 547 2478">
    <p class='ocr_par' dir='ltr' id='par_1_14' title="bbox 259 2431 547 2478">
     <span class='ocr_line' id='line_1_35' title="bbox 259 2431 547 2478; baseline -0.007 -1"><span class='ocrx_word' id='word_1_246' title='bbox 259 2438 329 2477; x_wconf 87' lang='lat' dir='ltr'>set</span> <span class='ocrx_word' id='word_1_247' title='bbox 354 2431 547 2478; x_wconf 79' lang='lat' dir='ltr'>redacta.</span> 
     </span>
    </p>
   </div>
   <div class='ocr_carea' id='block_1_9' title="bbox 259 2575 1888 2977">
    <p class='ocr_par' dir='ltr' id='par_1_15' title="bbox 259 2575 1888 2977">
     <span class='ocr_line' id='line_1_36' title="bbox 375 2575 1866 2634; baseline -0.003 -11"><span class='ocrx_word' id='word_1_248' title='bbox 375 2585 395 2623; x_wconf 94' lang='lat'>1</span> <span class='ocrx_word' id='word_1_249' title='bbox 422 2582 685 2624; x_wconf 87' lang='lat' dir='ltr'>amilcharis</span> <span class='ocrx_word' id='word_1_250' title='bbox 708 2583 750 2622; x_wconf 89' lang='lat' dir='ltr'><em>B</em></span> <span class='ocrx_word' id='word_1_251' title='bbox 830 2585 854 2622; x_wconf 83' lang='lat'>2</span> <span class='ocrx_word' id='word_1_252' title='bbox 879 2581 1127 2634; x_wconf 87' lang='lat' dir='ltr'>eiusdemq.</span> <span class='ocrx_word' id='word_1_253' title='bbox 1152 2575 1205 2622; x_wconf 87' lang='lat' dir='ltr'>B&#39;</span> <span class='ocrx_word' id='word_1_254' title='bbox 1284 2584 1308 2623; x_wconf 83' lang='lat'>5</span> <span class='ocrx_word' id='word_1_255' title='bbox 1333 2584 1657 2623; x_wconf 81' lang='lat' dir='ltr'>conuerterunt</span> <span class='ocrx_word' id='word_1_256' title='bbox 1677 2581 1733 2633; x_wconf 87' lang='lat' dir='ltr'>B,</span> <span class='ocrx_word' id='word_1_257' title='bbox 1760 2593 1866 2620; x_wconf 85' lang='lat' dir='ltr'>con—</span> 
     </span>
     <span class='ocr_line' id='line_1_37' title="bbox 259 2638 1865 2693; baseline -0.003 -13"><span class='ocrx_word' id='word_1_258' title='bbox 259 2643 496 2681; x_wconf 81' lang='lat' dir='ltr'>uerterent</span> <span class='ocrx_word' id='word_1_259' title='bbox 516 2640 558 2680; x_wconf 91' lang='lat' dir='ltr'><em>B</em></span> <span class='ocrx_word' id='word_1_260' title='bbox 579 2654 643 2693; x_wconf 69' lang='lat' dir='ltr'>my</span> <span class='ocrx_word' id='word_1_261' title='bbox 717 2642 741 2680; x_wconf 87' lang='lat'>6</span> <span class='ocrx_word' id='word_1_262' title='bbox 763 2640 944 2692; x_wconf 82' lang='lat' dir='ltr'>patriae</span> <span class='ocrx_word' id='word_1_263' title='bbox 967 2639 1007 2678; x_wconf 93' lang='lat' dir='ltr'><em>B</em></span> <span class='ocrx_word' id='word_1_264' title='bbox 1081 2640 1130 2678; x_wconf 90' lang='grc'>11</span> <span class='ocrx_word' id='word_1_265' title='bbox 1157 2643 1202 2680; x_wconf 86' lang='lat' dir='ltr'>et</span> <span class='ocrx_word' id='word_1_266' title='bbox 1223 2652 1325 2680; x_wconf 79' lang='lat' dir='ltr'>nos:</span> <span class='ocrx_word' id='word_1_267' title='bbox 1358 2652 1433 2680; x_wconf 88' lang='lat' dir='ltr'>om.</span> <span class='ocrx_word' id='word_1_268' title='bbox 1457 2638 1510 2687; x_wconf 88' lang='lat' dir='ltr'>B,</span> <span class='ocrx_word' id='word_1_269' title='bbox 1534 2642 1585 2679; x_wconf 81' lang='lat' dir='ltr'>ut</span> <span class='ocrx_word' id='word_1_270' title='bbox 1606 2638 1628 2679; x_wconf 83' lang='lat' dir='ltr'><em>b</em></span> <span class='ocrx_word' id='word_1_271' title='bbox 1698 2639 1750 2677; x_wconf 82' lang='lat'>14</span> <span class='ocrx_word' id='word_1_272' title='bbox 1771 2640 1865 2676; x_wconf 84' lang='lat' dir='ltr'>tum</span> 
     </span>
     <span class='ocr_line' id='line_1_38' title="bbox 261 2696 1863 2748; baseline -0.001 -12"><span class='ocrx_word' id='word_1_273' title='bbox 261 2698 324 2737; x_wconf 86' lang='lat' dir='ltr'>P:</span> <span class='ocrx_word' id='word_1_274' title='bbox 363 2700 474 2736; x_wconf 81' lang='lat' dir='ltr'>tunc</span> <span class='ocrx_word' id='word_1_275' title='bbox 503 2697 544 2736; x_wconf 88' lang='lat' dir='ltr'><em>B</em></span> <span class='ocrx_word' id='word_1_276' title='bbox 635 2697 685 2736; x_wconf 88' lang='lat'>15</span> <span class='ocrx_word' id='word_1_277' title='bbox 726 2697 833 2736; x_wconf 87' lang='lat' dir='ltr'>urbs</span> <span class='ocrx_word' id='word_1_278' title='bbox 864 2697 904 2736; x_wconf 92' lang='lat' dir='ltr'><em>P</em></span> <span class='ocrx_word' id='word_1_279' title='bbox 931 2702 973 2735; x_wconf 86' lang='lat' dir='ltr'>et</span> <span class='ocrx_word' id='word_1_280' title='bbox 1000 2697 1043 2735; x_wconf 84' lang='lat' dir='ltr'>in</span> <span class='ocrx_word' id='word_1_281' title='bbox 1072 2708 1160 2737; x_wconf 79' lang='lat' dir='ltr'>ras.</span> <span class='ocrx_word' id='word_1_282' title='bbox 1192 2696 1257 2736; x_wconf 88' lang='lat' dir='ltr'>B:</span> <span class='ocrx_word' id='word_1_283' title='bbox 1298 2708 1406 2748; x_wconf 83' lang='lat' dir='ltr'>pars</span> <span class='ocrx_word' id='word_1_284' title='bbox 1437 2696 1540 2738; x_wconf 81' lang='lat' dir='ltr'>dett.</span> <span class='ocrx_word' id='word_1_285' title='bbox 1573 2696 1753 2748; x_wconf 81' lang='lat' dir='ltr'>aliquot,</span> <span class='ocrx_word' id='word_1_286' title='bbox 1786 2705 1863 2735; x_wconf 87' lang='lat' dir='ltr'>om.</span> 
     </span>
     <span class='ocr_line' id='line_1_39' title="bbox 261 2744 1865 2806; baseline -0.002 -14"><span class='ocrx_word' id='word_1_287' title='bbox 261 2752 444 2805; x_wconf 72' lang='lat' dir='ltr'>Kempf:</span> <span class='ocrx_word' id='word_1_288' title='bbox 477 2759 521 2792; x_wconf 85' lang='lat' dir='ltr'>at</span> <span class='ocrx_word' id='word_1_289' title='bbox 541 2766 683 2793; x_wconf 83' lang='lat' dir='ltr'>uocem</span> <span class='ocrx_word' id='word_1_290' title='bbox 705 2755 886 2806; x_wconf 82' lang='lat' dir='ltr'>aliquam</span> <span class='ocrx_word' id='word_1_291' title='bbox 905 2754 947 2792; x_wconf 84' lang='lat' dir='ltr'>in</span> <span class='ocrx_word' id='word_1_292' title='bbox 969 2744 1025 2791; x_wconf 88' lang='lat' dir='ltr'>B&#39;</span> <span class='ocrx_word' id='word_1_293' title='bbox 1044 2752 1200 2802; x_wconf 79' lang='lat' dir='ltr'>faisse,</span> <span class='ocrx_word' id='word_1_294' title='bbox 1225 2766 1283 2792; x_wconf 78' lang='lat' dir='ltr'>ex</span> <span class='ocrx_word' id='word_1_295' title='bbox 1303 2755 1394 2793; x_wconf 86' lang='lat' dir='ltr'>loco</span> <span class='ocrx_word' id='word_1_296' title='bbox 1415 2765 1570 2799; x_wconf 83' lang='lat' dir='ltr'>uacuo,</span> <span class='ocrx_word' id='word_1_297' title='bbox 1593 2752 1635 2791; x_wconf 84' lang='lat' dir='ltr'>in</span> <span class='ocrx_word' id='word_1_298' title='bbox 1657 2763 1736 2803; x_wconf 82' lang='lat' dir='ltr'>quo</span> <span class='ocrx_word' id='word_1_299' title='bbox 1758 2750 1865 2789; x_wconf 86' lang='lat' dir='ltr'>urbs</span> 
     </span>
     <span class='ocr_line' id='line_1_40' title="bbox 261 2804 1866 2862; baseline -0.002 -14"><span class='ocrx_word' id='word_1_300' title='bbox 261 2811 462 2862; x_wconf 76' lang='lat' dir='ltr'>scriptam</span> <span class='ocrx_word' id='word_1_301' title='bbox 483 2815 560 2857; x_wconf 80' lang='lat' dir='ltr'>est,</span> <span class='ocrx_word' id='word_1_302' title='bbox 583 2816 772 2862; x_wconf 81' lang='lat' dir='ltr'>apparet</span> <span class='ocrx_word' id='word_1_303' title='bbox 831 2811 883 2850; x_wconf 86' lang='lat'>19</span> <span class='ocrx_word' id='word_1_304' title='bbox 907 2809 1163 2849; x_wconf 82' lang='lat' dir='ltr'>Samiramis</span> <span class='ocrx_word' id='word_1_305' title='bbox 1194 2809 1236 2848; x_wconf 92' lang='lat' dir='ltr'><em>B</em></span> <span class='ocrx_word' id='word_1_306' title='bbox 1257 2822 1370 2851; x_wconf 79' lang='lat' dir='ltr'>corr.</span> <span class='ocrx_word' id='word_1_307' title='bbox 1394 2822 1415 2849; x_wconf 84' lang='lat' dir='ltr'>e</span> <span class='ocrx_word' id='word_1_308' title='bbox 1437 2806 1754 2849; x_wconf 76' lang='lat' dir='ltr'>samari-amis:</span> <span class='ocrx_word' id='word_1_309' title='bbox 1787 2804 1866 2845; x_wconf 88' lang='lat' dir='ltr'>Se-</span> 
     </span>
     <span class='ocr_line' id='line_1_41' title="bbox 261 2863 1888 2925; baseline -0.002 -20"><span class='ocrx_word' id='word_1_310' title='bbox 261 2866 467 2906; x_wconf 80' lang='lat' dir='ltr'>miramis</span> <span class='ocrx_word' id='word_1_311' title='bbox 485 2867 583 2906; x_wconf 80' lang='lat' dir='ltr'>Vat.</span> <span class='ocrx_word' id='word_1_312' title='bbox 603 2871 689 2910; x_wconf 68' lang='grc' dir='ltr'>εἰς</span> <span class='ocrx_word' id='word_1_313' title='bbox 728 2868 782 2907; x_wconf 81' lang='lat'>20</span> <span class='ocrx_word' id='word_1_314' title='bbox 801 2865 1023 2906; x_wconf 85' lang='lat' dir='ltr'>babilona</span> <span class='ocrx_word' id='word_1_315' title='bbox 1039 2864 1154 2915; x_wconf 65' lang='lat' dir='ltr'>Vat„</span> <span class='ocrx_word' id='word_1_316' title='bbox 1175 2863 1409 2916; x_wconf 64' lang='lat' dir='ltr'>babylonii.</span> <span class='ocrx_word' id='word_1_317' title='bbox 1430 2865 1453 2905; x_wconf 88' lang='lat' dir='ltr'><em>b</em></span> <span class='ocrx_word' id='word_1_318' title='bbox 1493 2865 1547 2904; x_wconf 81' lang='lat'>23</span> <span class='ocrx_word' id='word_1_319' title='bbox 1571 2875 1706 2916; x_wconf 87' lang='lat' dir='ltr'>quam</span> <span class='ocrx_word' id='word_1_320' title='bbox 1722 2864 1868 2925; x_wconf 64' lang='lat' dir='ltr'>totam</span> <span class='ocrx_word' id='word_1_321' title='bbox 1885 2890 1888 2894; x_wconf 53' lang='lat'>›</span> 
     </span>
     <span class='ocr_line' id='line_1_42' title="bbox 265 2917 1853 2977; baseline -0.003 -16"><span class='ocrx_word' id='word_1_322' title='bbox 265 2922 573 2977; x_wconf 82' lang='lat' dir='ltr'>Kellerbauer:</span> <span class='ocrx_word' id='word_1_323' title='bbox 596 2925 817 2975; x_wconf 82' lang='lat' dir='ltr'>quantam</span> <span class='ocrx_word' id='word_1_324' title='bbox 828 2922 882 2970; x_wconf 91' lang='lat' dir='ltr'>B,</span> <span class='ocrx_word' id='word_1_325' title='bbox 908 2934 1041 2975; x_wconf 87' lang='lat' dir='ltr'>quam</span> <span class='ocrx_word' id='word_1_326' title='bbox 1064 2923 1243 2962; x_wconf 80' lang='lat' dir='ltr'>tantam</span> <span class='ocrx_word' id='word_1_327' title='bbox 1261 2922 1359 2962; x_wconf 81' lang='lat' dir='ltr'>Vat.</span> <span class='ocrx_word' id='word_1_328' title='bbox 1379 2926 1421 2961; x_wconf 84' lang='lat' dir='ltr'>et</span> <span class='ocrx_word' id='word_1_329' title='bbox 1438 2920 1462 2961; x_wconf 87' lang='lat' dir='ltr'><em>b</em></span> <span class='ocrx_word' id='word_1_330' title='bbox 1511 2919 1565 2960; x_wconf 81' lang='lat'>26</span> <span class='ocrx_word' id='word_1_331' title='bbox 1586 2918 1795 2972; x_wconf 88' lang='lat' dir='ltr'>praecipi</span> <span class='ocrx_word' id='word_1_332' title='bbox 1813 2917 1853 2957; x_wconf 90' lang='lat' dir='ltr'><em>B</em></span> 
     </span>
    </p>
   </div>
  </div>
 </body>
</html>
