1878 3132
219 139 288 191 72
928 139 1028 184 LlB.
1066 139 1116 185 ll.

219 270 290 303 ex
325 250 474 302 Ditis
521 248 694 319 patris
736 255 789 298 et
825 246 1190 316 Proserpinae
1235 263 1330 297 ara
1363 245 1536 315 petita
1570 263 1714 317 aqua
1755 264 1836 298 re-

222 329 479 372 creasset.
536 337 596 370 00
623 317 902 386 praedicto
930 334 1259 386 magnopere
1287 315 1548 368 confusus
1564 355 1579 383 ,
1607 314 1754 387 quod
1779 324 1838 368 et

218 391 384 458 longa
422 396 474 440 et
512 386 822 457 periculosa
857 386 1137 456 nauigatio
1173 386 1576 456 imperabatur,
1625 404 1720 456 spe
1755 395 1837 439 ta-

220 477 345 512 men
383 458 554 510 dubia
588 466 931 527 praesentem
964 466 1167 518 metum
1202 458 1484 524 uincente,
1528 474 1727 527 pueros
1765 455 1838 508 ad

102 556 107 562 ·
176 551 196 583 5
222 532 267 582 ri
311 548 398 581 am
427 528 646 581 Tiberis
683 527 933 598 protinus
963 526 1159 580 detulit
1198 559 1254 566 -—
1294 526 1584 580 habitabat
1610 526 1838 579 enimin

219 548 350 652 uilla
387 617 486 651 sua
511 605 735 669 propter
767 598 953 650 uicum
979 597 1213 651 Sabinae
1250 597 1488 666 regionis
1514 597 1744 649 Eretum
1768 626 1839 634 ——

219 689 283 722 ac
319 669 503 722 luntre
531 668 744 721 Ostiam
777 675 967 738 petens
994 675 1153 720 nocte
1181 667 1449 721 concubia
1482 667 1552 720 ad
1576 667 1839 720 Martium

219 758 471 810 campum
498 737 729 810 appulit,
758 738 1180 808 sitientibusque
1207 740 1385 806 aegris
1414 755 1725 789 succurrere
1751 756 1839 788 cu-

219 811 406 881 pienS,
444 811 571 878 igne
606 810 664 860 in
698 809 918 876 nauigio
955 826 1065 860 non
1102 816 1428 878 suppetente
1464 826 1534 860 ex
1568 807 1838 876 guberna-

156 902 197 934 10
221 890 340 934 tore
377 879 659 949 cognoscit
693 878 843 930 haud
878 877 1071 948 procul
1105 896 1369 947 apparere
1403 878 1640 944 fumum,
1689 885 1742 929 et
1769 876 1839 929 ab

221 970 284 1004 eo
311 951 495 1003 iussus
524 948 712 1018 egredi
733 949 1035 1001 Tarentum
1060 980 1130 987 -—-
1154 948 1212 1001 id
1231 966 1431 1011 nomen
1457 949 1507 1000 ei
1526 946 1645 1001 1000
1668 956 1752 1000 051
1772 977 1841 985 -

221 1020 420 1091 cupide
471 1019 700 1089 adrepto
746 1018 910 1071 calice
955 1037 1154 1089 aquam
1197 1017 1417 1070 flumine
1461 1017 1716 1071 haustam
1759 1035 1838 1083 e0,

219 1089 365 1143 unde
390 1091 572 1142 fumus
602 1097 718 1141 erat
754 1090 979 1142 obortus
995 1129 1009 1155 ,
1054 1090 1166 1140 iam
1189 1087 1383 1141 laetior
1406 1087 1658 1158 pertulit,
1706 1087 1839 1139 diui-

219 1162 369 1214 nitus
392 1161 508 1213 dati
533 1159 763 1212 remedii
790 1160 948 1229 quasi
973 1158 1214 1227 uestigia
1240 1158 1510 1229 quaedam
1535 1158 1594 1208 in
1617 1158 1840 1227 propin-

156 1251 197 1284 15
222 1250 326 1302 quo
355 1238 575 1284 nactum
602 1249 660 1283 se
687 1230 1006 1282 existimans
1020 1269 1035 1295 ,
1064 1229 1118 1279 in
1158 1247 1226 1280 ue
1254 1227 1367 1282 solo
1394 1229 1569 1297 magis
1596 1226 1841 1280 fumante

221 1319 387 1372 quam
432 1300 573 1352 ullas
619 1300 761 1368 ignis
795 1299 1032 1352 habente
1079 1317 1136 1350 re
1159 1299 1365 1369 iquiaS,
1420 1297 1549 1350 dum
1592 1298 1839 1351 tenacius

223 1389 382 1423 omen
430 1369 820 1440 adprehendit,
877 1370 1172 1421 contractis
1210 1368 1423 1421 leuibus
1463 1376 1516 1421 et
1551 1386 1690 1438 quae
1723 1367 1840 1421 fors

222 1439 498 1494 obtulerat
523 1439 871 1491 nutrimentis
899 1439 1167 1509 pertinaci
1195 1439 1391 1508 spiritu
1417 1438 1692 1490 flammam
1718 1456 1840 1491 euo-

223 1510 396 1576 cauit,
434 1509 863 1579 calefactamque
899 1527 1094 1578 aquam
1129 1509 1313 1579 pueris
1348 1507 1645 1561 bibendam
1671 1507 1841 1560 dedit.

159 1601 200 1633 20
224 1598 332 1651 qua
367 1587 560 1650 potata
596 1579 823 1632 salutari
866 1580 1046 1649 quiete
1085 1579 1276 1649 sopiti,
1325 1578 1538 1631 diutina
1571 1578 1629 1630 ui
1663 1578 1842 1631 morbi

222 1659 446 1721 repente
494 1659 620 1702 sunt
652 1649 871 1702 liberati
907 1649 1159 1771 patriqlue
1202 1647 1585 1702 indicauerunt
1634 1648 1842 1700 uidisse

224 1739 281 1773 se
318 1721 372 1771 in
399 1721 601 1772 somnis
641 1738 673 1771 a
708 1720 892 1772 nescio
931 1738 1035 1789 quo
1111 1737 1297 1772 eorum
1334 1737 1578 1789 spongea
1614 1735 1843 1788 corpora

225 1809 323 1843 sua
343 1790 644 1860 pertergeri
671 1798 724 1842 et
743 1789 987 1859 praecipi
1010 1796 1069 1841 111
1090 1787 1160 1841 ad
1178 1789 1328 1841 Ditis
1350 1789 1523 1859 patris
1547 1796 1601 1841 et
1620 1787 1842 1840 Proser—

262 1861 385 1913 inae
413 1879 590 1926 aram,
639 1878 671 1912 a
697 1879 804 1930 qua
829 1861 978 1930 potio
1014 1859 1150 1929 ipsis
1179 1858 1361 1911 fuerat
1387 1858 1600 1926 adlata,
1648 1858 1842 1910 furuae

161 1950 203 1982 25
222 1880 439 1984 hostiae
464 1929 873 1982 immolarentur
899 1929 1338 1999 lectisterniaque
1367 1947 1431 1981 ac
1455 1928 1572 1981 ludi
1591 1927 1844 1981 nocturni

110 2053 202 2089 Par.
230 2048 413 2094 flumine
450 2048 666 2094 deuectos
695 2048 938 2092 Tarentum
965 2053 1198 2107 portasset
1223 2046 1374 2105 ibique
1411 2060 1463 2091 ex
1487 2045 1599 2091 Ditis
1626 2046 1771 2105 patris
1799 2052 1845 2090 et

224 2118 526 2178 Proserpinae
570 2132 646 2162 ara
690 2119 833 2177 petita
869 2131 983 2176 aqua
1020 2130 1099 2162 eos
1134 2122 1401 2162 recreasset.
1477 2130 1565 2175 quo
1608 2115 1842 2175 praedicto

227 2203 398 2249 pueros
428 2188 482 2233 ad
510 2189 653 2247 ripam
682 2186 856 2232 Tiberis
883 2186 1070 2236 detulit,
1106 2186 1259 2231 luntre
1287 2186 1456 2231 Ostiam
1484 2192 1670 2246 petens:
1712 2192 1757 2230 et
1784 2186 1844 2231 si-

230 2258 447 2303 tientibus
486 2258 634 2316 aegris
674 2270 941 2302 succurrere
976 2258 1163 2316 cupiens
1200 2270 1252 2300 ex
1279 2255 1583 2316 gubernatore
1620 2255 1843 2316 cognouit

164 2335 206 2368 30
231 2329 339 2374 1111111
366 2328 527 2388 procul
554 2341 770 2387 apparere
798 2327 970 2372 fumum
998 2326 1042 2371 in
1069 2326 1197 2377 loco,
1227 2327 1303 2386 qui
1331 2326 1552 2371 Tarentus
1578 2324 1842 2371 uocabatur.

226 2399 379 2459 itaque
415 2398 673 2444 calefactam
711 2397 771 2442 ihi
807 2411 968 2457 aquam
1003 2397 1159 2457 pueris
1197 2396 1340 2446 dedit,
1390 2410 1477 2456 qua
1512 2402 1622 2456 pota
1658 2395 1843 2441 salutari

228 2471 381 2528 quiete
418 2468 581 2528 sopiti,
628 2475 775 2513 morte
811 2467 989 2512 liberati
1028 2473 1134 2512 sunt
1171 2466 1383 2527 patrique
1420 2465 1677 2512 indicauere
1715 2478 1845 2525 prae-

229 2546 410 2600 ceptum
443 2538 525 2584 sibi
554 2538 598 2583 in
627 2539 824 2589 somnis,
851 2544 903 2583 ut
929 2537 984 2583 ad
1003 2537 1112 2582 Ditis
1139 2538 1282 2597 patris
1311 2543 1355 2582 et
1380 2536 1681 2597 Proserpinae
1707 2549 1843 2585 aram,

345 2650 369 2686 6
393 2661 477 2686 sua
498 2653 735 2699 suspectum
759 2647 924 2694 Coler0‚
960 2660 1014 2686 cm
1036 2659 1093 2686 ex
1115 2646 1235 2686 sita?
1255 2642 1273 2698 Η
1296 2646 1462 2685 fretum
1482 2645 1538 2693 B,
1571 2658 1646 2684 em.
1669 2644 1845 2696 Pighius

229 2715 250 2743 e
283 2704 375 2743 cod.
400 2704 678 2744 Atrebatensi
757 2705 780 2743 7
819 2704 956 2743 lintre
987 2703 1010 2743 b
1073 2704 1123 2741 12
1154 2701 1345 2754 adrepta
1375 2701 1418 2740 B
1478 2701 1531 2740 14
1559 2699 1661 2739 dari
1689 2698 1731 2738 B
1793 2700 1844 2739 18

230 2758 431 2799 euomuit
459 2759 521 2803 B,
563 2773 637 2798 em.
678 2760 802 2799 Torr.
835 2759 1022 2810 (elicuit
1049 2756 1283 2808 Foertsck)
1355 2758 1412 2797 20
1441 2759 1552 2808 pota
1581 2755 1645 2795 Pb
1712 2756 1766 2795 23
1798 2757 1845 2794 01

230 2812 346 2866 (post
365 2814 533 2866 patris)
565 2828 641 2855 om.
672 2809 727 2853 B'
787 2818 842 2855 24
871 2819 970 2855 erat
1001 2814 1161 2855 adlata
1190 2815 1231 2853 P
1287 2814 1341 2854 25
1370 2811 1654 2861 sellisternia
1675 2811 1717 2850 P
1738 2807 1759 2863 Η
1788 2822 1843 2850 ac

229 2883 306 2912 om.
330 2869 384 2915 B,
416 2869 708 2910 lectisternia
733 2876 870 2922 atque
892 2871 988 2911 ludi
1010 2870 1294 2911 Kellerbauer

344 2926 397 2966 28
419 2926 570 2978 lyntre
601 2927 643 2965 V
