1924 3152
443 0 665 28 .,ψ’··ῗ;’““*·,·ἰ·
685 0 823 18 fv<
847 0 911 22 ἠ
939 0 980 22 rr>
1071 0 1074 2 ·
1208 7 1211 10 <
1253 0 1260 7 τ
1333 0 1336 3 ·
1372 3 1377 6 -

714 143 916 196 cAP.11,
957 143 1180 202 §7—-10,
1336 97 1338 99 Ι
1661 139 1762 191 117

203 282 206 287 -
243 256 291 308 8.
331 252 671 307 Reddendus
710 261 795 305 est
819 271 964 305 nunc
989 252 1274 306 Romanae
1308 251 1584 306 iuuentuti
1611 251 1762 306 debi-

134 336 224 381 tus
250 325 459 396 gloriae
485 323 676 378 titulus
689 364 705 392 ,
741 342 881 394 quae
908 323 969 376 C.
999 324 1320 395 Sempronio
1348 324 1608 377 Atratino
1638 342 1763 377 con-

138 397 254 452 sule
291 415 416 451 cum
440 395 661 449 Volscis
699 394 850 466 apud
874 394 1246 464 Verruginem
1280 413 1475 465 parum
1499 414 1628 467 pros
1674 414 1764 449 ere

139 470 462 536 dimicante,
499 487 568 520 ne
595 466 740 519 acies
766 473 958 519 nostra
991 466 1103 518 iam
1138 465 1410 520 inclinata
1435 465 1626 538 propel
1651 485 1763 520 ere-

137 555 253 609 tur,
290 540 443 611 equis
472 537 700 610 delapsa
727 556 785 590 se
810 537 933 609 ipsa
959 538 1293 590 centuriauit
1330 545 1494 610 atque
1520 538 1763 592 hostium
1786 558 1808 591 5

138 611 440 666 exercitum
474 610 701 692 inrupit.
755 627 859 680 quo
898 608 1119 662 demoto
1154 608 1470 679 proximum
1494 609 1768 662 tumulum

137 682 430 755 occupauit
466 681 754 752 effecitque
787 687 849 732 ut
886 680 1061 733 omnis
1098 679 1429 733 Volscorum
1466 699 1767 734 conuersus

136 757 377 826 impetus
414 752 722 823 legionibus
758 751 964 805 nostris
1011 751 1082 805 ad
1117 751 1521 805 confirmandos
1559 752 1768 806 animos

139 825 380 879 salutare
405 822 781 877 laxamentum
809 821 984 875 daret.
1036 823 1241 894 itaque,
1271 841 1395 875 cum
1421 824 1534 875 iam
1563 823 1628 876 de
1657 831 1767 877 tro-

137 897 289 969 paeis
312 895 617 949 statuendis
639 896 963 964 cogitarent,
983 893 1255 965 proelium
1273 903 1433 948 nocte
1455 894 1766 963 dirimente,
1791 914 1834 946 10

138 969 450 1021 uictoresne
478 985 549 1019 an
573 967 709 1019 uicti
736 965 1085 1018 discederent
1109 966 1304 1018 incerti
1331 966 1606 1019 abierunt.

247 1038 298 1091 9.
361 1037 628 1091 Strenuus
671 1036 763 1090 ille
813 1054 1027 1108 quoque
1072 1036 1172 1089 flos
1219 1036 1430 1089 ordinis
1482 1037 1768 1108 equestris,

140 1111 295 1163 cuius
330 1111 470 1161 mira
502 1110 710 1162 uirtute
735 1108 942 1161 Fabius
968 1107 1246 1160 Maximus
1272 1107 1563 1161 Rullianus
1597 1108 1770 1178 magi-

139 1193 253 1234 ster
280 1181 522 1251 equitum
545 1178 719 1246 bello,
758 1178 907 1250 quod
943 1178 1212 1232 aduersus
1241 1178 1514 1232 Samnites
1542 1179 1769 1249 gereba-

138 1260 246 1320 tur,
273 1253 416 1304 male
443 1250 721 1303 commissi
746 1248 941 1321 proelii
968 1249 1194 1302 crimine
1219 1248 1435 1303 leuatus
1465 1259 1565 1304 est.
1617 1268 1769 1303 nam·
1791 1267 1836 1309 45

140 1342 245 1395 que
279 1322 503 1394 Papirio
543 1321 781 1378 Cursore
825 1328 1054 1392 propter
1094 1321 1339 1391 auspicia
1380 1322 1680 1393 repetenda
1713 1321 1774 1374 in

139 1394 333 1458 urbem
366 1392 750 1465 proficiscente
785 1394 981 1445 castris
1008 1393 1355 1463 praepositus
1393 1411 1458 1445 ac
1483 1392 1688 1446 uetitus
1714 1393 1774 1444 in

142 1465 314 1518 aciem
361 1464 666 1518 exercitum
701 1464 929 1531 ducere,
975 1463 1146 1517 nihilo
1185 1464 1366 1516 minus
1413 1483 1609 1517 manus
1647 1482 1774 1516 cum

139 1535 297 1589 hoste
309 1575 344 1603 ,γ
377 1535 475 1588 sed
517 1543 633 1588 tam
675 1533 973 1587 infeliciter
1017 1553 1183 1606 quam
1216 1542 1417 1588 temere
1464 1535 1768 1588 conseruit:

140 1605 334 1676 procul
377 1606 523 1659 enim
567 1606 736 1660 dubio
783 1607 1168 1677 superabatur.
1244 1614 1486 1659 ceterum
1531 1608 1773 1678 optimae
1795 1622 1838 1654 20

140 1676 338 1730 indolis
364 1677 619 1730 iuuentus
644 1677 906 1730 detractis
934 1696 1198 1748 equorum
1223 1677 1395 1730 frenis
1421 1678 1776 1731 uehementer

144 1767 237 1801 eos
265 1746 572 1800 calcaribus
603 1747 915 1801 stimulatos
952 1750 1011 1800 in
1037 1748 1303 1802 aduersos
1332 1747 1608 1802 Samnites
1637 1768 1665 1801 e
1707 1749 1770 1815 it,

143 1818 527 1889 obstinataque
562 1819 731 1870 animi
755 1819 1070 1889 praesentia
1095 1827 1371 1871 extortam
1398 1819 1652 1872 manibus
1668 1767 1772 1871 ἰο-

145 1891 313 1942 stium
345 1889 638 1942 uictoriam
675 1896 730 1940 et
766 1907 890 1941 cum
917 1907 981 1942 ea
1008 1908 1158 1960 spem
1186 1889 1415 1942 maximi
1451 1890 1588 1941 ciuis
1620 1886 1771 1959 [Rul-
1846 1949 1849 1950 ⁷

141 1960 298 2028 liani]
326 1960 540 2031 patriae
565 1960 823 2012 restituit..
1797 1974 1839 2006 25

255 2031 337 2083 10.
381 2029 574 2097 Qualis
613 2029 813 2083 deinde
847 2030 1062 2084 roboris
1098 2029 1180 2083 illi
1214 2030 1442 2098 milites,
1484 2032 1578 2102 qui
1611 2029 1773 2083 uehe-

141 2101 314 2155 menti
333 2101 447 2154 ictu
466 2120 741 2155 remorum
763 2103 1096 2156 concitatam
1114 2102 1251 2171 fuga
1261 2102 1529 2155 Punicam
1543 2100 1774 2155 classem

143 2223 185 2266 8.
225 2221 272 2266 C.
300 2220 570 2281 Sempronio
597 2222 806 2267 Atratino
846 2236 940 2267 cos.
982 2236 1083 2267 cum
1110 2222 1287 2268 Volscis
1324 2222 1443 2283 apud
1473 2221 1771 2282 Verruginem
1796 2228 1892 2266 Par.

144 2305 305 2352 parum
340 2306 564 2353 prospere
591 2291 858 2344 dimicante,
895 2292 1074 2353 equites
1101 2293 1275 2353 delapsi
1312 2294 1441 2354 equis
1471 2307 1519 2338 se
1554 2292 1643 2353 ipsi
1670 2306 1774 2339 cen-

143 2364 447 2414 turiaucrunt,
477 2369 523 2408 et
549 2364 611 2409 ita
639 2362 759 2408 acies
785 2364 999 2409 restituta
1029 2370 1114 2410 est.
1170 2365 1213 2409 9.
1241 2363 1409 2410 Fabius
1430 2364 1646 2409 Maximus
1666 2363 1773 2410 Rul-
1796 2373 1839 2406 30

145 2433 292 2479 lienus
326 2436 501 2478 uetitus
536 2449 558 2479 a
584 2433 767 2493 Papirio
794 2433 981 2480 Romam
1019 2436 1167 2495 gratIa
1203 2434 1513 2496 auspiciorum
1548 2435 1770 2480 redeunte

145 2501 315 2548 bellum
352 2505 639 2549 committere
677 2504 898 2550 aduersus
935 2505 1162 2551 Samnites
1202 2505 1455 2555 commisit,
1494 2512 1537 2550 et
1563 2505 1769 2565 equitum

151 2677 153 2679 ,
259 2627 284 2666 2
302 2638 435 2678 ·quae
457 2626 502 2666 in
521 2625 563 2665 B
585 2639 754 2666 erasum
820 2628 846 2667 5
875 2628 1159 2669 centuriauit
1181 2632 1322 2680 atque
1352 2629 1542 2669 additum
1561 2630 1605 2669 in
1625 2642 1704 2682 my.
1726 2628 1770 2669 B

145 2685 172 2723 6
200 2681 370 2723 dimoto
400 2692 427 2726 ς
489 2683 512 2722 7
544 2685 589 2723 et
610 2682 773 2735 fecitq.
796 2676 852 2722 B'
879 2680 900 2738 Η
926 2683 1195 2725 Volscorum
1224 2685 1273 2724 in
1294 2697 1342 2725 se
1366 2686 1463 2726 edd.
1484 2686 1658 2738 priores
1718 2687 1771 2726 13

143 2738 395 2781 rutilianus
411 2738 499 2779 BP
556 2739 608 2778 16
628 2739 823 2792 papyrio
839 2739 882 2779 B
944 2742 995 2781 17
1017 2740 1368 2794 proficiscente*
1389 2741 1432 2781 B
1493 2743 1545 2783 19
1567 2742 1770 2783 sedsstam

143 2794 351 2836 feliciter
382 2793 492 2846 (tafiz
511 2809 584 2848 pr.
609 2809 659 2836 m.
684 2802 730 2835 ut
749 2794 937 2847 uidetur)
969 2797 1012 2836 B
1081 2799 1136 2838 24
1159 2810 1239 2838 ea*
1261 2797 1304 2837 B
1332 2794 1350 2852 Η
1378 2798 1593 2839 rutiliani
1614 2799 1660 2847 b,
1695 2800 1770 2840 de-

145 2853 310 2892 lendum
339 2852 540 2893 censebat
569 2853 714 2894 Periz.
777 2854 830 2894 27
859 2853 1002 2907 fugae
1032 2853 1088 2902 B,
1122 2866 1196 2895 em.
1225 2855 1410 2908 Guyetus
1437 2852 1458 2910 Η
1488 2856 1687 2897 classem
1715 2878 1771 2883 —

149 2908 285 2959 quasi
307 2921 409 2949 cam
428 2911 668 2962 suppletum
688 2912 731 2950 in
751 2923 832 2963 my.
855 2909 898 2949 B

260 2966 316 3006 30
336 2965 586 3006 rutilianus
614 2965 658 3005 V
