1936 3120
1413 0 1817 26 *iz-»r-ffl’cswf
1832 11 1834 13 »
1852 0 1870 19 ,··.
1933 4 1936 18 ;

176 120 280 172 396
866 127 963 172 LlB.
1005 127 1105 172 Vttt.

179 232 312 284 dens
360 232 460 283 sub
498 232 679 301 capite
718 232 1016 302 Sophronis
1061 234 1252 287 mimos
1297 234 1556 288 habuisse
1598 235 1790 289 fertur.

179 303 256 354 sic
292 321 358 353 ne
396 310 642 353 extrema
687 303 908 372 quidem
954 304 1070 356 eius
1108 304 1242 357 hora
1281 306 1580 375 agitatione
1625 307 1793 359 studii

179 390 358 423 uacua
385 371 507 424 fuit.
1823 436 1829 439 ¹

283 442 333 493 4.
375 444 452 494 At
496 442 871 509 DemocrituS,
917 463 1039 496 cum
1081 445 1290 498 diuitiis
1335 447 1546 499 censeri
1586 454 1791 516 posset,

135 533 154 563 5
180 531 317 583 quae
354 521 540 564 tantae
575 513 819 579 fuerunt,
855 524 916 566 ut
949 524 1106 584 pater
1142 517 1256 568 eius
1284 516 1489 569 Xerxis
1528 517 1793 570 exercitui

177 583 396 653 epulum
410 584 541 635 dare
555 602 625 635 ex
645 583 797 636 facili
817 586 1074 654 potuerit,
1098 605 1202 656 quo
1222 587 1397 655 magis
1415 606 1588 640 uacuo
1611 588 1790 640 animo

177 653 375 706 studiis
418 653 726 706 litterarum
762 664 907 707 esset
953 665 1238 726 operatUS,
1283 675 1456 727 parua
1499 657 1794 709 admodum

178 743 391 776 summa
424 733 640 776 retenta
673 726 1062 794 patrimonium
1107 746 1263 778 suum
1299 728 1511 797 patriae
1547 727 1792 780 donauit.

176 795 409 848 Athenis
448 804 631 847 autem
679 795 1050 866 compluribus
1098 798 1253 848 annis
1299 805 1539 850 moratus
1554 837 1567 863 ,
1614 798 1795 850 omnia

116 886 154 916 ιο
179 874 482 935 temporum
510 874 785 918 momenta
813 866 883 918 ad
918 867 1327 938 percipiendam
1354 877 1408 921 et
1433 868 1795 921 exercendam

178 937 483 988 doctrinam
503 936 812 1002 conferens,
841 938 1060 1005 ignotus
1083 938 1162 989 illi
1182 939 1307 991 urbi
1327 939 1483 1004 uixit,
1512 938 1657 1009 quod
1678 939 1795 1008 ipse

177 1007 415 1076 quodam
441 1005 718 1058 uolumine
745 1016 993 1061 testatur.
1049 1016 1233 1079 stupet
1257 1028 1410 1062 mens
1437 1009 1795 1062 admiratione

178 1086 363 1130 tantae
390 1076 695 1129 industriae
723 1087 776 1130 et
801 1078 910 1129 iam
938 1079 1136 1131 transit
1162 1078 1286 1131 alio.
1778 1085 1782 1090 ’

285 1148 335 1200 5.
377 1147 716 1212 CarneadeS,
758 1147 1066 1202 laboriosus
1094 1157 1148 1201 et
1175 1150 1464 1203 diuturnus
1494 1149 1796 1219 sapientiae

117 1236 156 1268 15
179 1217 360 1283 miles,
400 1221 445 1269 si
482 1218 702 1288 quidem
737 1221 1038 1288 nonaginta
1073 1219 1305 1290 expletis
1341 1220 1498 1272 annis
1535 1221 1679 1272 idem
1713 1218 1795 1269 illi

177 1288 403 1340 uiuendi
438 1307 500 1340 ac
535 1288 959 1358 philosophandi
1003 1291 1126 1341 finis
1172 1290 1296 1356 fuit,
1341 1291 1420 1342 ita
1465 1309 1522 1342 se
1565 1289 1794 1342 mirifice

180 1359 463 1412 doctrinae
492 1360 747 1428 operibus
776 1359 1097 1425 addixerat,
1138 1370 1224 1427 ut,
1263 1380 1385 1412 cum
1411 1360 1521 1412 cibi
1547 1359 1796 1430 capiendi

180 1448 348 1481 causa
381 1429 750 1494 recubuisset,
788 1431 1214 1498 cogitationibus
1250 1431 1538 1483 inhaerens
1575 1448 1796 1481 manum
1857 1450 1860 1453 ·

180 1500 251 1552 ad
277 1518 519 1551 mensam
546 1501 828 1569 porrigere
855 1500 1290 1553 obliuisceretur.
1355 1501 1452 1553 sed
1479 1501 1529 1552 ei
1553 1500 1795 1565 Melissa,

115 1590 157 1620 20
181 1589 344 1641 quam
370 1571 559 1622 uxoris
581 1570 699 1623 loco
717 1570 971 1636 habebat,
999 1580 1298 1641 temperato
1321 1572 1464 1624 inter
1485 1569 1668 1622 studia
1687 1589 1798 1623 non

177 1639 565 1710 interpellandi
592 1650 645 1693 et
665 1641 880 1693 inediae
904 1642 1258 1698 succurrendi
1285 1642 1487 1707 officio,
1516 1642 1798 1693 dexteram

181 1712 687 1763 suamsnecessariis
715 1712 905 1764 usibus
935 1705 1184 1782 aptab'a‘t'.¹
1199 1717 1219 1727 ⁶
1234 1731 1362 1781 ergo
1381 1714 1560 1764 animo
1581 1720 1798 1764 tantum

179 1781 341 1834 modo
367 1782 484 1833 uita
508 1782 811 1847 fruebatur,
840 1801 1064 1853 corpore
1092 1802 1221 1835 uero
1250 1783 1409 1854 quasi
1433 1783 1610 1835 alieno
1633 1790 1687 1834 et
1713 1800 1797 1833 su-

180 1871 454 1922 peruacuo
500 1853 869 1905 circumdatus
920 1862 1055 1906 erat.
1131 1853 1276 1905 idem
1321 1872 1443 1905 cum
1488 1852 1797 1922 Chrysippo

120 2011 161 2043 25
185 2001 279 2059 pite
307 1999 562 2059 Sophronis
599 1999 763 2045 mimos
801 2000 1014 2046 habuisse
1052 2000 1210 2046 fertur.
1285 2004 1326 2044 4.
1378 2001 1658 2046 Democritus
1695 2012 1797 2044 cum

125 2064 157 2084 '²
185 2070 359 2114 diuitiis
398 2072 572 2114 censeri
610 2077 792 2129 posset,
842 2085 957 2129 quae
995 2078 1146 2115 tantae
1182 2071 1390 2119 suerunt,
1432 2077 1483 2114 ut
1527 2076 1656 2129 pater
1699 2069 1797 2112 eius

181 2140 314 2184 Xerxi
343 2147 388 2184 et
415 2141 632 2184 exercitui
661 2141 843 2199 epulum
870 2131 1025 2190 daret,
1063 2155 1153 2199 quo
1182 2142 1325 2200 magis
1353 2154 1497 2185 uacuo
1525 2140 1673 2184 animo
1702 2145 1798 2183 stu-

182 2211 334 2259 deret,
374 2224 512 2270 parua
541 2224 711 2254 summa
741 2216 918 2255 retenta
946 2211 1269 2270 patrimonium
1299 2225 1428 2255 suum
1459 2210 1631 2269 patriae
1660 2209 1798 2254 dona·

181 2282 251 2325 uit
278 2287 323 2325 et
350 2281 447 2340 ipse
474 2281 673 2324 Athenas
702 2282 905 2325 secessit.
981 2285 1021 2325 5.
1066 2281 1335 2330 Carneades,
1365 2283 1440 2340 qui
1467 2295 1640 2326 Lxxxx
1666 2280 1797 2325 annis

117 2363 158 2395 30
181 2351 533 2411 philosophatus
563 2357 656 2401 est,
699 2365 799 2396 cum
828 2351 914 2395 cibi
944 2352 1146 2411 capiendi
1175 2366 1308 2396 causa
1336 2350 1645 2403 recubuisset,
1674 2351 1798 2408 cogi·

182 2422 435 2467 tationihus
463 2422 704 2466 inhaerens
733 2436 912 2466 manum
941 2423 991 2466 ad
1020 2436 1219 2467 mensam
1248 2424 1487 2482 porrigere
1515 2421 1686 2466 oblitus
1713 2426 1797 2470 est,

183 2493 329 2538 donec
365 2506 466 2536 eum
507 2491 711 2542 Melissa,
752 2507 886 2552 quam
925 2495 1078 2538 uxoris
1118 2493 1221 2538 loco
1260 2493 1479 2542 habehat,
1517 2492 1795 2537 admoneret.

183 2563 299 2608 idem
329 2577 428 2608 cum
458 2563 709 2622 Chrysippo
745 2563 1059 2622 disputaturus
1097 2563 1331 2608 helleboro
1369 2577 1416 2619 sc
1443 2569 1546 2608 ante
1574 2560 1798 2622 purgabat

67 2053 119 2086 Pa

297 2701 322 2739 5
343 2699 487 2740 Xerxi
512 2705 556 2739 et
579 2700 802 2740 exercitui
826 2701 923 2740 eius
945 2714 1009 2751 my
1029 2701 1071 2739 B
1092 2714 1150 2741 eae
1171 2701 1212 2740 P
1287 2702 1312 2739 9
1337 2699 1600 2751 cfipluribus
1621 2691 1677 2737 B'
1745 2697 1797 2736 10

185 2759 230 2795 et
251 2769 328 2797 om.
352 2752 407 2795 B'
477 2759 527 2795 12
553 2755 900 2796 admirationem
925 2750 979 2796 B'
1061 2759 1112 2797 16
1135 2755 1328 2796 mirifici'i
1352 2756 1393 2795 B
1414 2769 1527 2796 corr.
1550 2767 1600 2796 m.
1626 2755 1650 2792 1
1671 2758 1715 2792 ut
1737 2755 1799 2791 ui-

183 2814 309 2852 detur
329 2814 370 2851 in
393 2812 583 2852 mirifice
647 2815 698 2852 17
722 2813 976 2853 adduxerat
997 2806 1051 2852 B‘
1134 2815 1185 2853 19
1209 2812 1264 2853 eii
1292 2814 1350 2861 B,
1374 2825 1448 2852 em.
1471 2811 1612 2852 Periz.
1675 2810 1727 2849 21
1753 2812 1799 2849 et

182 2869 330 2910 BCF:
361 2869 443 2908 sed
467 2871 568 2910 dett.
594 2875 635 2908 et
656 2870 755 2911 edd.
777 2871 920 2921 inepte
1252 2900 1255 2901 γ

297 2927 350 2966 27
374 2928 420 2966 et
442 2925 666 2964 exercitui
689 2925 786 2965 eius
808 2925 850 2964 B
