1936 3120
191 111 299 165 404
874 115 972 161 LIB.
1010 116 1114 161 Vlll.

115 270 117 273 Α
193 223 524 276 salubriores
552 228 709 274 erant
733 221 1032 289 contiones,
1062 220 1284 274 alterius
1312 223 1652 277 disertiores:
1694 243 1801 295 quo

194 294 378 346 euenit
402 301 463 344 ut
488 291 693 362 alioqui
729 291 1156 362 prudentissima
1194 292 1387 346 ciuitas
1425 292 1668 347 libertati
1694 313 1801 347 ser-

194 363 425 416 uitutem
450 362 768 432 praeferret.

299 432 349 484 2.
387 431 625 485 Pericles
668 439 876 498 autem,
922 431 1254 485 felicissimis
1299 452 1431 486 usus
1466 442 1693 486 naturae
1726 434 1803 485 in-

152 526 174 560 5
197 503 508 570 crementiS,
536 503 639 556 sub
659 505 998 571 Anaxagora
1016 511 1366 574 praeceptore
1388 523 1594 558 summo
1623 503 1803 557 studio

192 572 496 644 perpolitus
535 581 590 626 et
620 573 951 641 instructUS‚
993 574 1179 638 liberis
1207 573 1548 627 Athenarum
1583 575 1805 627 ceruici-

190 646 294 698 bus
320 643 508 713 iugum
535 643 814 696 seruitutis
840 639 1098 714 inposuit.
1150 644 1262 713 egit
1282 645 1425 696 enim
1445 639 1595 697 illam
1612 645 1805 698 urbem

193 722 247 767 et
270 714 517 766 uersauit
536 714 783 767 =arbitrio
822 733 947 774 suo,
988 733 1219 784 cumque
1255 715 1518 767 aduersus
1556 714 1805 768 uolunta-

192 793 303 837 tem
328 783 516 855 populi
539 784 871 855 loqueretur,
899 784 1137 836 iucunda
1162 784 1333 838 nihilo
1360 786 1538 836 minus
1560 793 1614 837 et
1638 803 1804 856 popu-

129 879 170 911 10
193 855 324 908 laris
352 857 467 907 eius
494 873 608 908 uox
633 863 766 906 erat.
840 855 1026 925 itaque
1061 855 1264 907 ueteris
1301 855 1610 908 comoediae
1645 854 1806 907 male—

195 926 317 978 dica
342 924 557 994 lingua,
587 925 836 995 quamuis
863 925 1163 995 potentiam
1188 925 1295 977 uiri
1361 926 1692 994 erstringere
1719 943 1805 978 cu—

194 995 410 1066 piebat,
448 1004 632 1048 tamen
656 997 714 1047 in
739 994 908 1048 labris
946 994 1179 1048 hominis
1217 995 1322 1048 mel
1346 1014 1374 1047 e
1410 995 1710 1048 dulciorem
1735 995 1806 1047 le-

193 1085 380 1136 porem
415 1065 695 1118 fatebatur
729 1065 979 1118 habitare
1015 1066 1072 1117 in
1111 1085 1178 1118 ue
1217 1067 1410 1118 animis
1455 1084 1671 1132 eorum,
1715 1066 1808 1136 qui

193 1136 349 1189 illum
397 1136 716 1202 audierant,
781 1136 939 1206 quasi
990 1154 1090 1188 acu
1115 1154 1206 1189 eos
1257 1136 1524 1207 quosdam
1572 1135 1806 1206 relinqui

130 1229 172 1261 15
193 1206 566 1278 praedicabat.
642 1206 819 1258 fertur
854 1206 1105 1277 quidam,
1152 1224 1274 1258 cum
1313 1206 1605 1260 admodum
1639 1224 1808 1258 senex

195 1278 401 1348 primae
421 1277 664 1330 contioni
674 1275 897 1328 Periclis
915 1275 1319 1329 *adulescentuli
1337 1277 1623 1329 interesset
1639 1276 1807 1328 idem-

196 1366 299 1418 que
334 1347 549 1398 iuuenis
586 1347 938 1399 Pisistratum
981 1346 1317 1417 decrepitum
1350 1348 1459 1398 iam
1495 1347 1808 1399 contionan-

194 1426 306 1470 tem
332 1416 606 1483 audisset,
644 1435 752 1468 non
785 1425 1116 1486 temperasse
1152 1416 1260 1470 sibi
1294 1435 1397 1487 quo
1425 1416 1603 1468 minus
1631 1415 1807 1468 excla-

196 1495 371 1539 maret
407 1486 589 1538 caueri
623 1486 776 1538 illum
808 1487 986 1539 ciuem
1023 1494 1300 1556 oportere,
1353 1486 1500 1557 quod
1534 1486 1807 1540 Pisistrati

131 1579 173 1612 20
199 1557 434 1612 orationi
462 1556 737 1608 simillima
762 1557 876 1609 eius
900 1565 1045 1609 esset
1063 1557 1256 1610 oratio.
1307 1575 1405 1608 nec
1426 1557 1695 1609 hominem
1716 1564 1811 1608 aut

197 1627 505 1681 aestimatio
533 1626 715 1698 eloqui
742 1636 838 1679 aut
863 1646 1078 1680 morum
1104 1627 1397 1696 augurium
1417 1626 1630 1679 fefellit.
1681 1626 1810 1697 quid

198 1699 342 1751 enim
365 1698 508 1749 inter
524 1697 875 1750 Pisistratum
902 1706 956 1748 et
975 1696 1224 1749 Periclen
1243 1698 1512 1764 interfuit,
1534 1698 1639 1749 nisi
1665 1695 1812 1767 quod

196 1768 288 1820 ille
315 1776 575 1834 armatus,
603 1768 693 1819 hic
719 1768 835 1820 sine
863 1769 1026 1819 armis
1055 1768 1401 1838 tyrannidem
1426 1768 1636 1836 gessit?

305 1840 354 1891 3.
398 1838 678 1904 Quantum
713 1838 1026 1909 eloquentia
1059 1837 1296 1890 ualuisse
1330 1838 1609 1906 Hegesian
1647 1837 1810 1906 Cyre-

135 1930 176 1963 25
198 1909 415 1963 naicum
441 1908 825 1979 philosophum
853 1909 1221 1961 arbitramur?
1278 1909 1371 1978 qui
1397 1909 1474 1960 sic
1497 1907 1642 1960 mala
1666 1907 1812 1958 uitae

197 1980 665 2050 repraesentabat,
692 1987 753 2031 ut
780 1997 966 2032 eorum
990 1978 1304 2030 miseranda
1329 1979 1563 2047 imagine
1591 1977 1811 2029 audien-

199 2050 336 2102 tium
362 2050 676 2120 pectoribus
702 2050 911 2102 inserta
936 2049 1119 2100 multis
1147 2049 1486 2100 uoluntariae
1512 2048 1701 2100 mortis
1721 2064 1811 2116 op-

87 2210 179 2244 Par.
206 2197 326 2256 capti
350 2197 686 2255 permitterent.
760 2198 799 2239 2.
840 2194 1058 2243 Pericles,
1096 2195 1386 2253 Anaxagorae
1414 2192 1615 2243 auditor,
1643 2194 1690 2237 in
1716 2199 1812 2237 tan-

205 2273 301 2311 tum
328 2267 492 2310 enituit
519 2265 806 2324 eloquentia,
844 2271 895 2309 ut
922 2278 1022 2308 cnm
1048 2264 1193 2308 adhuc
1231 2265 1410 2308 iuuenis
1437 2278 1459 2307 a
1488 2263 1681 2322 quodam
1708 2277 1814 2307 sene

139 2353 181 2384 30
203 2339 250 2381 in
277 2337 491 2381 contione
517 2335 697 2380 auditus
725 2341 868 2385 esset,
908 2334 1018 2379 enon
1045 2334 1280 2379 dissimilis
1307 2332 1418 2384 hic',
1455 2333 1623 2379 diceret
1660 2332 1814 2377 ‘Athe-

202 2409 407 2456 menses,
447 2406 689 2451 Pisistrati.
743 2413 787 2450 et
814 2419 976 2450 cauere
1004 2419 1115 2464 ergo
1143 2405 1265 2449 hunc
1301 2418 1383 2449 nos
1421 2405 1566 2449 ciuem
1594 2402 1815 2462 oportet’.

202 2480 243 2521 3.
282 2477 498 2537 Hegesias
526 2476 797 2536 Cyrenaicus
826 2475 1129 2535 philosophus
1167 2482 1256 2519 tam
1283 2474 1522 2519 manifeste
1550 2474 1663 2519 mala
1692 2475 1813 2518 uitae

319 2630 341 2667 1
385 2628 622 2668 contiones
645 2625 684 2665 B
706 2639 821 2668 corr.
846 2624 886 2676 (e
911 2623 1309 2677 contentiones?)‚
1333 2627 1429 2665 item
1449 2639 1487 2664 u.
1514 2626 1568 2663 16
1606 2621 1624 2677 Ι]
1665 2635 1752 2674 quo
1775 2621 1816 2660 B

207 2697 320 2724 eor-r.
347 2698 368 2723 e
392 2683 511 2736 quod
584 2684 609 2722 2
634 2682 793 2734 aliqua
815 2682 868 2729 B,
896 2682 1010 2722 alias
1033 2682 1074 2721 B
1097 2696 1161 2733 mg]
1230 2683 1257 2721 4
1280 2681 1358 2721 fel.
1382 2693 1490 2720 usus
1511 2680 1689 2729 scripsi:
1710 2677 1814 2718 feli-

208 2740 420 2780 cissimus
443 2739 485 2779 B
507 2739 579 2790 (—-
600 2738 685 2778 mis
708 2738 749 2791 b)
813 2740 837 2778 6
860 2738 1100 2791 perpolitis
1124 2738 1164 2777 B
1185 2735 1203 2791 Η
1226 2743 1270 2778 et
1291 2751 1368 2779 om.
1390 2736 1432 2776 B
1511 2738 1534 2776 7
1557 2735 1686 2774 illam
1709 2732 1789 2773 ΓΕ
1800 2746 1813 2771 .·

206 2795 356 2845 inaB,
379 2795 492 2835 meh
536 2783 781 2836 loueteres
806 2809 843 2835 e.
867 2794 1119 2835 maledicat
1130 2791 1186 2834 B'
1228 2791 1513 2835 12lab*risB
1555 2793 1605 2831 16
1617 2789 1814 2842 pericles

209 2846 261 2891 B'
305 2853 356 2892 19
379 2851 535 2892 caueri
556 2852 603 2891 h:
625 2848 841 2893 ***ue1·B'
882 2853 934 2891 22
958 2852 1077 2892 inter
1088 2851 1141 2899 B,
1166 2852 1361 2890 interest
1378 2850 1401 2890 b
1442 2849 1495 2888 27
1511 2846 1771 2888 uoluntaria
1790 2844 1812 2884 b

324 2907 378 2950 30
401 2909 658 2948 contionem
689 2910 731 2949 V
1150 2908 1158 2913 “
