1924 3152
155 143 258 196 154
849 146 949 190 LIB.
987 144 1055 191 ΙΙΙ.

563 294 722 347 VIII.
774 298 872 346 DE
908 297 1359 348 CONSTANTIA.

261 394 528 464 Apertum
590 400 644 445 et
704 392 1006 445 animosum
1063 393 1241 447 bonae
1290 394 1524 448 fiduciae
1579 404 1770 466 pectus

154 483 371 517 emenso
400 463 557 534 quasi
594 463 839 516 debitum
876 481 1014 533 opus
1042 473 1290 535 superest
1315 467 1658 519 constantiae
1692 484 1772 518 re-

151 534 540 606 praesentatio.
618 542 816 586 natura
859 534 1003 585 enim
1046 535 1125 587 sic
1170 544 1526 606 conparatum
1571 544 1653 589 est
1692 543 1770 603 ut,

109 623 129 654 5
153 606 272 676 quis
313 605 397 657 uis
427 624 484 657 se
511 604 719 675 aliquid
747 604 937 658 ordine
965 623 1028 656 ac
1048 614 1193 658 recte
1218 614 1399 658 mente
1426 605 1771 678 complexum

151 676 291 728 confi
334 676 392 742 it,
420 674 510 728 uel
534 676 645 728 iam
670 684 903 743 gestum,
933 676 979 726 si
1007 676 1343 729 obtrectetur
1357 717 1371 743 ‚
1401 678 1597 730 acriter
1621 685 1771 729 tuea—

150 756 267 813 tur,
311 745 401 798 uel
425 745 668 798 nondum
704 744 942 811 editum,
988 746 1035 797 si
1068 746 1474 818 interpelletur,
1518 747 1635 800 sine
1659 746 1772 800 ulla

152 817 498 870 cunctatione
526 815 597 867 ad
625 816 874 868 effectum
901 817 1186 885 perducat.
1669 846 1672 847 ν

261 891 306 939 1.
359 887 468 940 Sed
504 886 632 939 dum
669 885 949 956 exemplar
991 888 1303 957 propositae
1339 888 1418 940 rei
1453 907 1611 959 perse
1651 905 1770 954 uor,

91 975 132 1006 10
151 959 316 1011 latius
337 958 469 1009 mihi
489 956 951 1027 circumspicienti
979 966 1105 1010 ante
1126 958 1308 1011 omnia
1327 977 1384 1011 se
1403 957 1566 1011 Fului
1584 906 1770 1010 Flacci

152 1029 462 1081 constantia
522 1028 694 1080 offert.
788 1027 1034 1098 Capuam
1090 1028 1382 1082 fallacibus
1441 1029 1769 1082 Hannibalis

150 1099 433 1170 promissis
469 1097 663 1150 Italiae
705 1116 933 1166 regnum
967 1098 1182 1152 nefaria
1227 1100 1531 1152 defectione
1564 1100 1771 1169 pacisci

149 1188 468 1241 persuasam
495 1169 660 1220 armis
687 1177 1067 1238 occupauerat.
1108 1177 1220 1221 tam
1242 1169 1438 1222 deinde
1465 1171 1655 1240 culpae
1675 1170 1768 1222 ho-

150 1241 315 1292 stium
349 1240 529 1292 iustus
567 1239 882 1291 aestimator
942 1257 1069 1290 uam
1096 1240 1372 1309 speciosus
1409 1241 1587 1294 uictor
1612 1239 1768 1292 Cam-

86 1336 127 1368 15
191 1329 354 1362 anum
391 1316 666 1374 senatum,
718 1309 875 1379 impii
940 1309 1118 1375 'ecreti
1161 1318 1466 1376 auctorem,
1518 1310 1766 1363 funditus

150 1330 332 1434 {clere
359 1379 663 1432 constituit.
701 1380 888 1449 itaque
915 1380 1121 1432 catenis
1150 1389 1404 1433 onustum
1429 1381 1485 1432 in
1514 1380 1649 1433 duas
1679 1399 1767 1433 cu—

151 1451 362 1504 stodias
379 1491 394 1517 ,
431 1451 675 1502 Teanam
703 1448 1071 1520 Calenamque
1105 1451 1321 1517 diuisit,
1360 1451 1642 1503 consilium
1676 1470 1767 1503 ex-

150 1530 463 1586 secuturUS‚
502 1538 623 1571 cum
661 1538 725 1571 ea
749 1519 1079 1590 peregisset,
1116 1540 1347 1592 quorum
1382 1521 1767 1574 administran-

150 1591 343 1645 dorum
392 1589 619 1643 celerior
662 1608 781 1642 esse
825 1590 1124 1643 necessitas
1166 1591 1479 1645 uidebatur.
1551 1610 1770 1644 rumore

60 1688 126 1729 ‚20
149 1670 332 1715 autern
361 1661 428 1714 de
457 1669 677 1713 senatus
705 1661 923 1714 mitiore
951 1662 1222 1714 sentent-ia
1248 1670 1391 1729 orto,
1429 1681 1498 1715 ne
1525 1662 1768 1716 debitam

147 1750 382 1804 poenam
431 1730 683 1783 scelerati
743 1731 1073 1800 effugerent,
1131 1741 1293 1786 nocte
1341 1732 1577 1786 admisso
1628 1751 1768 1803 equo

148 1804 394 1856 Teanum
416 1800 715 1867 contendit,
742 1801 1155 1873 interfectisque
1177 1803 1269 1873 qui
1293 1803 1373 1857 ibi
1398 1803 1763 1856 adseruaban-

145 1881 236 1926 tur
272 1892 300 1925 e
334 1872 568 1941 uestigio
606 1871 765 1924 Cales
803 1881 876 1924 est
907 1880 1287 1942 transgressus
1323 1875 1767 1944 perseuerantiae

148 1962 278 1996 suae
305 1962 440 2013 opus
469 1951 848 2009 exsecuturuS‚
876 1950 928 1994 et
951 1943 1061 1995 iam
1087 1943 1344 2012 deligatis
1373 1945 1443 1996 ad
1462 1943 1647 2013 palum
1673 1943 1765 1996 ho-

82 2040 124 2073 25
149 2014 325 2066 stibus
361 2012 573 2065 litteras
612 2031 645 2064 a
668 2012 918 2082 patribus
956 2014 1278 2083 conscriptis
1317 2016 1645 2084 nequiquam
1683 2031 1764 2064 sa·

145 2083 340 2136 lutaris
369 2083 665 2152 Campanis
694 2082 921 2152 accepit.
958 2083 1016 2133 in
1044 2083 1266 2135 sinistra
1290 2083 1434 2136 enim
1462 2102 1553 2135 eas
1580 2101 1764 2149 manu,

148 2154 290 2206 sicut
334 2161 491 2205 erant
523 2151 788 2218 traditae,
834 2154 1081 2222 reposuit
1123 2171 1187 2204 ac
1228 2153 1378 2206 iusso
1417 2153 1606 2207 lictore
1645 2152 1768 2222 lege

33 2277 124 2312 par,
259 2261 296 2302 l.
355 2257 450 2302 DE
496 2255 917 2302 CONSTANTIA.
981 2256 1170 2302 Fuluius
1206 2256 1392 2303 Flaccus
1433 2272 1535 2304 cum
1569 2257 1766 2318 Capuam

145 2329 395 2388 recepisset
422 2327 477 2373 ab
504 2325 764 2372 Hannibalis
792 2328 1111 2386 possessione,
1140 2333 1298 2373 senatu
1326 2327 1597 2388 prohibente
1625 2329 1767 2373 anim-

82 2415 124 2448 3ο
147 2399 320 2444 aduerti
358 2399 403 2443 in
440 2410 596 2442 omnes
634 2397 864 2457 principes
901 2396 1126 2449 ciuitatis,
1164 2399 1262 2458 ipse
1299 2400 1516 2459 perstitit.
1580 2405 1624 2444 et
1661 2412 1763 2444 cum

146 2469 198 2514 ad
227 2469 379 2529 palum
406 2468 616 2514 iussisset
643 2481 723 2513 eos
750 2467 961 2526 adligari,
991 2467 1105 2514 aliae
1132 2475 1503 2529 superuenerunt
1528 2468 1767 2530 epistulae,

146 2540 190 2584 in
219 2539 385 2600 quihus
413 2544 509 2584 erat
537 2539 759 2598 scriptum
786 2543 837 2582 ut
865 2551 1022 2583 omnes
1049 2540 1334 2598 punirentur.
1387 2553 1480 2585 non
1508 2539 1640 2584 lectis
1668 2539 1766 2598 epi-

145 2610 278 2655 stulis
306 2610 495 2655 Fuluius
531 2615 711 2668 peracta
749 2609 1166 2660 animaduersione,
1207 2616 1315 2655 tunc
1351 2617 1532 2655 senatus
1558 2608 1766 2654 mandata

259 2719 283 2756 2
311 2719 478 2769 Aptum
507 2717 563 2764 B,
596 2730 671 2759 em.
696 2717 872 2769 Piylzius
901 2731 923 2757 e
952 2719 1046 2759 eod.
1076 2717 1258 2758 Susiano
1326 2721 1352 2759 3
1381 2716 1762 2771 repraesentatio.

144 2776 313 2814 natura
343 2774 518 2826 Lipsius
546 2779 588 2812 et
619 2773 681 2813 Γ.·
713 2769 1034 2825 Υθῇὶιθηείοηε.
1067 2787 1176 2814 cura
1203 2774 1246 2813 B
1313 2775 1339 2814 9
1369 2773 1579 2826 exempla
1601 2772 1642 2812 Ε
1710 2773 1767 2812 10

143 2830 586 2883 circuminspicienti
614 2828 655 2868 B
724 2830 776 2869 17
806 2834 995 2869 teanam
1024 2830 1079 2877 B,
1115 2831 1222 2882 sort.
1253 2830 1542 2870 Teanensem
1610 2830 1663 2870 23
1695 2830 1769 2868 est

141 2888 246 2927 add.
276 2886 400 2928 Torr.
469 2887 524 2926 24
548 2888 825 2926 executurus
848 2887 973 2927 codd.
998 2887 1182 2939 aliquot:
1216 2889 1433 2927 executus
1454 2884 1496 2924 B
1513 2881 1537 2939 ss
1557 2885 1696 2925 etiam
1716 2882 1763 2923 B

142 2944 196 2984 26
219 2955 469 2996 campanus
492 2942 534 2981 B
