1878 3132
209 130 278 180 48
930 131 1024 174 ΜΒ.
1066 130 1095 174 1.

212 259 273 291 su
317 240 808 291 erioribus'tantus
859 243 1034 287 terror
1075 234 1254 286 subito
1306 235 1556 300 incessit,
1604 241 1667 286 ut
1705 253 1816 286 non

213 329 269 362 so
293 328 383 360 um
408 310 642 359 uictores
670 307 776 375 ipsi
796 307 1152 375 profugerent
1179 304 1275 355 sed
1302 305 1466 355 etiam
1485 305 1707 373 pauoris
1729 305 1814 355 sui

212 387 486 433 consortes
524 395 705 428 secum
743 375 1004 426 Veientes
1040 373 1334 426 traherent.
1410 374 1563 425 cuius
1599 374 1679 426 rei
1713 392 1811 444 pro

211 456 527 518 argumento
555 445 875 497 miraculum
902 444 1151 510 adicitur,
1180 445 1370 512 ingens
1396 452 1620 513 repente
1645 461 1759 496 uox
1784 461 1815 495 e

167 545 186 564 ι
209 519 458 590 proxima
485 516 623 568 silua
646 516 836 580 Arsia,
874 533 1011 584 quae
1040 533 1131 566 ore
1157 513 1367 565 Siluani
1392 515 1447 564 in
1472 513 1616 565 hunc
1641 532 1815 584 paene

181 588 429 645 ,modum
467 587 635 637 missa
670 585 932 636 traditur:
977 591 1110 635 ‘uno
1186 583 1268 635 lus
1308 603 1335 636 e
1364 584 1476 634 Tus
1516 585 1558 634 's
1594 583 1808 651 cadent,

208 659 485 710 Romanus
513 655 986 728 egeeffiitusgictor
1012 647 1225 706 asslssit'.
1265 671 1459 705 miram
1488 653 1621 705 dictl
1646 638 1812 704 fldem

211 719 672 796 diges‘ta‘i‘i'i'iinero
703 713 970 776 cadauera
996 711 1306 776 exiiissuere.

315 799 364 849 6.
406 796 590 862 Quid?
629 795 823 847 Martis
851 793 1142 860 auxilium,
1171 811 1275 864 quo
1301 793 1589 845 uictoriam
1615 792 1815 844 Roma--

72 932 74 934 V
146 885 186 914 10
209 887 401 920 norum
444 867 681 931 adiuuit,
732 883 909 916 nonne
952 864 1216 916 memoria
1262 862 1645 915 celebrandum
1692 863 1810 915 est‘?

209 938 345 990 Cum
379 937 583 987 Bruttii
624 946 785 1004 atque
818 934 1026 985 Lucani
1062 935 1192 994 odio,
1221 933 1602 998 incitatissimo
1637 932 1811 984 maxi—

208 1008 416 1077 misque
440 1007 647 1058 uiribus
675 1005 949 1055 Thurinae
982 1004 1134 1056 urbis
1162 1011 1411 1073 peterent
1437 1002 1711 1054 excidium
1749 1019 1812 1053 ac

207 1078 499 1147 praecipuo
541 1075 719 1128 studio
757 1073 1188 1127 incolumitatem
1216 1073 1274 1125 C.
1304 1073 1587 1124 Fabricius
1622 1072 1813 1124 Lusci-

206 1166 306 1198 nus
333 1146 519 1198 consul
545 1154 852 1215 protegeret
877 1162 1070 1214 resque
1106 1143 1329 1212 ancipiti
1357 1150 1555 1194 euentu
1580 1140 1809 1194 conlatis

146 1232 184 1261 15
205 1236 371 1267 unum
421 1218 476 1266 in
525 1215 702 1267 locum
751 1215 1034 1284 utriusque
1079 1214 1250 1283 partis
1296 1213 1465 1282 copiis
1511 1222 1808 1280 gereretur,

205 1305 311 1338 non
348 1285 674 1338 audentibus
701 1285 961 1336 Romanis
999 1283 1263 1354 proelium
1299 1281 1537 1351 ingredi,
1575 1282 1810 1334 eximiae

206 1356 596 1424 magnitudinis
631 1356 843 1406 iuuenis
878 1355 1115 1424 primum
1152 1372 1243 1406 eos
1279 1353 1486 1405 hortari
1522 1351 1591 1405 ad
1625 1369 1809 1421 capes-

211 1426 433 1477 sendam
469 1426 845 1477 fortitudinem
883 1426 1086 1494 coepit:
1138 1422 1333 1476 deinde
1344 1463 1358 1488 ,
1409 1422 1505 1474 ubi
1540 1421 1808 1474 tardiores

209 1495 618 1561 animaduertit,
671 1496 902 1565 arreptis
952 1494 1112 1547 scalis
1149 1513 1245 1563 per
1289 1493 1528 1545 mediam
1571 1492 1809 1544 hostium

147 1584 187 1612 κο
210 1566 380 1617 aciem
415 1566 484 1616 ad
526 1567 795 1617 contraria
831 1572 1012 1616 castra
1047 1565 1222 1616 euasit
1257 1572 1310 1615 et
1345 1562 1578 1631 admotis
1604 1559 1807 1612 uallum

207 1635 534 1687 conscendit.
597 1635 723 1686 inde
756 1653 889 1686 uoce
925 1635 1134 1703 ingenti
1169 1633 1453 1684 clamitans
1489 1632 1695 1683 factum
1729 1631 1807 1681 ui->

208 1706 407 1757 ctoriae
443 1706 670 1774 gradum
709 1713 762 1757 et
786 1713 997 1756 nostros
1035 1703 1106 1756 ad
1132 1703 1311 1755 aliena
1336 1709 1516 1754 castra
1541 1699 1809 1771 capienda

206 1782 258 1826 et
281 1774 532 1828 Lucanos
570 1775 920 1845 Bruttiosque
947 1773 1018 1826 ad
1046 1793 1143 1825 sua
1172 1771 1529 1838 defendenda
1547 1770 1677 1822 illuc
1701 1778 1807 1822 tra—

206 1846 311 1909 xit,
362 1846 457 1898 ubi
492 1846 723 1897 conferti
760 1845 927 1897 dubio
970 1844 1264 1896 certamine
1306 1843 1638 1895 terebantur.
1713 1839 1808 1892 sed

143 1930 183 1960 2)
207 1914 350 1965 idem
377 1914 593 1985 inpulsu
628 1935 903 1968 armorum
942 1933 1159 1966 suorum
1194 1920 1494 1983 prostratos
1520 1911 1702 1962 hostes
1729 1911 1807 1960 iu-

207 1984 469 2050 gulandos
521 1985 919 2055 capiendosque
967 1985 1229 2051 Romanis
1281 1981 1526 2034 tradidit.
1609 1979 1807 2047 uiginti

1825 2075 1848 2097 Q

95 2137 183 2171 Par.
209 2130 342 2177 cauit,
373 2129 538 2174 Siluani
564 2145 651 2174 uox
679 2131 825 2175 audita
855 2138 923 2175 est
949 2130 1077 2176 talis:
1119 2128 1132 2150 ‘
1150 2143 1238 2173 uno
1267 2127 1369 2187 plus
1397 2140 1420 2170 e
1448 2125 1606 2172 Tuscis
1633 2125 1831 2175 cadent,‹

207 2197 431 2242 Romanus
469 2201 691 2245 exercitus
728 2201 878 2245 uictor
913 2200 1111 2245 abibit':
1153 2198 1272 2258 quod
1300 2204 1344 2241 et
1370 2196 1545 2242 accidit.
1620 2198 1659 2240 6.
1698 2195 1804 2240 Cum

207 2268 367 2312 Bruttii
405 2275 537 2327 alque
565 2270 729 2313 Lucani
770 2271 873 2315 odio
911 2271 1224 2324 incitatissimo
1261 2266 1485 2312 Thurinae
1519 2265 1646 2310 urbis
1683 2271 1806 2324 pete-

144 2351 186 2382 30
209 2343 309 2382 rent
345 2338 559 2382 excidium
598 2346 641 2383 et
669 2339 712 2383 C.
740 2340 971 2385 Fabricius
997 2341 1218 2385 Luscinus
1246 2352 1339 2383 cos.
1367 2335 1650 2384 defenderet,
1689 2334 1806 2379 Mars

206 2407 332 2452 uisus
369 2413 438 2451 est
465 2422 546 2467 per
572 2410 757 2453 mediam
783 2410 982 2454 hostium
1011 2411 1148 2454 aciem
1186 2408 1239 2453 ad
1265 2407 1489 2452 contraria
1517 2411 1661 2449 castra
1699 2417 1808 2449 eua-

207 2478 334 2526 sisse,
370 2477 472 2521 inde
508 2491 620 2522 uoce
659 2480 830 2537 ingenti
870 2479 1105 2524 clamitans
1145 2479 1310 2522 sactum
1347 2476 1566 2522 uictoriae
1602 2473 1804 2534 gradum.

207 2547 326 2605 quod
353 2560 406 2591 eo
434 2547 520 2591 suit
547 2548 854 2593 manifestius:
894 2563 994 2593 nam
1021 2563 1119 2593 cum
1148 2563 1238 2593 cos.
1267 2548 1386 2591 inter
1412 2544 1700 2590 honorandos
1727 2544 1807 2586 mi-

318 2683 343 2720 6
365 2683 535 2721 etuscis
557 2684 617 2721 P:
651 2685 799 2722 erusci
822 2684 878 2730 B,
911 2684 1097 2723 Etrusci
1121 2693 1170 2733 ςς
1204 2683 1260 2734 ef.
1281 2683 1378 2723 Liu.
1400 2684 1443 2731 2,
1466 2684 1503 2722 7.
1527 2682 1552 2718 2
1581 2691 1671 2718 uno
1701 2677 1805 2729 PIUS

206 2736 452 2775 Tuscorum
477 2737 697 2777 cecidisse
720 2740 766 2777 in
791 2740 888 2779 acie
951 2742 1000 2778 12
1025 2738 1251 2778 excidium
1274 2737 1362 2777 Pb:
1395 2736 1566 2776 exitum
1589 2733 1653 2779 B;
1683 2734 1739 2784 cf.
1765 2735 1804 2784 l,

205 2794 244 2837 8,
268 2795 308 2831 5·
341 2793 380 2837 2,
406 2794 470 2837 10,
493 2794 531 2830 4.
569 2795 608 2838 3,
633 2796 671 2839 2,
695 2794 749 2832 Ε.
774 2797 814 2835 8.
851 2799 885 2839 7,
913 2797 952 2841 3,
977 2796 1029 2834 Ε.
1056 2797 1081 2834 4
1152 2796 1203 2834 13
1233 2793 1462 2832 Luscinus
1491 2791 1551 2830 P:
1582 2788 1804 2828 luscinias

205 2847 264 2886 B·
308 2848 360 2886 14
383 2847 599 2897 ancipitis
622 2848 662 2886 B
684 2845 702 2900 Η
724 2853 912 2888 euentus
936 2851 959 2889 Ι)
1019 2852 1073 2889 24
1095 2849 1386 2888 terrebantur
1407 2846 1448 2885 B

318 2904 370 2942 27
388 2903 568 2941 Etrusci
596 2903 762 2946 Veorr,
785 2901 803 2955 Η
827 2904 960 2943 cadet
982 2900 1035 2944 V'
1093 2907 1146 2945 28
1165 2908 1210 2944 et
1225 2905 1374 2943 uictor
1398 2903 1439 2941 V
1495 2903 1547 2942 32
1564 2900 1736 2939 iactum
1753 2891 1807 2939 V'
