1924 3152
736 137 854 183 CAP.
883 136 968 188 vn,
1009 135 1039 195 g
1070 138 1208 181 1—3.
1690 127 1790 182 147

157 248 378 322 plebem
402 247 555 302 Iouis
583 246 779 317 optimi
814 243 1042 297 maximi
1067 243 1381 315 puluinaria
1406 251 1599 312 petens
1625 244 1792 298 comi-

157 329 270 374 tem
292 319 508 375 habuit.
557 317 804 370 restabat
828 322 889 368 ut
913 315 1167 369 tribunus
1203 316 1351 387 apud
1374 314 1649 388 populum
1675 316 1792 369 sine

159 391 361 464 populo
408 397 595 460 ageret
636 388 994 458 desertusque
1035 388 1094 439 in
1128 386 1248 440 foro
1297 405 1422 440 cum
1458 405 1658 457 magno
1705 405 1793 440 ca-

159 463 401 517 lumniae
438 478 568 512 suae
604 458 844 513 ludibrio
882 457 1029 511 solus
1065 463 1389 511 moraretur.
1452 458 1604 511 cuius
1642 457 1791 512 deui-

161 534 320 588 tandi
364 531 580 585 ruboris
629 548 799 582 causa
833 530 891 581 in
927 527 1262 599 Capitolium
1307 529 1578 599 processit
1617 529 1792 601 deque
1814 543 1835 576 5

161 611 480 659 accusatore
507 600 780 672 Scipionis
807 607 1102 653 uenerator
1126 601 1307 653 factus
1338 609 1439 653 est.

265 675 318 728 2.
358 673 516 727 Auiti
542 671 769 743 spiritus
807 671 1060 741 egregius
1088 688 1373 724 successor
1399 671 1582 742 Scipio
1609 671 1793 724 Aemi-

162 748 340 800 lianus
356 785 370 813 ,
399 763 526 797 cum
549 743 745 797 urbem
771 740 1152 813 praeualidam
1180 741 1487 810 obsideret,
1518 742 1792 795 suadenti-

160 819 267 872 bus
295 814 627 888 quibusdam
662 821 723 867 ut
750 815 897 866 circa
922 814 1139 866 moenia
1174 813 1289 866 eius
1318 814 1524 866 ferreos
1553 813 1791 866 murices

165 893 449 960 spargeret
484 885 776 956 omniaque
811 885 957 937 uada
982 883 1280 955 plumbatis
1309 883 1512 938 tabulis
1552 892 1791 939 conster-
1817 898 1858 931 10

162 966 318 1012 neret
343 956 675 1010 habentibus
702 955 985 1009 clauorum
1011 955 1318 1022 cacumina,
1356 974 1424 1008 ne
1453 955 1639 1009 subita
1675 973 1792 1008 eru-

162 1030 353 1102 ptione
395 1029 578 1082 hostes
631 1028 688 1079 in
730 1026 1010 1098 praesidia
1060 1034 1251 1080 nostra
1300 1028 1566 1098 impetum
1609 1026 1794 1079 facere

161 1107 401 1173 possent,
429 1097 717 1169 respondit
735 1117 846 1151 non
872 1116 991 1150 esse
1017 1098 1265 1150 eiusdem
1287 1105 1340 1150 et
1360 1116 1554 1169 capere
1580 1096 1793 1169 aliquos

162 1171 304 1224 uelle
330 1178 385 1224 et
410 1169 621 1223 timere.

270 1243 323 1295 3.
361 1241 427 1294 In
452 1258 851 1312 quamcumque
885 1238 1328 1292 memorabilium
1363 1246 1576 1310 partem
1615 1257 1793 1292 exem·
1818 1253 1860 1287 15

163 1312 380 1385 plorum
407 1319 724 1376 conuertor,
760 1309 932 1362 uelim
958 1310 1217 1377 nolimue7
1246 1311 1303 1361 in
1328 1311 1653 1379 cognomine
1681 1309 1794 1363 Sci-

162 1385 389 1455 pionum
414 1386 670 1435 haeream
694 1400 918 1435 necesse
945 1389 1046 1434 est.
1102 1381 1195 1453 qui
1232 1381 1379 1433 enim
1404 1380 1534 1434 licet
1558 1381 1662 1435 hoc
1689 1381 1796 1434 loci

163 1455 424 1507 Nasicam
448 1453 778 1526 praeterire,
818 1452 1040 1505 fidentis
1081 1452 1251 1504 animi
1279 1452 1520 1523 dictique
1559 1451 1794 1505 clarissi-

163 1545 314 1579 mum
364 1524 683 1579 auctorem?
743 1542 994 1577 annonae
1053 1524 1286 1577 caritate
1339 1524 1681 1577 increscente
1733 1523 1794 1577 O.

165 1597 443 1649 Curiatius
485 1604 554 1649 tr.
598 1594 673 1665 pl.
722 1593 1020 1665 productos
1071 1595 1125 1645 in
1180 1594 1493 1648 contionem
1542 1594 1795 1648 consules
1817 1611 1861 1643 20

165 1666 514 1737 conpellebat
555 1675 617 1719 ut
661 1666 727 1718 de
774 1665 1051 1717 frumento
1098 1664 1328 1718 emendo
1375 1665 1554 1736 adque
1602 1664 1662 1717 id
1704 1684 1796 1718 ne—

167 1738 383 1807 gotium
429 1735 815 1806 explicandum
859 1735 1144 1788 mittendis
1180 1735 1377 1804 legatis
1423 1735 1482 1786 in
1527 1737 1680 1787 curia
1714 1754 1795 1788 re-

167 1809 396 1861 ferrent.
458 1807 610 1859 cuius
658 1806 899 1858 instituti
941 1807 1166 1857 minime
1203 1805 1357 1857 utilis
1408 1806 1798 1876 interpellandi

168 1879 350 1949 gratia
373 1878 579 1930 Nasica
603 1877 937 1930 contrariam
964 1876 1234 1929 actionem
1261 1875 1433 1928 ordiri
1459 1877 1655 1947 coepit.
1704 1877 1797 1929 ob-

170 1958 446 2020 strepente
484 1947 683 2001 deinde
716 1947 878 2018 plebe
921 1954 1126 2000 ‘tacete
1139 1988 1153 2014 ,
1206 1965 1437 2018 quaeSO‚
1492 1947 1792 2014 Quirites’:
1819 1962 1862 1995 25

168 2021 348 2092 inquit
394 2018 546 2090 ‘plus
584 2036 684 2087 ego
725 2019 871 2071 enim
907 2037 1073 2089 quam
1115 2036 1214 2071 uos
1252 2017 1386 2089 quid
1425 2019 1506 2070 rei
1543 2017 1796 2089 publicae

170 2090 432 2162 expediat
474 2089 783 2159 intellego'.
847 2108 954 2160 qua
987 2107 1123 2142 uoce
1169 2090 1359 2142 audita
1403 2107 1590 2142 omnes
1634 2088 1794 2161 pleno

169 2161 542 2215 uenerationis
571 2160 786 2213 silentio
813 2161 1078 2214 maiorem
1114 2161 1460 2214 auctoritatis
1490 2161 1605 2213 eius
1633 2157 1798 2232 quam

173 2251 397 2286 suorum
424 2232 809 2285 alimentorum
833 2239 1145 2302 respectum
1173 2239 1420 2302 egerunt.

280 2355 320 2397 3.
357 2353 571 2398 Annonae
597 2352 786 2397 caritate
812 2353 1120 2402 increscente,
1157 2365 1260 2397 cum
1286 2351 1391 2397 trib.
1420 2350 1539 2412 pleb.
1570 2351 1616 2396 C.
1643 2350 1797 2396 Curia·
1819 2360 1863 2393 30

173 2421 266 2467 tius
309 2423 489 2468 iuberet
525 2423 668 2467 coemi
707 2422 1011 2471 frumentum,
1057 2421 1215 2468 Nasica
1252 2424 1527 2468 contrariam
1572 2424 1796 2468 actionem
1820 2401 1901 2435 Par

175 2506 310 2538 orsus
348 2492 643 2551 obstrepente
671 2492 842 2552 populo
882 2493 895 2514 ‘
915 2493 1086 2538 tacete'
1125 2492 1299 2553 inquit:
1340 2489 1535 2538 ‘melius
1562 2494 1681 2538 enim
1709 2506 1797 2551 ego

174 2575 310 2624 quam
336 2576 421 2608 uos
449 2561 557 2622 quid
583 2562 646 2606 rei
673 2561 882 2622 publicae
908 2563 1115 2622 expediat
1139 2561 1356 2622 intellego
1372 2563 1402 2608 '.

291 2674 342 2712 11
380 2671 595 2712 acumina
627 2671 671 2712 Γ
734 2671 785 2711 16
825 2674 1069 2712 conuertor
1096 2672 1139 2711 B
1167 2684 1270 2724 mys
1312 2675 1529 2714 conuerto
1559 2671 1600 2712 B
1638 2675 1681 2712 in
1709 2684 1798 2715 ras.

167 2742 228 2772 m.
260 2732 287 2770 3
349 2730 402 2770 18
431 2728 678 2768 clarissimi
705 2727 847 2770 Periz.
911 2729 962 2768 19
992 2727 1365 2769 increbrescente
1394 2728 1456 2777 B,
1498 2743 1573 2770 em.
1603 2742 1626 2769 e
1648 2729 1688 2769 P
1746 2729 1798 2769 21

172 2786 282 2837 fort.
307 2784 575 2834 coemendo,
609 2799 648 2826 u.
673 2785 714 2824 P
737 2780 756 2839 ΙΙ
786 2783 936 2836 adque
958 2784 1008 2824 b:
1040 2788 1182 2836 atque
1203 2784 1258 2833 B,
1294 2788 1435 2838 atque
1458 2785 1516 2826 ad
1536 2785 1621 2825 EF
1675 2787 1729 2826 22
1752 2785 1801 2825 in

179 2841 309 2882 curia
339 2842 373 2882 0
398 2854 540 2884 cor-ru:
578 2842 626 2881 in
658 2841 835 2882 curiam
864 2841 926 2889 B,
967 2841 1016 2880 in
1046 2840 1225 2883 Suriam
1253 2842 1397 2886 Periz.
1475 2844 1530 2884 25
1568 2842 1712 2884 tacite
1734 2836 1801 2888 ,θ’

175 2898 232 2938 26
254 2910 338 2950 ego
362 2900 483 2939 enim
504 2898 546 2938 B
567 2899 670 2939 add.
694 2899 826 2952 siquis
849 2899 1195 2951 transpositionis

291 2956 344 2995 30
367 2956 570 2996 curatius
599 2955 646 2995 V

1438 3025 1545 3078 10*
