1924 3152
877 0 906 12 Τ
963 0 991 29 γχῖὲ
1006 0 1246 31 ’Πὶιῖἷὶζῗ”ῗῖῗ1ἦῖ“ἶξῇενι
1262 11 1265 14 .
1285 4 1330 28 ’,ἑτέ
1350 7 1363 30 >V
1410 15 1424 31 γ’
1475 30 1478 32 q

1015 42 1022 46 ,
1244 28 1386 53 'stus-aff,
1409 46 1417 53 .
1441 31 1459 51 Ἃ·
1497 35 1500 42 ·

218 96 322 187 318
918 143 1017 188 Lm.
1057 143 1124 188 v1.

219 265 378 316 quem
413 246 634 316 quidem
669 246 892 299 fortuna
927 248 1073 301 inter
1107 259 1428 304 ornamenta
1466 261 1520 304 et
1555 251 1827 309 dedecora

219 316 430 368 alterna
456 316 576 368 uice
603 317 878 384 uersauit,
915 318 1204 372 consulatu
1228 319 1371 372 illius
1400 321 1822 394 damnationem,

218 386 554 439 damnationi
580 405 867 439 censuram
894 388 1215 442 subiciendo
1243 399 1296 442 et
1322 409 1496 462 neque
1521 393 1682 447 bonis
1703 413 1824 447 eum

216 457 494 525 perpetuis
521 457 632 508 frui
666 476 841 528 neque
878 459 1035 511 malis
1071 461 1306 513 aeternis
1343 462 1708 531 ingemescere
1732 485 1825 536 pa-

172 548 191 579 5
215 526 419 578 tiendo.

324 597 405 647 11.
445 596 631 649 Isdem
666 598 878 650 uiribus
914 600 995 651 uti
1021 599 1198 652 uoluit
1223 601 1279 652 in
1306 601 1403 653 Cn.
1433 601 1684 657 Cornelio
1712 604 1823 657 Sci-

212 667 373 736 pione
401 667 590 721 Asina.
643 668 735 738 qui
763 668 951 720 consul
978 689 1010 721 a
1035 670 1233 723 Poenis
1263 671 1411 741 apud
1435 672 1669 742 Liparas
1697 693 1761 726 ca
1803 707 1820 713 —

212 746 326 802 ωε,
365 756 488 789 cum
523 736 654 790 belli
681 739 797 790 iure
825 739 1006 791 omnia
1040 741 1396 809 perdidisset,
1435 741 1660 796 laetiore
1696 694 1820 798 sufi-

210 807 339 858 inde
375 806 533 859 uultu
569 808 684 859 eius
720 808 939 861 adiutus
978 819 1172 862 cuncta
1215 813 1586 881 recuperauit,
1634 815 1822 866 consul

148 899 188 930 10
213 877 376 929 etiam
402 878 603 930 iterum
629 887 844 931 creatus
874 889 968 934 est.
1031 880 1151 950 quis
1180 881 1427 934 crederet
1453 881 1604 934 illum
1631 901 1663 935 a
1690 883 1817 937 duo-

211 947 385 999 decim
423 949 703 1001 securibus
744 949 815 1001 ad
849 951 1396 1019 Karthaginiensium
1430 962 1821 1022 peruenturum

210 1019 469 1070 catenas?
519 1019 639 1099 quis
675 1038 863 1071 rursus
903 1021 1246 1074 existimaret
1272 1026 1312 1073 a‘
1329 1022 1549 1075 Punicis
1587 1023 1819 1076 uinculis

209 1088 281 1139 ad
307 1089 504 1139 summi
530 1090 745 1159 imperii
770 1100 1162 1160 peruenturum
1186 1091 1463 1160 insignia?
1512 1093 1610 1146 sed
1636 1103 1821 1147 tamen

210 1177 280 1209 ex
306 1158 528 1211 consule
555 1161 806 1229 captiuus
835 1170 888 1213 et
915 1180 984 1213 ex
1010 1162 1230 1232 captiuo
1259 1164 1450 1215 consul
1477 1173 1560 1216 est
1585 1163 1783 1218 factus,

144 1248 184 1280 15
317 1229 399 1279 12.
441 1229 616 1296 Quid,
656 1229 854 1282 Crasso
892 1250 1068 1284 nonne
1105 1233 1367 1303 pecuniae
1394 1233 1715 1302 magnitudo
1744 1235 1818 1287 lo-

209 1298 437 1368 cupletis
465 1318 660 1351 nomen
688 1300 875 1353 dedit?
923 1302 1020 1354 sed
1056 1302 1232 1354 eidem
1267 1312 1460 1372 postea
1492 1305 1681 1374 inopia
1706 1313 1816 1356 tur-

206 1387 332 1437 pem
358 1368 659 1422 decoctoris
688 1370 1110 1440 appellationem
1135 1373 1351 1438 inussit‚
1380 1373 1650 1442 siquidem
1675 1375 1819 1427 bona

209 1438 323 1490 eius
353 1458 384 1490 a
410 1438 789 1507 creditoribus,
819 1442 947 1511 quia
970 1441 1205 1494 solidum
1231 1451 1509 1511 praestare
1536 1458 1642 1496 non
1668 1453 1815 1513 pote-

206 1518 316 1574 rat,
368 1509 673 1561 uenierunt.
737 1513 771 1577 ’ἶ-
806 1511 992 1581 itaque
1034 1515 1052 1578 [
1093 1513 1173 1579 ui]
1213 1531 1398 1564 amara
1433 1512 1816 1582 suggillatione

142 1600 183 1632 20
206 1596 315 1629 non
341 1579 534 1645 caruit,
563 1598 684 1630 cum
713 1598 876 1649 egens
905 1582 1067 1634 ambu
1093 1592 1226 1648 aret,
1256 1583 1408 1635 diues
1437 1583 1505 1635 ab
1533 1601 1815 1636 occurren-

205 1649 354 1701 tibus
383 1649 744 1702 salutabatur.
1652 1665 1668 1673 ³

314 1719 397 1771 13.
438 1719 696 1772 Crassum
733 1739 893 1773 casus
932 1722 1233 1775 acerbitate
1261 1723 1325 1788 Q.
1355 1722 1555 1793 Caepio
1591 1742 1813 1794 praecu-

204 1790 392 1842 currit.
443 1790 489 1842 is
518 1808 749 1861 namque
814 1801 1065 1845 raeturae
1093 1791 1394 1862 splendore,
1423 1793 1684 1864 triumphi
1710 1793 1815 1846 cla-
1879 1792 1888 1800 ’

202 1860 385 1927 ritate,
414 1860 729 1913 consulatus
760 1810 981 1927 (iecore,
1010 1863 1234 1914 maximi
1260 1864 1533 1933 pontificis
1563 1864 1812 1917 sacerdo-

137 1951 178 1983 25
203 1931 278 1982 tio
305 1939 366 1982 ut
388 1939 607 1983 senatus
629 1939 892 2002 patronus
921 1933 1193 1985 diceretur
1219 1934 1529 2001 adsecutus,
1556 1935 1613 1985 in
1637 1933 1810 2004 publi-

87 2047 179 2082 Par.
205 2026 468 2093 oppressus,
497 2042 655 2094 postea
683 2049 846 2080 censor
873 2036 1294 2082 cumL.Censorino
1317 2044 1493 2083 creatus
1522 2045 1603 2082 est.
1645 2037 1806 2082 ll.Cn.

202 2103 438 2148 Cornelius
465 2103 614 2164 Scipio
642 2105 780 2150 Asina
807 2120 900 2150 cos.
931 2121 951 2150 a
977 2106 1143 2150 Poenis
1171 2107 1290 2165 apud
1309 2106 1492 2166 Liparas
1521 2113 1680 2166 captus
1708 2120 1808 2151 cum

201 2173 309 2218 belli
338 2174 435 2218 iure
461 2174 609 2218 omnia
636 2174 924 2234 perdidisset,
953 2182 1114 2221 cuncta
1140 2177 1453 2235 recuperauit:
1494 2176 1653 2222 consul
1675 2176 1807 2222 etiam

200 2250 357 2303 postea
380 2250 559 2289 creatus
587 2251 670 2289 est.
747 2246 814 2288 12.
856 2245 1065 2295 Crassus,
1105 2247 1181 2305 qui
1220 2245 1422 2306 locuples
1461 2248 1807 2306 cognomInatus

135 2324 178 2356 30
202 2320 272 2358 est
298 2313 355 2359 ob
383 2314 542 2358 nimias
570 2315 773 2365 diuitias,
801 2322 960 2375 postca
986 2317 1120 2375 inops
1147 2316 1295 2361 lactus
1324 2330 1408 2376 per
1433 2316 1577 2362 risum
1601 2316 1728 2362 diues
1753 2317 1806 2362 ab

194 2454 198 2459 .
314 2423 336 2461 1
359 2422 481 2462 inter
501 2426 726 2463 tormenta
748 2417 802 2463 B'
863 2426 887 2464 2
912 2424 1173 2465 consulatui
1190 2425 1218 2464 ‘h
1239 2421 1258 2479 Η
1290 2425 1660 2478 dampnationem
1682 2425 1806 2465 dam-

198 2479 375 2518 nationi
395 2479 438 2518 B
497 2480 542 2533 ¹4
561 2479 868 2532 ingemiscere
891 2482 914 2520 b
993 2483 1016 2520 6
1038 2481 1158 2521 idem
1179 2475 1233 2520 B'
1274 2478 1293 2534 [l
1331 2482 1477 2522 noluit
1497 2476 1552 2522 B'
1572 2487 1618 2521 ut
1637 2483 1807 2521 uidetur·

199 2536 222 2575 7
245 2535 389 2575 Asina
415 2535 652 2576 Glareanus
673 2542 714 2576 et
735 2537 797 2575 P:
829 2538 992 2577 nasica
1014 2538 1056 2576 B
1126 2536 1177 2577 13
1202 2537 1376 2577 summu
1394 2531 1450 2576 B'
1519 2539 1570 2579 15
1591 2549 1741 2578 nonne
1762 2537 1805 2576 B

198 2604 311 2632 corr.
336 2605 358 2631 e
380 2596 522 2632 nonet
582 2594 634 2633 16
656 2590 811 2645 inopia
831 2588 885 2632 B'
948 2595 998 2634 17
1023 2593 1190 2646 appell.
1214 2594 1412 2645 Lipsius:
1445 2593 1804 2647 superlationem

196 2647 252 2694 B,
288 2647 475 2701 insuper
512 2648 871 2702 appellationem
907 2650 1074 2695 Periz.;
1119 2649 1494 2702 suggillationem
1529 2651 1596 2690 ed.
1640 2650 1804 2688 Veneta

197 2709 302 2743 teste
328 2705 475 2745 Colero
529 2707 580 2745 19
603 2709 829 2746 uenerunt
850 2702 906 2744 B'
925 2703 943 2759 l}
965 2707 1076 2758 itaq.
1103 2706 1179 2758 qui
1201 2706 1325 2757 (quia
1336 2706 1376 2757 b)
1397 2706 1450 2754 B,
1473 2707 1544 2746 ita
1568 2706 1652 2756 (uel
1671 2703 1802 2755 itaq.)

198 2771 375 2812 quoque
398 2762 516 2808 dett„
539 2763 653 2812 itaq.
678 2763 750 2802 sui
771 2762 977 2802 Foertselz
998 2762 1038 2808 I,
1052 2765 1125 2807 21;
1145 2764 1237 2814 ipse
1261 2763 1446 2803 tentaui:
1467 2762 1621 2813 itaque
1645 2771 1802 2823 amara.

142 2864 143 2867 Ἴ
175 2828 234 2856 Δε.
265 2829 356 2856 non
385 2817 555 2867 caruit3
600 2831 700 2857 cum
733 2818 852 2858 enim
876 2831 1015 2871 egens
1037 2823 1116 2858 etc.
1197 2820 1250 2859 22
1293 2818 1591 2859 aceruitatem
1625 2828 1728 2867 qu*
1750 2815 1790 2854 B

0 2888 74 2954 w
111 2871 146 2918 As⁴
195 2873 248 2913 23
273 2872 488 2925 splendor
511 2877 556 2912 et
577 2874 795 2925 triumphi
816 2867 871 2914 B'

21 2955 27 2957 Δ
309 2931 363 2970 30
382 2942 466 2983 per
486 2929 626 2969 risum
648 2930 953 2971 Kellerbauer:
984 2943 1064 2982 pro
1089 2930 1182 2970 risu
1210 2932 1251 2970 V

44 2990 84 3015 ‘¹³5¹
