1924 3152
169 113 273 167 168
862 111 964 163 LIB.
1000 118 1087 163 1111.

273 225 462 296 Neque
496 225 605 277 alia
641 225 756 276 eius
793 224 850 276 in
886 242 1117 277 censura
1152 224 1454 280 moderatio
1489 246 1589 298 pro
1613 230 1782 283 tribu·

165 296 279 348 nali
304 296 576 366 apparuit.
629 295 903 347 centurias
929 312 1321 365 recognoscens
1349 297 1609 368 equitum,
1637 308 1785 370 post-

168 385 330 436 quam
368 367 428 418 C.
464 365 743 417 Licinium
778 364 1133 418 Sacerdotem
1180 366 1407 420 citatum
1450 369 1786 438 processisse

168 436 587 503 animaduertit,
641 435 784 488 dixit
822 454 879 488 se
915 437 1051 489 scire
1098 435 1252 488 illum
1286 437 1472 491 uerbis
1511 441 1784 510 conceptis

126 526 146 558 5
168 507 470 577 peierasse:
512 506 765 577 proinde,
794 507 842 558 si
870 507 991 576 quis
1020 525 1142 559 eum
1169 525 1424 560 accusare
1449 507 1633 577 uellet,
1660 529 1788 562 usu-

166 597 288 629 rum
315 577 628 631 testimonio
658 595 771 630 suo.
836 577 932 629 sed
957 576 1106 630 nullo
1134 578 1204 630 ad
1235 577 1294 629 id
1319 580 1601 648 negotium
1638 598 1789 633 acce-

170 648 329 700 dente
358 646 640 699 ‘transduc
667 654 906 718 equum',
934 648 1111 718 inquit
1138 647 1444 715 ‘SacerdOS,
1473 668 1538 702 ac
1555 649 1786 702 lucrifac

168 719 471 771 censoriam
496 725 710 783 notam,
738 736 807 770 ne
834 735 933 787 ego
962 719 1018 769 in
1044 725 1138 770 tua
1163 736 1399 788 persona
1425 726 1478 771 et
1505 730 1787 775 accusato-

168 790 243 841 ris
272 796 324 841 et
348 789 505 842 testis
534 797 588 841 et
612 788 812 841 iudicis
841 796 1023 858 partes
1052 789 1230 857 egisse
1254 787 1486 841 uidear?

103 878 146 910 10
278 860 362 911 11.
399 858 562 924 Quod
582 859 751 910 animi
770 866 1259 928 temperamentum
1279 859 1443 911 etiam
1466 859 1523 911 in
1542 859 1610 926 Q.
1629 859 1793 913 Scae-

167 930 317 997 uola⁷
371 928 828 982 excellentissimo
879 929 998 982 uiro
1015 968 1029 995 ‚
1083 927 1406 981 adnotatum
1455 937 1554 982 est.
1629 932 1787 983 testis

167 1018 403 1071 namque
449 1001 507 1051 in
551 1018 704 1052 reum
746 999 1073 1069 productim,
1124 1017 1248 1051 cum
1292 999 1350 1052 id
1394 1000 1788 1071 respondisset,

204 1070 317 1123 uod
355 1069 586 1122 salutem
622 1069 984 1140 periclitantis
1021 1070 1353 1139 magnopere
1397 1070 1672 1123 laesurum
1707 1072 1792 1124 ui-

211 1142 430 1205 ebatur,
472 1140 756 1193 discedens
786 1139 985 1192 adiecit
1011 1140 1090 1193 ita
1115 1140 1224 1192 sibi
1250 1139 1398 1192 credi
1424 1149 1701 1211 oportere,
1739 1142 1787 1192 si

104 1228 146 1261 15
169 1219 225 1264 et
249 1209 345 1262 alii
371 1211 517 1263 idem
543 1210 976 1275 adseuerassent,
1005 1211 1262 1280 quoniam
1285 1211 1446 1263 unius
1471 1212 1788 1264 testimonio

167 1282 405 1352 aliquem
441 1281 636 1334 cadere
674 1281 902 1351 pessimi
937 1288 1082 1332 esset
1120 1280 1372 1352 exempli.
1445 1288 1500 1333 et
1535 1281 1788 1351 religioni

167 1352 338 1421 igitur
374 1370 504 1404 suae
532 1351 776 1404 debitam
810 1351 975 1403 fidem
1011 1359 1065 1403 et
1091 1352 1364 1404 communi
1388 1350 1619 1404 utilitati
1644 1352 1790 1405 salu-

166 1423 264 1476 bre
291 1422 579 1474 consilium
603 1421 863 1474 reddidit.
1087 1468 1104 1486 „

280 1491 362 1544 12.
426 1491 613 1544 Sentio
660 1509 793 1562 quos
846 1492 993 1544 ciues
1040 1509 1247 1561 quaeue
1292 1491 1441 1544 facta
1491 1509 1680 1546 eorum
1724 1509 1788 1544 ac

104 1581 148 1614 20
171 1562 320 1615 dicta
344 1580 508 1632 quam
534 1571 768 1631 angusto
795 1562 1008 1616 ambitu
1035 1562 1295 1615 orationis
1314 1561 1647 1632 amplectar:
1690 1562 1788 1614 sed

167 1651 290 1686 cum
325 1651 526 1702 magna
552 1631 687 1684 mihi
723 1641 885 1703 atque
952 1632 1187 1684 ermulta
1228 1630 1492 1703 [breuiter
1555 1630 1795 1684 dicenda

168 1704 303 1770 sint,
342 1702 587 1756 claritate
615 1702 906 1775 excellenti
948 1721 1012 1754 us
1038 1703 1174 1754 uiris
1203 1720 1380 1756 sermo
1416 1703 1474 1754 in
1516 1702 1643 1755 nitis
1669 1720 1791 1773 per-

168 1774 315 1826 sonis
341 1773 614 1844 rebusque
651 1774 1013 1826 circumfusus
1049 1779 1339 1843 utrumque
1374 1781 1656 1842 praestare
1681 1790 1791 1825 non

212 1844 371 1897 otuit.
423 1844 606 1914 itaque
633 1843 904 1914 propositi
930 1861 1145 1913 quoque
1171 1843 1349 1894 nostri
1373 1842 1515 1895 ratio
1541 1860 1652 1895 non
1675 1840 1792 1893 lau·

104 1932 145 1965 25
207 1914 350 1967 anda
394 1914 501 1967 sibi
550 1914 758 1978 omnia,
815 1912 912 1965 sed
946 1911 1289 1966 recordanda
1333 1912 1583 1983 sumpsit.
1659 1929 1790 1982 qua-

53 2029 146 2066 Par.
171 2018 365 2064 columis
392 2017 608 2063 seruent'
627 2035 635 2062 :
676 2032 727 2063 ac
753 2018 966 2077 protinus
993 2016 1049 2063 ad
1074 2017 1193 2062 hunc
1218 2016 1403 2061 modum
1429 2029 1611 2062 carmen
1638 2029 1792 2062 emen-

169 2088 264 2134 dari
284 2088 433 2134 iussit.
459 2112 519 2120 —
540 2087 660 2132 Idem
681 2088 726 2131 in
749 2100 939 2132 censura
959 2088 1190 2132 centurias
1212 2087 1414 2147 equitum
1435 2099 1790 2145 recognoscens,

168 2164 415 2219 postquam
452 2158 496 2203 C.
524 2157 748 2203 Licinium
777 2156 1064 2202 Sacerdotem
1101 2159 1287 2202 citatum
1325 2156 1610 2216 processisse
1645 2157 1787 2200 anim-

169 2229 392 2278 aduertit,
433 2228 543 2273 dixit
571 2240 618 2273 se
654 2228 771 2273 scire
797 2240 897 2273 eum
924 2226 1078 2272 uerbis
1105 2225 1341 2286 conceptis
1378 2225 1633 2286 peierasse:
1681 2239 1788 2286 pro-

102 2312 148 2346 30
169 2298 272 2345 inde
299 2300 337 2344 si
364 2297 468 2359 quis
495 2310 596 2343 eum
623 2311 835 2344 accusare
862 2296 1024 2348 uellet,
1052 2310 1243 2343 usurum
1268 2296 1531 2342 testimonio
1559 2310 1657 2342 suo.
1711 2295 1788 2341 scd

170 2368 298 2416 nullo
325 2369 378 2415 ad
405 2369 449 2414 id
476 2370 710 2428 negotium
736 2368 1001 2419 accedente,
1041 2365 1258 2413 ‘traduc'
1285 2368 1436 2428 inquit
1462 2367 1681 2427 ‘equum,
1710 2365 1790 2412 Sa-

171 2440 355 2491 cerdos,
394 2453 446 2485 ac
470 2438 660 2485 lucrifac
694 2440 944 2485 censoriam
971 2444 1150 2489 notam,
1189 2451 1246 2483 ne
1283 2452 1369 2497 ego
1406 2437 1452 2482 in
1488 2443 1567 2483 tua
1591 2450 1790 2497 persona

170 2513 252 2556 sim
281 2516 326 2556 et
353 2510 485 2556 testis
513 2515 560 2555 et
585 2509 719 2555 iudex
744 2515 789 2555 et
815 2515 1053 2556 accusator
1080 2515 1125 2554 et
1146 2509 1345 2555 censor'.
1399 2510 1468 2552 11.
1494 2507 1549 2552 Μ.
1573 2505 1791 2554 Scaeuola

169 2582 303 2627 testis
330 2582 376 2626 in
398 2593 525 2627 reum
551 2580 805 2640 productus
833 2580 1011 2631 adiecit,
1040 2581 1101 2625 ita
1129 2578 1214 2625 sihi
1243 2579 1363 2625 credi
1390 2584 1623 2639 oportere,
1650 2578 1688 2622 si
1714 2576 1791 2622 alii

282 2691 308 2730 9
329 2687 488 2744 testis]
513 2690 614 2732 add.
636 2693 679 2730 in
698 2702 777 2743 my.
795 2689 838 2729 B
861 2692 907 2730 et
928 2689 1132 2731 censoris
1155 2689 1266 2730 eoeP
1323 2689 1377 2727 14
1399 2685 1500 2728 cedi
1519 2677 1577 2727 B'
1638 2684 1691 2724 16
1715 2695 1789 2724 ce-

169 2745 278 2787 dere
299 2744 355 2794 B,
379 2759 454 2789 em.
476 2748 622 2788 Periz.
682 2748 736 2787 20
758 2742 979 2800 angusto]
1002 2746 1051 2786 in
1074 2757 1274 2797 congruo
1296 2743 1339 2784 B
1361 2745 1404 2784 in
1425 2745 1554 2784 litura
1573 2754 1623 2781 m.
1648 2742 1676 2781 3
1735 2740 1788 2780 21

167 2801 373 2843 breuiter
400 2804 552 2843 inclusi
576 2803 868 2844 Foertschz‘um
895 2807 1063 2843 secutus
1141 2802 1194 2842 22
1221 2795 1409 2853 sermo]
1452 2797 1588 2839 stilus
1619 2798 1646 2837 l.
1677 2810 1718 2839 u.
1746 2796 1794 2836 in

166 2871 246 2912 my·
269 2857 338 2956 {3
358 2911 441 2967 M.]
467 2914 521 2964 Q.
552 2914 655 2955 Vin
675 2926 752 2967 my.
