1936 3120
0 0 43 72 F
53 0 120 31 2323,-
138 0 140 2 .
242 0 247 5 η
267 0 286 13 5
320 0 339 14 j
365 0 375 3 -ν
387 0 399 13 ,¹
442 23 452 27 γ’
471 0 496 17 ,3-
506 0 564 26 '253ss
574 0 644 30 ’,ῥῶ-γ
653 0 671 10 -,-
680 0 711 22 ’μιν
728 2 733 7 ,
749 0 782 17 3¹³)
802 2 813 14 ἰ,
835 21 837 24 ¹
850 0 858 4 ν
873 0 876 2 v
892 0 1302 34 ςζρἾ-ΐρῂνχῑζιτπι-ῃῗεω
1319 16 1321 18 Ι
1333 7 1421 30 ,ζμ-κὴ
1443 23 1446 26 ,
1458 27 1459 30 Ἰ
1481 23 1498 35 „-

22 66 35 73 .,
444 70 447 73 Δ
828 66 835 70 -
1436 65 1465 79 47

211 157 320 211 420
737 130 742 132 ἓ
899 160 1000 205 ΜΒ.
1038 160 1139 207 v111.

219 278 300 323 tes
341 268 610 338 inquietas
657 266 967 335 exigentem
1014 268 1403 338 quaerentibus
1456 270 1590 340 quid
1636 270 1715 323 ita
1759 289 1826 324 *eo

218 348 460 409 tempore
486 337 543 388 in
569 335 787 407 publico
815 346 1127 390 uersaretur
1152 338 1527 409 respondisse:
1570 343 1585 368 ‘
1626 340 1719 392 uia
1742 359 1827 392 me

218 417 446 479 tropaea
470 405 734 459 Miltiadis
765 406 832 459 de
857 425 1043 461 somno
1071 409 1351 461 excitant’.
1425 409 1607 462 Marat
1648 429 1718 463 on
1751 411 1828 462 ni-

219 479 414 531 mirum
440 478 682 530 animum
709 477 823 529 eius
852 477 922 530 ad
950 478 1306 530 Artemisium
1332 487 1386 532 et
1412 478 1708 546 Salamina,
1735 499 1827 532 na-

172 564 194 596 5
218 547 354 601 ualis
382 546 587 617 gloriae
613 546 817 600 fertilia
842 549 1064 600 nomina
1080 588 1094 615 ,
1122 548 1464 602 inlustranda
1488 550 1668 603 tacitis
1696 549 1827 602 faci-

216 620 319 672 bus
347 618 631 671 incitabat.
682 617 830 670 idem
856 618 1130 671 theatrum
1163 627 1350 689 petens
1379 638 1502 672 cum
1526 621 1828 690 interroga-

217 696 369 741 retur
404 689 557 741 cuius
595 707 707 742 uox
755 689 947 741 auditu
982 687 1066 740 illi
1100 689 1286 742 futura
1322 697 1466 749 esset
1497 690 1825 760 gratissima,

218 759 360 812 dixit
398 760 534 812 ‘eius
564 777 597 810 a
622 777 726 829 quo
755 766 898 811 artes
925 777 1078 811 meae
1105 759 1305 829 optime
1332 767 1638 812 canentur'.
1715 760 1826 813 dul-

218 828 467 883 cedinem
493 829 718 899 gloriae,
746 832 919 899 paene
947 829 1121 881 adieci
1146 830 1466 898 gloriosam!

154 917 195 949 ιο
323 899 373 952 2.
412 899 555 951 Nam
582 897 885 951 Alexandri
922 907 1110 969 pectus
1146 899 1460 952 insatiabile
1494 899 1701 966 laudiS‚
1739 901 1830 971 qui

218 969 550 1023 Anaxarcho
574 969 758 1021 comiti
779 988 908 1035 suo„
925 987 994 1020 ex
1014 971 1340 1022 auctoritate
1355 970 1656 1022 Democriti
1675 989 1828 1040 prae-

219 1041 454 1111 ceptoris
491 1038 917 1091 innumerabiles
956 1040 1187 1092 mundos
1226 1058 1346 1092 esse
1381 1039 1663 1107 referenti,
1704 1040 1830 1092 ‘heu

217 1118 323 1162 me’
351 1110 528 1181 inquit
555 1109 854 1175 ‘miserum,
883 1109 1029 1180 quod
1055 1128 1121 1162 ne
1142 1128 1249 1163 uno
1273 1109 1492 1181 quidem
1511 1110 1689 1163 adhue
1711 1130 1829 1164 sum

218 1181 481 1252 potitusl'
546 1187 783 1249 angusta
827 1179 1034 1231 homini
1078 1181 1351 1250 possessio
1407 1179 1657 1251 [gloriae]
1704 1181 1828 1248 fuit,

157 1268 199 1300 15
223 1270 361 1322 quae
390 1249 616 1304 deorum
643 1250 882 1302 omnium
910 1249 1183 1304 domicilio
1211 1251 1433 1303 sufficit.

325 1322 374 1374 3.
417 1321 583 1390 Regis
621 1329 675 1373 et
710 1320 922 1373 iuuenis
959 1320 1419 1390 flagrantissimae
1447 1321 1734 1391 cupiditati
1761 1323 1829 1372 si-

218 1391 402 1444 milem
429 1389 743 1444 Aristotelis
770 1391 827 1441 in
853 1391 1189 1460 capessenda
1223 1390 1382 1443 laude
1421 1392 1568 1443 sitim
1603 1391 1828 1445 subnec-

218 1471 347 1515 tam.
414 1462 460 1513 is
488 1479 719 1531 namque
747 1459 1047 1513 Theodecti
1084 1460 1351 1531 discipulo
1390 1461 1660 1514 oratoriae
1696 1463 1828 1514 artis

217 1531 387 1585 libros
470 1550 566 1584 uos
602 1549 700 1602 pro
741 1531 852 1583 suis
900 1530 1082 1583 ederet
1126 1530 1453 1598 donauerat,
1497 1531 1830 1603 molesteque

155 1619 197 1652 20
219 1611 411 1674 postea
463 1620 617 1654 erens
644 1601 862 1654 titulum
890 1620 1075 1655 eorum
1104 1602 1181 1654 sic
1207 1600 1301 1653 alii
1326 1602 1582 1668 cessisse,
1609 1603 1830 1673 proprio

107 1717 199 1752 Par.
226 1713 490 1753 uersaretur
525 1706 781 1767 respondit:
823 1707 949 1766 ‘quia
986 1721 1055 1751 me
1094 1714 1278 1767 tropaea
1315 1707 1525 1752 Miltiadis
1564 1707 1829 1768 exagitant'.

223 1778 341 1823 idem
380 1779 607 1823 theatrum
643 1784 803 1837 petens
841 1791 941 1822 cum
980 1778 1367 1838 interrogaretur,
1407 1779 1534 1823 cuius
1563 1772 1650 1823 uox
1677 1778 1830 1824 auditu

222 1848 287 1894 illi
314 1848 466 1894 sutura
494 1855 617 1894 esset
644 1849 917 1908 gratissima,
946 1848 1055 1899 dixit
1083 1849 1194 1906 eius,
1225 1862 1248 1893 a
1277 1862 1367 1908 quo
1394 1850 1590 1894 uirtutes
1618 1862 1724 1894 suae
1753 1863 1832 1908 op·

222 1920 330 1965 time
376 1919 671 1965 reserrentur.
747 1923 786 1964 2.
837 1917 1088 1964 Alexander
1132 1933 1232 1964 cum
1278 1919 1480 1965 audisset
1519 1909 1834 1965 Anaxarchum
1878 1960 1885 1967 .

157 1997 198 2030 25
223 1990 433 2036 comitem
461 2004 591 2035 suum
619 1990 842 2035 dicentem
869 1989 1220 2035 innumerabiles
1247 1989 1439 2035 mundos
1467 2003 1581 2040 esse:
1610 1987 1718 2035 ‘heu
1739 1987 1830 2034 me'

222 2062 371 2121 inquit
406 2059 665 2111 ‘miserum‚
711 2060 834 2120 quod
867 2074 922 2107 ne
958 2075 1049 2106 uno
1087 2060 1269 2120 quidem
1305 2060 1450 2106 adhuc
1483 2061 1656 2120 potitus
1693 2058 1828 2104 sum'.

221 2131 494 2176 Aristoteles
533 2145 634 2176 cum
670 2131 952 2176 Theodectae
997 2130 1219 2190 discipulo
1271 2131 1497 2175 oratoriae
1534 2129 1676 2175 libros
1714 2143 1828 2189 quos

222 2215 306 2262 pro
329 2203 422 2246 suis
451 2201 603 2246 ederet
624 2201 851 2252 donasset,
879 2200 1070 2246 moleste
1096 2207 1257 2260 postea
1285 2200 1434 2246 serens
1466 2199 1646 2245 titulum
1673 2213 1830 2245 eorum

223 2271 298 2316 alli
336 2272 554 2322 cessisse,
600 2273 786 2332 proprio
832 2271 1065 2316 uolumine
1111 2271 1378 2331 quibusdam
1426 2269 1561 2316 rebus
1596 2269 1827 2319 insistens,

159 2349 202 2382 30
223 2342 403 2403 planius
431 2341 515 2387 sibi
545 2342 597 2388 de
627 2342 697 2388 his
724 2344 769 2387 in
797 2342 1079 2388 'I'heodectae
1107 2341 1232 2387 libr1s
1261 2342 1428 2387 dictum
1456 2355 1556 2387 esse
1583 2340 1757 2386 adiecit.

335 2454 361 2493 3
386 2455 548 2505 tropea
571 2451 818 2492 miliciadis
841 2452 883 2491 B
918 2453 936 2505 Η
976 2451 1185 2492 marthon
1208 2444 1261 2491 B'
1320 2452 1347 2491 4
1370 2451 1469 2492 eius
1492 2454 1538 2491 et
1561 2449 1832 2491 artimisium

223 2530 278 2536 -—
298 2508 565 2549 incitabant
586 2508 640 2557 B,
664 2521 739 2548 em.
762 2509 902 2551 Periz.
979 2509 1004 2548 5
1026 2506 1315 2548 inlustrando
1338 2507 1360 2548 b
1399 2504 1422 2562 Π
1459 2507 1671 2563 faucibus
1693 2500 1749 2546 B'
1807 2507 1832 2546 8

225 2567 350 2605 artes
373 2565 441 2604 B:
478 2565 677 2605 uirtutes
700 2565 756 2615 P,
791 2565 905 2618 quod
922 2577 1064 2604 uerum
1087 2566 1274 2610 uidetur,
1305 2564 1362 2614 cf.
1388 2564 1471 2605 Cic.
1495 2577 1540 2616 p.
1573 2563 1706 2603 Arc-Iz-
1731 2560 1755 2615 S
1779 2564 1833 2601 20

223 2622 248 2661 9
272 2620 446 2661 adiecit
466 2621 508 2661 B
531 2618 629 2674 (sed
642 2625 660 2661 t
678 2627 808 2662 eoetra
822 2620 1021 2671 uersum),
1040 2634 1114 2662 em.
1133 2622 1303 2673 Lipsius
1320 2617 1340 2675 U
1363 2619 1557 2674 gloriam
1579 2619 1602 2660 b
1645 2621 1698 2660 10
1717 2619 1833 2659 Nam

224 2690 302 2719 om.
323 2677 366 2717 B
386 2678 428 2717 in
450 2691 538 2718 ras.
584 2680 632 2717 11
659 2678 921 2718 anaxachro
943 2671 999 2717 B'
1042 2679 1092 2718 13
1110 2689 1197 2717 nee
1216 2689 1305 2716 uno
1322 2676 1364 2716 B
1406 2678 1458 2717 14
1473 2676 1624 2730 potius
1641 2669 1696 2715 B'
1716 2671 1734 2727 Η
1755 2673 1831 2714 ho-

223 2733 361 2773 minis
383 2734 589 2775 Foertsclz
600 2734 707 2781 I‚26
726 2731 744 2788 Η
767 2733 943 2787 gloriae
967 2735 1048 2776 del.
1070 2735 1212 2775 Perz‘z.
1256 2735 1307 2774 17
1326 2732 1590 2774 aristoteles
1608 2731 1649 2771 B
1691 2731 1742 2770 18
1759 2729 1831 2769 his

224 2788 267 2828 B
288 2795 385 2830 ante
407 2803 496 2830 ras.
518 2787 536 2844 Η
566 2790 807 2831 theoderiti
828 2786 897 2838 B'‚
919 2791 1024 2843 fort.
1049 2789 1359 2837 Theodectae,
1382 2791 1477 2830 item
1498 2788 1617 2839 infra
1677 2787 1728 2827 19
1751 2799 1830 2839 pro

226 2847 321 2886 suis
343 2846 403 2886 P:
436 2859 513 2886 om.
537 2846 579 2888 B

338 2904 392 2942 22
416 2901 573 2943 audita
603 2905 642 2945 V
718 2905 772 2944 27
796 2903 1031 2944 theodecti
1060 2902 1125 2942 V²
1153 2898 1172 2957 Η
1212 2904 1328 2943 immo
1351 2901 1579 2944 oratoriae
1604 2899 1717 2940 artis
1778 2899 1830 2939 28

225 2957 360 2998 titulo
390 2952 446 2999 V'
507 2961 563 3000 30
591 2959 828 3001 theodecti
857 2960 898 2999 V
