1924 3152
683 28 699 37 ,
712 0 1350 31 wisww-mw-m«
1368 2 1375 9 2

659 118 788 185 CAP.
814 138 855 190 Ι,
895 138 925 197 g
951 140 1121 183 5—10.
1375 145 1376 148 ¹
1600 131 1705 184 221

93 301 106 309 „
190 249 242 303 8.
279 249 345 302 L.
373 249 541 302 etiam
565 246 727 299 Pauli
761 246 819 299 in
854 246 952 298 tali
987 263 1187 316 genere
1220 243 1403 300 laudis
1441 246 1708 299 memoria

51 318 552 392 „adprehendenda
577 326 678 371 est.
740 317 835 388 qui
868 335 994 369 cum
1019 317 1226 370 Persen
1298 316 1420 369 arui
1445 317 1706 387 temporis

82 398 356 446 momento
383 390 664 460 captiuum
707 407 778 441 ex
820 406 950 457 rege
992 388 1066 441 ad
1111 406 1169 440 se
1214 405 1246 439 a
1290 387 1415 440 duci
1441 387 1707 455 audisset,

79 462 325 519 occurrit
350 462 402 513 ei
427 460 664 514 Romani
687 458 904 530 imperii
933 458 1220 511 decoratus
1247 458 1596 526 ornamentiS,
1624 478 1708 512 co·

79 541 380 603 natumque
424 531 497 584 ad
532 548 715 600 genua
747 530 1107 600 procumbere
1143 529 1374 582 dextera
1407 548 1574 582 manu
1612 528 1706 582 ad·
1729 541 1750 575 ⁵

77 603 290 658 leuauit
324 610 379 656 et
415 601 632 655 Graeco
670 618 915 654 sermone
952 599 1024 653 ad
1059 619 1213 671 spem
1248 601 1569 655 exhortatus
1606 608 1708 653 est.

78 673 460 728 introductum
485 672 654 729 etiam
679 672 738 723 in
763 671 1185 726 tabernaculum
1211 671 1372 725 lateri
1398 691 1496 726 suo
1523 671 1720 743 proxi--

84 764 234 804 mum
282 745 341 796 in
392 743 623 797 consilio
678 743 867 796 sedere
916 743 1106 810 iussit,
1152 761 1253 796 nec
1300 743 1509 797 honore
1559 761 1708 795 men-

87 835 178 870 sae
227 815 517 884 indignum
565 813 852 867 iudicauit.
914 821 1256 884 proponatur
1303 814 1362 865 in
1411 815 1708 885 conspicuo

85 887 260 954 acieS,
305 904 414 956 qua
456 892 767 956 prostratus
813 893 898 938 est
923 885 1149 952 Perses,
1195 894 1249 939 et
1274 884 1469 938 harum
1504 903 1705 951 rerum,
1732 897 1773 929 10

86 976 223 1030 quas
250 955 456 1023 rettuli,
502 964 792 1010 contextus
806 996 820 1023 ,
867 963 990 1008 utro
1017 956 1192 1025 magis
1221 955 1535 1026 spectaculo
1566 955 1709 1008 dele-

86 1036 301 1083 ctentur
345 1027 592 1080 homines
638 1026 989 1080 dubitabunt.
1052 1045 1182 1078 nam
1230 1028 1276 1079 si
1303 1027 1583 1097 egregium
1627 1035 1710 1079 est

84 1100 301 1157 hostem
327 1098 565 1165 abicere,
602 1116 714 1151 non
737 1098 917 1150 minus
956 1106 1142 1150 tamen
1167 1097 1444 1152 laudabile
1470 1097 1709 1151 infelicis

85 1172 227 1224 scire
252 1169 518 1222 misereri.

193 1241 243 1293 9.
284 1239 440 1292 Haec
474 1239 538 1291 L.
576 1238 734 1291 Pauli
769 1238 1082 1292 humanitas
1121 1239 1382 1293 admonet
1416 1258 1501 1292 me
1537 1258 1605 1291 ne
1643 1239 1710 1292 de
1733 1251 1774 1284 15

86 1311 188 1366 Gn.
213 1311 444 1381 Pompei
469 1308 762 1362 clementia
795 1317 1023 1362 taceam.
1086 1328 1273 1380 regem
1299 1310 1595 1363 Armeniae
1621 1310 1709 1361 Ti-

85 1400 340 1453 granem,
386 1381 479 1452 qui
514 1388 569 1433 et
604 1399 700 1451 per
737 1399 794 1433 se
839 1399 1042 1450 magna
1084 1399 1206 1433 cum
1232 1381 1436 1452 populo
1464 1382 1710 1435 Romano

84 1452 233 1507 bella
257 1459 505 1522 gesserat
541 1459 596 1504 et
619 1451 1041 1504 infestissimum
1065 1452 1191 1505 urbi
1215 1460 1435 1505 nostrae
1460 1451 1711 1506 Mitrida-

85 1533 200 1578 tem
235 1524 412 1578 Ponto
448 1522 673 1593 pulsum
708 1522 920 1576 uiribus
959 1525 1072 1575 suis
1109 1531 1457 1594 protexerat,
1495 1525 1554 1575 in
1589 1541 1710 1576 con-

86 1602 283 1665 spectu
317 1613 414 1647 suo
456 1594 661 1648 diutius
700 1594 880 1647 iacere
916 1593 1220 1665 supplicem
1245 1605 1585 1665 passus‘non
1611 1602 1710 1659 est,
1735 1606 1777 1638 20

86 1665 188 1718 sed
211 1665 466 1734 benignis
502 1664 688 1717 uerbis
726 1673 1035 1718 recreatum
1063 1664 1345 1732 diadema,
1385 1665 1531 1736 quod
1568 1665 1711 1718 abie-

86 1744 258 1803 cerat,
288 1735 455 1805 capiti
481 1753 745 1805 reponere
772 1734 962 1801 iussit,
991 1736 1264 1806 certisque
1289 1736 1453 1788 rebus
1481 1737 1712 1806 impera-

88 1807 161 1859 tis
199 1807 259 1861 in
291 1805 584 1877 pristinum
629 1805 884 1858 fortunae
924 1805 1176 1859 habitum
1219 1807 1488 1873 restituit,
1541 1823 1711 1875 aeque

87 1876 378 1949 pulchrum
403 1875 798 1929 esseiudicans
828 1884 881 1929 et
906 1876 1126 1929 uincere
1153 1894 1311 1945 reges
1341 1885 1394 1929 et
1420 1877 1623 1929 facere.

200 1949 283 2001 10.
326 1947 506 2014 Quam
539 1945 882 2017 praeclarum
925 1947 1166 2000 tributae
1199 1947 1556 2000 humanitatis
1594 1964 1710 2017 spe·
1735 1957 1777 1990 25

89 2019 267 2072 cimen
293 2017 391 2072 Cn.
429 2018 753 2089 PompeiuS,
800 2036 962 2088 quam
1005 2018 1321 2071 miserabile
1366 2018 1712 2071 desideratae

89 2089 238 2142 idem
272 2090 452 2142 euasit
489 2087 825 2159 exemplum!
876 2107 1003 2140 nam
1038 2090 1131 2159 qui
1168 2089 1424 2159 Tigranis
1463 2097 1713 2159 tempora

89 2160 295 2230 insigni
318 2160 470 2230 regio
499 2168 742 2226 texerat,
781 2160 897 2212 eius
926 2168 1118 2231 caput,
1159 2161 1339 2215 tribus
1376 2161 1590 2214 coronis
1618 2160 1712 2212 tri-

88 2229 440 2302 umphalibus
481 2229 799 2302 spoliatum,
850 2231 909 2282 in
944 2250 1041 2285 suo
1076 2231 1238 2286 modo
1276 2239 1546 2285 terrarum
1583 2230 1714 2284 orbe

93 2365 364 2424 ciperarent.
417 2367 456 2408 8.
486 2364 532 2408 L.
552 2363 720 2409 Paulus
748 2378 850 2409 cum
875 2364 1046 2410 Persen
1072 2367 1203 2426 parui
1231 2367 1451 2426 temporis
1478 2371 1710 2411 momento
1735 2378 1777 2409 30

93 2441 275 2494 captum
312 2434 366 2478 ad
393 2449 441 2479 se
470 2434 628 2479 adduci
656 2434 881 2485 audisset,
920 2437 1119 2481 occurrit
1155 2437 1195 2481 ei
1222 2443 1527 2496 conatumque
1553 2435 1607 2480 ad
1634 2448 1710 2496 ge·
1737 2419 1828 2451 Par·

91 2519 181 2550 nua
224 2503 526 2564 procumbere
563 2504 747 2550 dextera
795 2518 930 2550 manu
967 2507 1196 2551 adleuauit
1245 2513 1290 2550 et
1325 2508 1498 2552 honore
1532 2519 1711 2551 mensae

94 2575 280 2634 dignum
307 2574 487 2634 putauit
514 2581 558 2619 et
584 2574 716 2619 lateri
744 2589 827 2620 suo
855 2578 1109 2635 proximum
1146 2576 1191 2621 in
1219 2577 1409 2622 consilio
1438 2576 1596 2621 sedere
1622 2577 1714 2620 ius-

19 2653 26 2681 ῖ
94 2647 168 2691 sit.
230 2647 270 2690 9.
310 2626 658 2705 Cnff’ompeius
686 2645 926 2704 Tigranem
961 2660 1115 2706 regem
1142 2648 1188 2691 in
1214 2652 1464 2706 conspectu
1493 2660 1575 2692 suo
1614 2646 1714 2691 diu·

94 2717 187 2762 tius
224 2717 372 2762 iacere
400 2715 649 2776 supplicem
675 2730 768 2761 non
806 2723 876 2761 est
902 2731 1065 2776 passus
1102 2724 1146 2761 et
1180 2717 1406 2767 diadema,
1444 2717 1565 2777 quod
1594 2717 1714 2762 abie-
1738 2725 1778 2757 3›

11 2903 34 2923 2‘
96 2908 202 2937 cere
223 2897 278 2943 B,
309 2898 389 2937 sed
408 2910 522 2939 corr.
545 2910 596 2937 m.
621 2899 645 2935 1
675 2893 693 2951 ΙΙ
722 2895 927 2937 infelicis
950 2897 1042 2937 cire
1065 2890 1119 2936 B'
1189 2899 1241 2938 16
1265 2899 1527 2939 armoeniae
1551 2898 1593 2938 B
1663 2899 1713 2938 18

1682 2954 1700 2970 O

121 2835 124 2845 ²
169 2820 174 2828 ⁴
209 2842 233 2880 2
264 2852 443 2893 persem
473 2840 515 2879 B
550 2828 553 2829 ⁷
583 2842 608 2880 5
638 2837 828 2880 dextera
858 2837 997 2879 mansi
1022 2833 1078 2879 B'
1146 2842 1196 2880 11
1220 2841 1380 2881 retulit
1401 2841 1443 2882 B
1513 2843 1565 2882 13
1588 2841 1713 2882 abie-

0 2847 50 3152 ἱ
93 2953 220 2994 urbis
242 2953 284 2992 B
305 2959 403 2994 ante
425 2967 512 2994 ras,
