1936 3120
266 149 372 201 478
937 151 1035 197 LlB.
1076 151 1197 197 Vflu.

267 280 388 313 rum
423 251 668 328 gentium
704 257 949 311 homines
988 265 1042 310 et
1077 277 1110 310 a
1145 258 1370 311 familiis
1396 258 1747 331 locupletium
1772 257 1873 315 ele-

268 340 380 383 ctos
402 328 747 400 praeualidos
771 347 976 395 seruos,
992 329 1187 399 quibus
1207 328 1380 382 latera
1399 348 1498 382 sua
1511 331 1874 399 conmitteret,

268 401 569 453 substituit.
608 407 891 452 tonsorum
918 418 1132 469 quoque
1158 407 1306 452 metu
1331 399 1557 453 tondere
1583 399 1724 453 filias
1748 421 1873 454 suas

268 470 470 523 docuit.
526 464 756 540 quarum
799 470 1070 540 ipsarum,
1121 478 1406 540 postquam
1448 469 1669 524 adultae
1710 472 1877 524 aetati

222 556 243 587 5
267 540 808 610 adpropinquabant,
855 540 1110 592 manibus
1155 540 1364 592 ferrum
1400 559 1508 594 non
1541 558 1706 594 ausus
1744 561 1870 595 con-

265 611 508 676 mittere,
546 610 787 662 instituit
822 617 883 661 ut
918 610 1271 662 candentium
1307 609 1650 679 iuglandium
1675 629 1875 664 nucum

263 681 638 752 putaminibus
666 680 897 733 barbam
925 680 1029 733 sibi
1058 689 1110 732 et
1137 680 1395 751 capillum
1421 680 1730 734 adurerent.
1775 699 1876 733 nec

269 751 601 813 securiorem
645 752 904 803 maritum
962 751 1075 819 egit
1131 768 1293 821 quam
1351 758 1583 820 patrem.
1644 750 1875 803 duarum

264 823 407 874 enim
435 822 625 874 eodem
663 828 933 890 tempore,
973 820 1388 874 Aristomaches
1417 819 1796 891 Syracusanae
1822 829 1878 874 et

201 906 241 938 10
257 892 552 944 Locrensis
579 891 838 957 Doridis,
885 892 1245 942 matrimoniis
1290 889 1580 960 inligatus,
1634 893 1875 944 neutrius

264 981 526 1032 umquam
551 963 658 1013 nisi
686 979 949 1014 excussae
973 980 1077 1013 con
1118 960 1305 1013 lexum
1322 961 1498 1042 petiit,
1526 969 1581 1014 at
1618 980 1686 1014 ue
1713 962 1877 1014 etiam

267 1031 637 1085 cubicularem
677 1031 878 1083 lectum
914 1032 1067 1102 perin
1113 1050 1141 1083 e
1186 1050 1344 1102 quas1
1381 1040 1564 1084 castra
1610 1039 1701 1084 ata
1727 1031 1877 1083 fossa

267 1104 457 1169 cinxit,
484 1104 540 1154 in
567 1121 728 1173 quem
751 1121 807 1154 se
828 1101 1010 1170 ligneo
1032 1110 1198 1172 ponte
1218 1101 1532 1172 recipiebat,
1563 1119 1684 1154 cum
1703 1101 1875 1153 forem

267 1173 499 1226 cubiculi
542 1174 885 1224 extrinsecus
925 1191 957 1223 a
995 1171 1316 1225 custodibus
1355 1180 1618 1242 opertam,
1656 1167 1873 1225 interlo-

205 1258 243 1301 25
266 1262 381 1295 rem
409 1242 647 1295 claustro
676 1243 793 1312 ipse
821 1242 1114 1311 diligenter
1140 1242 1468 1295 obserasset.

462 1383 659 1434 XIIII.
699 1387 798 1433 DE
829 1385 1344 1434 SIMILITVDINE
1376 1383 1680 1433 FORMAE.

372 1481 459 1532 De
487 1479 842 1532 similitudine
879 1487 1058 1532 autem
1096 1479 1203 1530 oris
1246 1488 1300 1532 et
1335 1480 1502 1532 totius
1530 1481 1769 1549 corporis
1804 1479 1876 1530 al-

268 1551 408 1603 tiore
436 1550 687 1602 doctrina
712 1550 947 1620 praediti
976 1549 1229 1602 subtilius
1258 1549 1559 1619 disputant,
1587 1567 1878 1630 eorumque

267 1620 361 1672 alii
385 1621 442 1671 in
471 1639 535 1672 ea
556 1628 684 1691 sunt
712 1620 966 1690 opinione
993 1628 1053 1672 ut
1080 1620 1395 1671 existiment
1425 1618 1574 1671 illam
1603 1619 1800 1688 origim
1826 1627 1878 1672 et

206 1705 247 1738 20
270 1692 550 1743 contextui
592 1691 870 1759 sanguinis
907 1690 1266 1759 respondere,
1314 1708 1414 1741 nec
1448 1708 1680 1760 paruum
1716 1708 1873 1759 argu-

267 1769 511 1813 mentum
534 1780 603 1813 ex
629 1760 823 1813 ceteris
851 1759 1177 1813 animalibus
1206 1761 1447 1826 trahunt,
1492 1778 1631 1830 quae
1656 1760 1773 1812 fere
1797 1759 1874 1828 gi-

266 1832 558 1900 gnentibus
601 1830 802 1883 similia
844 1839 1161 1882 nascuntur.
1217 1830 1312 1881 alii
1348 1837 1551 1899 negant
1582 1829 1723 1882 hanc
1759 1847 1876 1881 esse

267 1911 472 1954 certam
499 1909 727 1954 naturae
754 1900 947 1968 legem,
977 1900 1073 1952 sed
1100 1901 1309 1970 species
1336 1899 1676 1966 mortalium,
1712 1908 1875 1970 prout

264 1972 492 2024 fortuita
519 1989 635 2023 sors
659 1972 1027 2041 conceptionis
1051 1969 1271 2036 obtulit,
1300 1971 1547 2036 attribui,
1571 1978 1731 2050 atque
1751 1969 1872 2021 ideo

203 2056 243 2087 25
306 2041 583 2112 lerumque
612 2061 681 2094 ex
702 2042 964 2111 speciosis
995 2040 1252 2093 deformis
1279 2049 1332 2092 et
1360 2059 1428 2092 ex
1453 2040 1692 2093 robustls
1721 2040 1871 2090 inua-

265 2061 405 2164 Iidos
440 2119 630 2182 partus
670 2112 775 2164 edi.
837 2112 1034 2179 igitur,
1078 2111 1333 2180 quoniam
1376 2111 1484 2162 ista
1527 2110 1771 2178 quaestio
1817 2108 1875 2159 in

151 2255 241 2291 Par.
267 2245 416 2304 ipsas,
454 2250 695 2304 postquam
730 2243 907 2287 adultae
943 2243 1078 2286 aetati
1114 2241 1562 2301 adpropinquabant,
1600 2240 1799 2286 instituit
1825 2246 1875 2285 ut

264 2314 543 2373 iuglandium
571 2327 735 2358 nucum
763 2311 1071 2373 putaminibus
1110 2311 1293 2357 barbam
1320 2311 1404 2356 sibi
1434 2317 1477 2356 et
1505 2310 1692 2371 capillos
1718 2310 1876 2356 adure-

265 2392 391 2429 rent:
440 2391 576 2444 atque
612 2386 745 2429 etiam
787 2383 1087 2428 cubicularem
1110 2382 1291 2427 ‘lectum
1326 2382 1415 2427 lata
1462 2382 1585 2427 fossa
1622 2382 1782 2432 cinxit,
1829 2381 1874 2424 in

201 2468 242 2500 30
267 2469 401 2515 quem
428 2469 477 2500 se
502 2455 656 2514 ligneo
685 2460 826 2514 ponte
852 2453 1127 2513 recipiebat:
1169 2452 1391 2498 satellites
1409 2451 1626 2498 barbaros
1643 2458 1687 2497 et
1713 2465 1874 2496 seruos

264 2524 472 2570 habebat

380 2663 401 2701 1
430 2674 457 2700 a
478 2661 545 2701 B:
578 2674 634 2701 ex
661 2661 742 2701 Cic.
774 2660 894 2701 Tusc.
924 2660 976 2708 V,
999 2661 1023 2709 ξ
1046 2662 1101 2700 58
1161 2662 1186 2701 6
1209 2659 1513 2700 candentibus
1539 2658 1623 2698 Cic.
1664 2654 1695 2712 Π
1722 2656 1872 2708 iugla-

264 2717 388 2757 dium
410 2710 466 2756 B'
483 2714 502 2770 l}
525 2729 677 2756 nuncu
714 2720 789 2757 ata
811 2716 1021 2757 manibus
1043 2709 1099 2755 B'
1167 2717 1192 2756 9
1215 2715 1568 2756 aristhomacles
1593 2713 1665 2765 (·-—
1687 2712 1743 2752 lis
1765 2712 1806 2761 b)
1829 2712 1872 2751 B

265 2775 318 2814 10
337 2772 570 2814 locrenses
591 2767 646 2813 B'
705 2773 944 2813 necutrius
965 2766 1021 2812 B'
1071 2773 1119 2812 11
1143 2773 1263 2824 petit
1283 2767 1337 2811 B'
1358 2767 1378 2826 Η
1399 2775 1539 2822 atque
1567 2767 1727 2824 [etiam
1749 2766 1869 2819 cub.]

262 2829 433 2870 lectum
455 2829 645 2882 perinde
669 2830 803 2881 quasi
825 2827 1060 2882 c[astra—-
1079 2841 1127 2868 se
1150 2826 1202 2881 li]
1213 2840 1332 2882 gneo
1354 2824 1510 2879 pont[e
1526 2847 1582 2854 —
1601 2825 1650 2864 in
1671 2837 1727 2865 ea
1748 2821 1869 2876 sunt]

265 2886 480 2938 opinione
503 2885 544 2924 B
585 2886 638 2925 25
660 2885 887 2926 deformes
910 2884 933 2924 b
954 2881 972 2938 Η
995 2883 1228 2925 inualidus
1250 2880 1306 2923 B'
1347 2884 1400 2923 26
1424 2883 1512 2923 edi.
1534 2881 1676 2934 igitur
1695 2879 1873 2932 Kempf:

266 2942 416 2983 editur
436 2941 493 2993 B,
520 2940 593 2982 edi
614 2954 772 2981 uerum
795 2941 818 2981 b
