1878 3132
221 123 290 175 58
933 126 1030 170 LIB.
1070 125 1118 169 ΙΙ.

222 234 527 303 legionibus
565 234 686 301 ipsa
719 230 1061 298 Karthagine
1096 230 1274 282 uisam
1299 229 1711 297 terribiliorem,
1751 237 1830 282 at-

223 323 325 375 que
352 297 516 356 etiam
552 319 741 354 cruore
779 319 876 352 suo
911 299 1219 368 gurgitibus
1246 300 1450 352 inbutis
1478 317 1539 352 co
1611 301 1719 353 oris
1759 318 1827 351 ue

222 374 449 426 iacentis
485 370 746 441 pestifero
784 369 990 422 adflatu
1023 371 1207 422 uicina
1241 371 1460 439 regione
1487 370 1578 440 pol
1601 378 1699 422 uta
1774 387 1828 421 o—

223 463 384 496 mana
410 444 533 494 inde
562 442 922 494 summouisse
952 450 1148 493 castra.
1200 440 1370 493 adicit
1400 440 1595 494 beluae
1621 441 1830 493 corium

180 531 199 560 ὅ
225 523 440 566 centum
467 521 520 565 et
545 513 743 580 uiginti
770 510 971 581 pedum
997 512 1055 562 in
1080 511 1272 564 urbem
1298 511 1542 562 missum.

679 804 908 857 LIBER
946 803 1359 858 SECVNDVS.

324 934 495 984 Diues
547 939 599 983 et
641 939 964 1002 praepotens
1011 939 1239 983 >naturae
1282 950 1511 1000 regnum
1554 937 1830 983 scrutatus

219 1004 440 1055 iniciam
470 1003 652 1054 stilum
681 1020 786 1071 qua
812 1009 1031 1054 nostrae
1052 1002 1204 1054 urbis
1232 1020 1338 1071 qua
1365 1010 1675 1054 exterarum
1699 1019 1826 1070 gen—-

218 1075 353 1126 tium
395 1074 587 1143 priscis
632 1091 692 1124 ac
729 1071 1177 1124 memorabilibus
1222 1073 1504 1124 institutis.
1569 1090 1703 1141 opus
1741 1077 1825 1121 est

157 1159 197 1188 1⁰
220 1144 363 1195 enim
402 1144 654 1211 cognosci
690 1142 912 1194 huiusce
937 1142 1102 1209 uitae,
1134 1160 1294 1212 quam
1322 1142 1421 1194 sub
1448 1142 1651 1211 optimo
1677 1141 1828 1213 prin-

215 1214 334 1283 cipe
359 1213 575 1265 felicem
611 1214 849 1282 agimus,
886 1230 1153 1282 quaenam
1187 1212 1390 1264 fuerint
1423 1212 1713 1278 elementa,
1750 1217 1814 1261 ut

218 1302 405 1336 eorum
443 1302 653 1354 quoque
690 1291 968 1353 respectus
1005 1282 1210 1352 aliquid
1247 1282 1626 1353 praesentibus
1664 1281 1827 1335 mori—

217 1354 320 1406 bus
347 1355 538 1424 prosit.
1274 1354 1277 1355 ⁷

515 1495 559 1546 Ι.
613 1498 708 1545 DE
739 1496 1144 1545 INSTITVTIS
1177 1495 1526 1553 ANTIQVIS.
1558 1466 1560 1469 ’

155 1604 196 1634 15
328 1592 373 1642 1.
414 1592 578 1661 Apud
618 1593 1015 1662 antiquosnon
1052 1591 1224 1642 solum
1251 1591 1496 1660 publice,
1539 1590 1633 1641 sed
1659 1590 1827 1642 etiam

215 1662 475 1731 priuatim
509 1662 643 1713 nihil
679 1663 971 1730 gerebatur
1007 1662 1114 1712 nisi
1141 1662 1384 1731 auspicio
1411 1661 1563 1730 prius
1592 1667 1825 1729 sumpto.

216 1750 322 1801 quo
361 1750 430 1783 ex
468 1751 614 1784 more
659 1733 865 1802 nuptiis
912 1733 1074 1783 etiam
1120 1750 1260 1783 nunc
1301 1731 1549 1800 auspices
1588 1730 1827 1802 interpo-

215 1810 440 1853 nuntur:
472 1803 563 1872 qui
590 1803 840 1872 quamuis
871 1802 1117 1871 auspicia
1154 1811 1339 1871 petere
1377 1801 1666 1869 desierint,
1705 1801 1825 1869 ipso

215 1879 396 1922 tamen
439 1874 658 1923 nomine
708 1873 910 1925 ueteris
962 1871 1369 1924 consuetudinis
1404 1871 1640 1938 uestigia
1672 1887 1825 1920 usur-

154 1954 195 1983 20
218 1949 432 2009 pantur.

321 2010 372 2061 2.
412 2011 670 2063 Feminae
695 2031 819 2064 cum
843 2012 978 2062 uiris
1005 2010 1331 2063 cubantibus
1354 2010 1602 2061 sedentes
1622 2008 1823 2060 cenita-

216 2079 375 2130 bant:
416 2100 551 2150 quae
588 2082 922 2134 consuetudo
959 2099 1028 2133 ex
1063 2080 1342 2133 hominum
1369 2079 1622 2131 conuictu
1648 2077 1719 2129 ad
1746 2077 1823 2129 di-

215 2150 343 2200 uina
364 2153 694 2219 penetrauit.
757 2171 885 2203 nam
920 2151 1071 2204 Iouis
1109 2149 1266 2220 epulo
1304 2150 1421 2219 ipse
1459 2150 1515 2200 in
1545 2148 1822 2214 lectulum,

217 2219 351 2270 Iuno
398 2227 451 2271 et
491 2221 743 2273 Minerua
786 2223 842 2273 in
888 2222 1046 2274 sellas
1089 2222 1157 2272 ad
1192 2238 1407 2272 cenam=
1431 2219 1826 2271 inuitabantur.

1486 2304 1515 2327 Ο

153 2357 194 2387 25
327 2339 362 2381 l.
402 2337 495 2381 DE
529 2338 917 2385 INSTITVTIS
951 2337 1287 2393 ANTIQVIS.
1338 2337 1467 2397 Apud
1494 2337 1704 2396 antiquos
1730 2348 1822 2380 non

148 2409 195 2430 ‘'·
221 2406 368 2450 solum
394 2407 597 2466 publice,
636 2410 712 2454 sed
739 2412 873 2455 etiam
900 2411 1112 2470 priuatim
1143 2408 1253 2453 nihil
1282 2407 1526 2466 gerebatur
1553 2407 1648 2451 sine
1674 2406 1824 2464 auspi-

218 2476 312 2524 cio,
362 2491 450 2536 quo
489 2491 614 2522 more
659 2481 831 2539 nuptiis
868 2481 1001 2525 etiam
1042 2493 1161 2524 nunc
1211 2479 1418 2538 auspices
1455 2477 1821 2536 interponuntur.

217 2549 257 2588 2.
295 2546 503 2592 Feminae
527 2562 639 2592 rcum
678 2549 790 2594 uiris
827 2550 1098 2595 cubantibus
1135 2549 1342 2593 sedentes
1380 2546 1659 2596 cenitabant,
1707 2558 1823 2603 quae

219 2617 500 2661 consuetudo
540 2631 591 2661 ex
618 2619 850 2664 hominum
879 2621 1093 2665 conuictu
1130 2619 1183 2664 ad
1210 2619 1430 2664 culturam
1457 2617 1656 2662 diuinam
1685 2627 1821 2674 pene-

334 2737 352 2774 1
378 2737 681 2790 Kartaginem
704 2733 758 2779 B'
776 2737 797 2794 I]
818 2743 919 2781 uisa
941 2741 1219 2781 terribiliore
1242 2741 1264 2780 b
1323 2741 1350 2778 4
1379 2737 1520 2778 adicit
1543 2736 1619 2787 (sc.
1642 2733 1823 2786 Liuius)

216 2792 446 2832 Foertsclz:
479 2792 592 2831 dicit
620 2795 662 2833 B
721 2797 745 2834 5
776 2797 938 2847 pedum
961 2797 1144 2850 longum
1167 2797 1190 2836 b
1211 2793 1230 2848 Η
1257 2795 1370 2835 urbe
1393 2787 1447 2833 B'
1507 2793 1532 2832 8
1564 2794 1822 2832 exterarum

217 2846 426 2900 Stanyer:
460 2851 719 2888 ceterarum
744 2851 784 2889 B
854 2854 902 2890 11
935 2853 1076 2892 felice
1107 2853 1147 2892 B
1209 2853 1260 2892 18
1290 2849 1479 2890 desierit
1508 2848 1548 2887 B
1610 2849 1661 2888 19
1691 2858 1822 2886 usur-

217 2907 331 2954 pant
351 2905 452 2943 dett.
475 2901 605 2955 pauci
662 2906 715 2944 24
738 2907 993 2946 innitantur
1015 2909 1187 2960 Pighius
