1878 3100
202 111 277 156 XX
854 111 1177 158 PRAEFATIO.

205 250 278 298 sic
302 251 347 308 8,
376 251 454 309 15,
481 252 510 297 3
539 249 665 297 illud
687 251 859 310 tacuit,
888 251 942 297 in
962 250 1132 298 uerbis
1162 253 1176 277 ²
1195 253 1364 299 Verum
1384 256 1614 312 specimen
1635 255 1832 302 lionoris

204 337 232 365 a
274 321 488 379 Scipione
522 334 700 380 quoque
736 322 908 367 Nasica
944 323 1182 368 oboritur-²
1227 323 1667 387 praepositionem
1701 341 1729 370 a
1766 326 1825 372 in

205 390 383 438 codice
411 407 515 438 non
545 391 674 452 legi:
716 391 852 455 quod
881 407 991 439 cum
1020 393 1295 452 omisisset,
1324 393 1452 442 illud
1481 410 1686 458 quoque
1714 411 1823 442 non.

203 459 444 508 adtendit
469 461 522 506 in
546 461 775 524 margine
796 466 841 507 in
863 480 926 509 m.
949 461 1178 510 secunda
1199 464 1490 527 suppletum
1512 479 1640 524 esse,
1672 481 1825 529 quae,

201 538 258 578 ut
285 531 383 576 iam
406 531 490 578 alii
515 530 702 578 dudum
727 532 1110 591 intellexerunt,
1139 549 1263 580 uera
1289 534 1386 580 loci
1410 534 1700 582 emendatio
1725 542 1823 582 est.

202 601 454 648 Eiusdem
483 602 687 664 generis
716 603 893 649 uitium
923 602 1126 650 admisit
1154 606 1198 662 9,
1230 605 1275 662 3,
1304 605 1424 651 Ext.
1455 606 1509 664 3,
1538 603 1625 652 ubi
1652 604 1823 652 adhuc·

202 688 380 734 parum
418 671 794 720 accommodate
843 673 915 719 sic
960 673 1255 736 legebatur:
1307 677 1354 720 E
1386 676 1546 734 quibus
1582 676 1823 721 Hannibal

200 748 388 788 mature
414 744 528 788 adeo
546 747 713 802 patria
742 747 940 803 uestiyia
975 746 1246 790 subsecutus
1271 751 1365 802 est,
1405 751 1458 790 ut
1484 759 1534 791 eo
1560 749 1818 791 exercitum

199 815 245 857 in
266 814 547 871 Hispaniam
576 817 835 860 traiecturo
862 819 908 859 et
933 817 985 860 ob
1013 817 1062 860 ia’
1077 817 1381 874 sacrificante
1400 830 1566 862 nouem
1588 831 1821 862 annorum

199 888 316 928 natu
355 886 529 929 altaria
567 888 728 929 tenens
765 888 949 930 iuraret
981 899 1053 941 se,
1101 900 1204 930 cum
1241 889 1449 944 primum
1487 900 1580 946 per
1615 891 1818 932 aetatem

193 957 442 1012 potuisset,
471 958 748 1000 acerrimum
769 956 944 1000 hostem
962 958 1133 1014 populi
1148 957 1353 1002 Romani
1371 957 1605 1015 futurum,
1631 962 1684 1002 ut
1700 971 1816 1016 per-

199 1027 493 1070 tinacissimis
522 1027 745 1084 precibus
781 1028 1002 1071 instantis
1028 1026 1133 1070 belli
1163 1029 1472 1072 commilitium
1510 1030 1812 1086 exprimeret.

200 1092 324 1140 Cum
371 1095 422 1140 in
466 1102 689 1142 extremo
727 1094 933 1158 periodi
979 1094 1201 1143 membro
1251 1096 1541 1144 coniunctio
1579 1102 1631 1142 ut
1675 1097 1729 1144 in
1771 1098 1816 1144 B

195 1180 350 1211 manu
373 1165 474 1211 alia
495 1164 699 1211 adiecta
719 1166 798 1224 sit,
829 1165 976 1212 nobis
1001 1165 1208 1229 quidem
1228 1165 1650 1214 uerisimillimum
1668 1167 1817 1215 uide-

195 1241 273 1280 tur
302 1235 562 1282 Valerium
598 1252 702 1282 non
738 1241 792 1281 ut
819 1270 829 1280 .
854 1271 863 1280 .
901 1240 1216 1294 exprimeret,
1254 1236 1346 1284 sed
1383 1242 1429 1282 et
1457 1274 1464 1282 .
1489 1273 1499 1283 .
1527 1241 1817 1297 exprimeret

197 1305 483 1368 scripsisse.
506 1333 573 1338 ——
598 1307 643 1364 9,
669 1306 713 1364 5,
740 1305 767 1350 2
795 1304 959 1353 edidit
978 1306 1270 1370 Kempfius:
1300 1311 1490 1366 parui
1512 1310 1627 1353 enim
1655 1309 1815 1355 habuit

196 1375 288 1437 (M.
317 1376 517 1423 Drusus
545 1374 658 1422 trib.
687 1374 781 1440 pl.)
811 1378 865 1425 L.
889 1378 1155 1436 Philippum
1182 1381 1411 1424 consulem
1436 1411 1447 1423 .
1471 1414 1479 1423 .
1501 1380 1547 1423 in
1574 1392 1817 1425 carcerem

194 1449 510 1504 praecipitem
550 1450 694 1506 eyisse
721 1453 816 1494 etc.
894 1447 1216 1512 Quamquam
1251 1449 1350 1495 iam
1380 1447 1581 1496 Cortius
1618 1448 1684 1496 ad
1703 1449 1812 1498 Sal-

192 1515 334 1562 lustii
363 1517 474 1579 Iug.
507 1518 587 1576 31,
620 1519 648 1564 9
681 1517 923 1566 docuerat
948 1518 1002 1564 in
1032 1535 1092 1566 ea
1119 1519 1393 1577 sententia,
1427 1525 1482 1566 ut
1509 1519 1694 1582 aliquis
1721 1521 1814 1568 ali-

194 1585 320 1650 quid
362 1587 547 1634 fecisse
585 1604 691 1634 non
729 1589 852 1635 satis
891 1589 1154 1652 putauisse
1195 1588 1416 1648 dicatur,
1464 1595 1669 1636 ueteres
1706 1607 1811 1639 non

195 1655 390 1704 dixisse
413 1661 559 1716 parui
577 1659 762 1714 habere,
792 1658 883 1706 sed
906 1675 1081 1718 parum
1107 1661 1280 1705 habere
1296 1658 1502 1720 (similis
1527 1665 1603 1706 est
1622 1660 1813 1709 locutio

181 1743 364 1786 parum
391 1734 460 1774 est
489 1731 651 1785 alicui,
693 1736 748 1775 ut
784 1730 838 1775 in
869 1729 992 1778 Sall.
1020 1731 1132 1793 Ing.
1164 1732 1254 1789 31,
1296 1731 1360 1776 22
1406 1733 1495 1776 illis
1525 1745 1705 1789 parum
1741 1738 1811 1778 est

189 1801 376 1857 impune
396 1802 514 1844 male
538 1797 744 1862 fecisse),
774 1807 946 1847 tamen
967 1801 1234 1864 Kempfius
1256 1817 1363 1848 non
1384 1816 1534 1848 ausus
1555 1806 1631 1847 est
1649 1802 1809 1849 mani-

191 1867 377 1915 festum
405 1869 647 1917 orationis
675 1870 855 1917 uitium
880 1871 1089 1930 tollere,
1132 1872 1251 1935 quia
1277 1870 1372 1918 sibi
1399 1878 1730 1934 persuaserat
1754 1873 1809 1919 in

190 1937 369 1986 codice
395 1940 552 1987 Bern.
580 1940 708 1986 illud
746 1941 911 2003 ipsum
946 1946 1092 1999 parui
1114 1943 1274 1987 habuit
1313 1947 1530 1988 exstare.
1604 1940 1677 1988 At
1701 1959 1808 1990 non

191 2007 430 2055 adtendit
456 2009 509 2055 in
541 2025 600 2055 eo
624 2014 769 2068 parui
792 2010 863 2057 ita
890 2011 1133 2074 scriptum
1162 2026 1275 2058 esse
1301 2018 1356 2057 ut
1383 2011 1555 2057 littera
1583 2016 1602 2056 t
1625 2012 1680 2058 in
1705 2012 1810 2060 fine

191 2093 339 2125 erasa
368 2079 446 2138 sit,
476 2085 531 2124 ut
560 2079 598 2126 O
629 2096 833 2144 quoque
858 2086 1027 2139 paruit
1054 2080 1225 2127 habet.
1301 2081 1415 2128 Hoc
1442 2087 1611 2128 autem
1631 2098 1809 2141 parum*

191 2156 423 2195 exortum
448 2148 654 2196 uidetur
681 2158 767 2197 aut
795 2167 858 2197 ex
887 2152 1079 2209 parui-c,
1117 2151 1288 2198 littera
1315 2167 1344 2196 u
1371 2151 1503 2198 male
1532 2150 1808 2215 duplicata,

188 2225 276 2265 aut
307 2234 369 2266 ex
391 2235 580 2277 parum,
609 2237 712 2267 uno
742 2221 896 2267 ductu
923 2221 1127 2268 litterae
1154 2237 1197 2266 m
1226 2220 1440 2268 abiecto.

330 2289 426 2357 His
475 2291 724 2354 exemplis
774 2291 896 2337 mihi
945 2291 1326 2338 demonstrasse
1362 2291 1544 2338 uideor
1580 2308 1662 2339 me
1700 2310 1805 2340 non

142 2362 143 2365 ’
187 2358 377 2406 frustra
405 2359 634 2407 codicem
661 2361 982 2408 Bernensem
1008 2362 1189 2408 iterum
1227 2361 1536 2425 perlegisse,
1580 2361 1811 2411 confido-.

189 2445 288 2493 que
317 2430 428 2476 fore
455 2436 513 2477 ut
540 2431 593 2477 in
625 2430 859 2478 omnibus
886 2431 985 2478 illis
1014 2431 1153 2491 locis,
1183 2432 1237 2478 in
1267 2431 1447 2496 quibus
1475 2432 1528 2478 in
1551 2449 1806 2479 commen-

184 2499 316 2547 tario
345 2507 519 2548 nostro
549 2501 720 2548 critico
751 2500 891 2548 aliud
918 2501 1137 2549 traditur
1165 2518 1315 2567 quam
1348 2501 1486 2565 apud
1513 2502 1809 2565 Kempfium

186 2570 463 2630 inuenitur,
494 2578 702 2619 nostrae
726 2571 966 2618 relationi
987 2573 1148 2619 maior
1165 2571 1294 2619 fides
1324 2588 1474 2637 quam
1492 2572 1628 2619 illius
1649 2572 1806 2619 habe-

186 2647 331 2699 atur3
379 2657 499 2686 nam
535 2642 589 2687 in
630 2642 736 2689 eius
774 2643 1134 2690 commentario
1166 2642 1386 2690 eandem
1420 2642 1805 2704 neglegentiam

185 2710 239 2755 in
275 2708 425 2756 rebus
470 2711 750 2759 minoribus
803 2729 951 2776 quam
995 2713 1048 2759 in
1094 2711 1412 2776 grauioribus
1460 2711 1803 2775 deprehendi,

183 2796 286 2826 uno
325 2780 505 2826 saltem
546 2782 781 2845 exemplo
822 2782 989 2830 adhuc
1034 2782 1322 2831 docendum
1360 2789 1450 2830 est.
1528 2781 1804 2829 Lectiones

186 2850 349 2909 enim,
391 2866 517 2914 quas
556 2851 609 2897 in
645 2868 750 2898 una
778 2853 970 2916 pagina
998 2855 1095 2901 361
1138 2851 1225 2915 (ad
1253 2853 1370 2901 Val.
1398 2853 1454 2911 4,
1486 2850 1537 2914 7)
1582 2867 1608 2899 e
1636 2853 1678 2900 B
1717 2867 1802 2899 ex·
