1924 3152
731 129 850 176 CAP.
878 129 963 179 vu,
991 128 1023 188 g
1048 131 1218 173 4—10.
1657 122 1759 175 149

124 240 277 293 tione
326 239 408 291 rei
465 237 716 308 publicae
766 237 837 290 ad
887 236 1122 290 multum
1182 236 1370 289 odium
1429 234 1756 304 dissidebat,

125 309 364 363 iudicem
411 308 744 380 deposceret.
822 326 930 379 qua
964 307 1185 378 quidem
1230 307 1398 359 animi
1443 307 1759 378 praesentia

123 380 493 452 ‘pertinaciam
520 398 708 433 eorum
734 378 1043 431 insectandi
1071 397 1127 430 se
1153 377 1413 431 inhibuit.

237 451 288 503 8.
315 451 527 503 Eadem
542 449 822 502 M.Scauri
843 449 1084 515 fortuna,
1114 468 1285 519 aeque
1314 456 1563 501 senectus
1590 448 1757 518 longa

123 541 193 575 ac
218 522 471 584 robusta,
512 521 658 573 idem
685 521 917 572 animuS.
971 521 1065 590 qui
1091 538 1213 572 cum
1239 537 1337 589 pro
1365 521 1558 572 rostris
1597 538 1752 572 accu-
1776 535 1798 569 5

129 600 374 656 saretur‚
427 591 574 663 quod
618 592 688 644 ab
725 610 856 661 rege
893 589 1180 643 Mitridate
1221 591 1289 643 ob
1328 609 1442 642 rem
1476 590 1758 662 publicam

126 661 470 735 prodendam
504 662 795 732 pecuniam
830 662 1167 732 accepisset,
1221 680 1446 713 causam
1486 680 1643 714 suam
1679 663 1758 714 ita

129 733 269 803 egit:
311 736 424 786 ‘est
452 734 597 785 enim
623 734 852 798 inicum,
894 733 1166 799 Quirites,
1196 751 1320 784 cum
1345 733 1487 785 inter
1514 732 1648 786 alios
1677 733 1757 784 ui-

124 805 331 870 xerim,
384 803 531 874 apud
572 804 708 857 alios
745 823 831 856 me
867 803 1138 856 rationem
1172 804 1322 855 uitae
1349 804 1604 871 reddere,
1660 802 1758 856 sed

124 883 312 928 tamen
347 874 559 928 audebo
595 894 723 942 uos,
760 893 990 945 quorum
1015 875 1188 927 maior
1212 893 1340 944 pars
1367 874 1664 929 honoribus
1703 882 1757 927 et
1778 891 1822 924 10

124 947 268 998 actis
294 946 429 998 meis
464 947 731 998 interesse
758 965 867 998 non
902 945 1107 1015 potuit,
1144 946 1508 1015 interrogare:
1554 945 1756 998 Varius

133 1017 367 1069 Seuerus
398 1017 755 1070 Sucronensis
784 1015 1084 1068 Aemilium
1112 1015 1405 1083 Scaurum,
1435 1018 1589 1086 regia
1617 1036 1756 1069 mer-

126 1087 262 1140 cede
289 1106 445 1140 corru
488 1096 619 1153 tum,
648 1088 941 1157 imperium
967 1086 1159 1157 populi
1183 1087 1417 1140 Romani
1442 1087 1756 1158 prodidisse

126 1159 233 1224 ait,
279 1159 440 1210 Aemi
464 1159 548 1209 ius
588 1157 824 1210 Scaurus
861 1158 989 1209 huic
1028 1177 1083 1210 se
1129 1158 1368 1211 adfinem
1406 1177 1526 1211 esse
1563 1158 1756 1229 culpae

128 1236 320 1298 negat:
384 1230 497 1281 utri
546 1227 842 1280 creditis'?
907 1229 1059 1280 cuius
1113 1228 1476 1281 admiratione
1522 1229 1753 1300 populus
1779 1244 1822 1278 15

126 1307 412 1353 conmotus
438 1298 671 1351 Varium
708 1299 778 1352 ab
815 1298 910 1350 illa
946 1299 1359 1352 dementissima
1394 1301 1610 1354 actione
1636 1319 1757 1371 per-

129 1371 299 1424 tinaci
325 1369 558 1423 clamore
587 1370 817 1440 depulit.

238 1441 287 1494 9.
328 1440 535 1494 Contra
567 1441 644 1494 M.
671 1441 944 1494 Antonius
982 1440 1073 1493 ille
1101 1441 1340 1494 disertus
1368 1473 1439 1481 -——
1464 1461 1574 1495 non
1613 1443 1758 1494 enim

127 1512 439 1583 respuendo
477 1512 573 1571 sed
607 1511 985 1582 amplectendo
1022 1531 1220 1564 causae
1257 1512 1556 1566 dictionem
1593 1532 1758 1583 quam

126 1583 390 1635 innocens
428 1590 572 1635 esset
606 1590 839 1635 testatus
877 1591 960 1635 est
995 1615 1063 1620 -—
1110 1591 1367 1653 quaestor
1401 1584 1755 1654 proficiscens
1781 1600 1823 1632 20

131 1652 188 1705 in
214 1653 435 1719 Asiam,
486 1653 845 1705 Brundisium
880 1654 990 1705 iam
1024 1662 1375 1723 peruenerat,
1426 1655 1524 1707 ubi
1558 1655 1756 1707 litteris

129 1723 332 1775 certior
365 1723 562 1775 incesti
590 1742 646 1775 se
683 1723 1019 1793 postulatum
1055 1724 1201 1794 apud
1227 1724 1292 1776 L.
1323 1724 1576 1777 Cassium
1601 1744 1757 1795 prae—

130 1803 335 1859 torem,
384 1794 538 1845 cuius
582 1793 824 1846 tribunal
860 1803 1084 1864 propter
1129 1795 1359 1845 nimiam
1405 1796 1758 1847 seueritatem

131 1863 390 1934 scopulus
425 1881 640 1916 reorum
677 1864 991 1930 dicebatur,
1031 1882 1155 1916 cum
1191 1864 1249 1916 id
1283 1866 1461 1917 uitare
1489 1866 1756 1919 beneficio

131 1934 268 2005 legis
295 1934 590 1987 Memmiae
616 1934 831 2001 liceret,
863 1953 1002 2005 quae
1030 1953 1247 2001 eorum,
1278 1935 1369 2006 qui
1395 1935 1476 1988 rei
1501 1936 1756 2006 publicae
1779 1950 1822 1984 25

129 2023 298 2058 causa
324 2005 604 2072 abessent,
645 2005 819 2076 recipi
844 2006 1069 2058 nomina
1094 2006 1343 2072 uetabat,
1373 2007 1431 2058 in
1457 2008 1650 2060 urbem
1677 2016 1756 2060 ta-

129 2094 259 2128 men
283 2077 531 2129 recurrit.
594 2095 698 2148 quo
727 2085 839 2129 tam
866 2077 1026 2147 pleno
1057 2077 1292 2129 fiduciae
1317 2078 1497 2131 bonae
1525 2079 1756 2132 consilio

128 2165 256 2200 cum
301 2146 700 2200 absolutionem
738 2147 967 2199 celerem
1001 2156 1116 2200 tum
1160 2149 1558 2218 profectionem
1594 2149 1757 2202 hone-

133 2218 362 2271 stiorem
388 2225 711 2271 consecutus
741 2227 838 2271 est.

243 2288 325 2341 10.
378 2289 517 2341 Sunt
543 2295 598 2341 et
632 2287 728 2340 illa
755 2290 1005 2358 speciosa
1031 2288 1267 2342 fiduciae
1293 2289 1548 2360 publicae
1576 2304 1755 2344 exem-
1780 2305 1822 2338 30

131 2359 242 2427 pla.
290 2377 420 2410 nam
445 2378 569 2412 cum
595 2377 657 2412 eo
684 2359 847 2425 bello,
877 2359 1021 2430 quod
1048 2359 1316 2413 aduersus
1343 2361 1581 2432 Pyrrum
1606 2381 1757 2431 gere—

130 2428 328 2495 batur,
379 2428 874 2497 Karthaginienses
912 2439 1130 2483 centum
1167 2449 1230 2483 ac
1253 2432 1497 2500 *triginta
1532 2433 1758 2484 nauium

132 2497 366 2550 classem
402 2498 459 2550 in
494 2498 831 2568 praesidium
857 2500 1120 2553 Romanis
1150 2500 1364 2553 Ostiam
1399 2501 1544 2555 ultro
1580 2504 1757 2554 misis-

248 2656 274 2695 2
303 2655 571 2708 praesentia
599 2654 821 2696 Vorstius:
851 2658 1146 2709 praestantia
1174 2658 1216 2697 B
1276 2659 1302 2698 8
1333 2658 1454 2698 enim
1475 2658 1542 2698 B:
1574 2659 1760 2711 quidem

133 2711 308 2765 Pighius
370 2714 421 2751 12
451 2712 723 2752 ucronensis
745 2711 787 2751 B
810 2712 969 2762 (muer.
992 2712 1036 2765 b)
1099 2715 1152 2753 14
1183 2727 1241 2752 m.
1266 2714 1477 2755 aemilius
1499 2715 1542 2756 B
1563 2730 1643 2770 mg]-
1706 2719 1758 2758 15

133 2767 266 2808 euius
295 2768 361 2808 B:
412 2769 542 2808 cuius
572 2768 688 2808 dicti
718 2768 816 2815 EF,
868 2770 999 2809 cuius
1028 2769 1312 2810 defensionis
1344 2771 1408 2818 Γ;
1448 2773 1510 2824 cf.
1549 2773 1759 2815 Foercsclz

134 2823 204 2874 II,
230 2826 283 2864 19
349 2826 402 2865 22
426 2825 597 2866 certior
617 2825 771 2865 factus
793 2826 891 2865 edd.
912 2827 1085 2877 priores
1151 2828 1206 2867 27
1237 2838 1326 2879 quo
1348 2824 1463 2882 tam]
1497 2841 1616 2881 quae
1645 2834 1758 2871 uota

134 2879 198 2929 B,
232 2891 321 2932 quo
353 2881 399 2926 b:
436 2882 494 2933 ef.
525 2882 694 2934 Kempf'
759 2883 814 2922 30
851 2882 1094 2934 speciosae
1123 2881 1322 2924 fiduciae
1352 2885 1542 2937 publica
1571 2885 1638 2934 B,
1680 2878 1756 2927 εἴη.

133 2935 278 2977 Per-iz.
339 2939 392 2979 32
414 2942 559 2979 xxxta
580 2938 647 2979 B:
678 2950 740 2979 xx
761 2938 802 2978 F
817 2943 863 2980 ut
881 2938 1007 2981 habet
1026 2938 1220 2980 Iustinus
1242 2942 1308 2988 18,
1331 2943 1358 2981 2
1418 2943 1472 2983 33
1493 2941 1694 2983 hostIam
1715 2943 1759 2984 B
