1872 3132
597 113 716 159 cAr.
743 112 774 163 1,
814 111 909 157 Exi.
938 111 967 169 g
993 113 1132 156 2—5.
1618 104 1685 156 13

48 241 155 296 que
174 222 233 274 in
250 221 334 273 his
349 239 498 273 more
514 219 784 273 Graeciae
803 219 1065 288 scriptum
1086 226 1203 270 erat
1225 231 1508 269 BONORVM
1531 230 1679 268 DEO—

50 307 197 359 RVM‚
224 293 308 346 uti
334 310 391 344 se
416 291 660 345 bonitate
688 309 874 342 eorum
900 287 1259 358 praedicauit.
1310 287 1457 340 idem
1482 287 1676 340 Victo-

0 389 1 406 2
50 364 162 418 rias
191 381 382 416 aureas
411 370 465 414 et
490 369 708 430 pateras
734 368 788 413 et
815 378 1043 412 coronas
1051 399 1064 425 ‚
1094 377 1233 430 quae
1255 357 1674 411 simulacrorum

49 434 316 506 porrectis
351 433 604 485 manibus
645 430 1082 494 sustinebantur,
1130 429 1358 483 tollebat
1393 437 1447 482 et
1484 447 1576 481 eas
1616 447 1675 481 se

50 505 326 576 accipere,
354 521 463 555 non
488 502 702 555 auferre
731 501 974 567 dicebat,
1003 519 1268 571 perquam
1296 500 1528 552 stultum
1554 518 1676 552 esse
1699 513 1721 546 5

49 573 482 645 argumentando
498 613 511 640 ‚
549 592 579 624 a
606 573 804 643 quibus
831 572 977 625 bona
1002 590 1314 641 precamur,
1346 572 1414 623 ab
1441 571 1526 622 his
1553 588 1677 640 por-

50 645 355 715 rigentibus
380 643 524 697 nolle
553 662 783 695 sumere.
824 643 918 713 qui
944 642 1163 696 tametsi
1186 641 1375 694 debita
1402 641 1678 712 supplicia

50 735 165 770 non
210 714 474 782 exsoluit,
521 714 789 768 dedecore
826 723 1008 766 tamen
1054 712 1152 764 filii
1187 721 1431 765 mortuus
1470 731 1676 782 poenas

49 785 322 857 rependit,
363 803 497 856 quas
524 785 686 837 uiuus
715 784 996 852 effugerat.
1051 783 1198 836 lento
1227 783 1373 835 enim
1398 783 1577 852 gradu
1603 781 1677 834 ad

50 856 356 910 uindictam
383 857 467 908 sui
494 855 681 907 diuina
705 854 952 926 procedit
986 856 1069 906 ira
1095 854 1520 923 tarditatemque
1549 872 1677 923 sup-
1703 868 1746 900 10

53 927 205 998 plicii
231 926 504 995 grauitate
528 935 740 996 pensat.

163 998 214 1049 4.
262 997 326 1049 In
363 1015 526 1067 quam
559 1015 627 1048 ne
664 996 931 1048 incideret
967 995 1362 1062 Timasitheus,
1401 994 1677 1065 Liparita-

53 1086 247 1121 norum
273 1071 546 1138 princepS‚
576 1066 802 1118 consilio
831 1067 937 1119 sibi
962 1067 1170 1136 pariter
1196 1075 1358 1136 atque
1384 1067 1677 1118 uniuersae

54 1138 268 1209 patriae
293 1136 415 1190 utili
441 1136 682 1207 prouidit
721 1136 1036 1208 [exemplo].
1101 1146 1333 1206 excepta
1358 1155 1594 1207 namque
1620 1136 1678 1187 in

51 1209 196 1262 freto
243 1227 276 1260 a
313 1207 525 1260 ciuibus
573 1208 685 1259 suis
731 1208 1021 1277 piraticam
1067 1207 1453 1260 exercentibus
1491 1206 1676 1276 magni
1702 1222 1745 1254 15

95 1278 310 1332 onderis
338 1297 505 1330 aurea
542 1286 781 1343 cratera,
822 1297 985 1348 quam
1010 1278 1245 1331 Romani
1271 1277 1470 1347 Pythio
1508 1277 1677 1348 Apol-

76 1350 153 1402 ini
181 1349 513 1401 decimarum
548 1350 764 1402 nomine
803 1349 1148 1414 dicauerant7
1186 1349 1413 1401 incitato
1451 1348 1520 1401 ad
1557 1367 1678 1400 eam

54 1420 395 1490 partiendam
420 1419 649 1490 populo,
678 1428 738 1472 ut
766 1420 1033 1489 comperit
1060 1443 1083 1471 *
1114 1443 1137 1471 *

57 1538 329 1584 Graecorum
364 1540 633 1599 inscriptum
678 1551 896 1586 DEORVM
937 1552 1211 1589 BONORVM,
1258 1538 1326 1584 uti
1374 1553 1422 1583 se
1468 1538 1673 1584 bonitate
1697 1546 1793 1581 Par.

53 1621 213 1654 eorum
239 1608 542 1669 praedicabat.
604 1609 726 1655 Idem
754 1609 975 1655 Victorias
1002 1624 1163 1655 aureas
1192 1616 1236 1654 et
1262 1616 1446 1670 pateras
1474 1617 1518 1654 et
1546 1623 1678 1654 coro·
1700 1620 1743 1651 20

57 1692 161 1729 nas.
213 1693 327 1740 quae
378 1680 722 1725 simulacrorum
774 1683 1003 1739 porrectis
1054 1679 1263 1726 manibus
1315 1680 1678 1730 sustinebantur,

61 1748 226 1795 tollens
253 1751 454 1810 accipere
482 1763 543 1800 se,
571 1764 663 1795 non
690 1751 871 1796 auferre
898 1751 1088 1796 dicebat.
1143 1754 1181 1793 4.
1212 1751 1517 1796 Timasitheus
1543 1751 1676 1810 Lipa-

58 1821 203 1864 rensis
231 1827 464 1870 crateram,
493 1834 627 1880 quam
647 1820 834 1865 Romani
855 1821 1019 1881 Pythio
1046 1821 1246 1880 Apollini
1275 1821 1507 1871 miserant,
1537 1821 1679 1865 inter-

55 1896 234 1950 ceptam
262 1905 283 1934 a
312 1890 472 1950 piratis
499 1892 674 1936 curauit
700 1891 896 1951 Delphos
922 1892 1255 1951 perferendam.

154 2037 166 2052 ’
238 2030 308 2075 EX
345 2030 489 2076 IVLIO
526 2031 724 2076 PARIDE
762 2032 833 2077 ET
871 2031 1133 2078 IANVARIO
1170 2032 1497 2078 NEPOTIANO.
1701 2041 1746 2074 25

161 2146 204 2188 5.
242 2143 414 2190 Milesia
449 2143 585 2190 Ceres
622 2144 772 2190 Mileto
810 2144 865 2190 ab
901 2145 1156 2192 Alexandro
1193 2154 1324 2206 capta
1361 2145 1554 2197 milites,
1595 2147 1674 2207 qui
1698 2153 1792 2187 Par-

59 2213 276 2274 templum
302 2214 540 2274 spoliaturi
568 2217 852 2276 inruperant,
881 2215 1059 2262 flamma
1087 2216 1261 2263 obiecta
1282 2217 1485 2277 priuauit
1512 2217 1675 2264 oculis.

162 2329 202 2371 5.
249 2325 501 2372 Alexander
534 2327 722 2388 Magnus
757 2329 961 2374 Miletum
998 2330 1132 2389 cepit.
1189 2344 1291 2375 cum
1329 2331 1498 2375 milites
1536 2330 1671 2375 etiam
1696 2337 1791 2380 Nep·

36 2394 233 2442 Cereris
268 2397 488 2458 templum
525 2398 818 2450 introissent,
866 2401 1091 2446 excaecati
1127 2407 1256 2451 sunt,
1303 2414 1359 2445 ne
1395 2401 1678 2461 inspicerent

31 2525 34 2527 .
58 2473 232 2513 secreta
258 2474 434 2513 tantum
460 2468 638 2513 feminis
666 2469 861 2528 cognita.
1703 2479 1747 2510 30

173 2577 195 2615 1
226 2576 450 2616 bonarum
473 2569 526 2616 B'
555 2573 575 2628 Η
603 2576 790 2618 deorum
821 2580 861 2618 P
888 2586 930 2619 et
952 2580 1037 2620 Cic.
1070 2582 1095 2619 l.
1119 2581 1190 2622 cit.
1223 2581 1246 2628 ἓ
1269 2582 1348 2619 84.·
1380 2579 1567 2619 deorum
1599 2592 1679 2620 eas

61 2641 162 2671 esse
181 2631 225 2671 B
283 2634 310 2674 8
339 2633 564 2673 dedecore
587 2650 608 2673 *
631 2633 674 2672 B
735 2637 786 2674 12
818 2635 1146 2675 t-himasitheus
1168 2635 1209 2674 B
1271 2638 1323 2676 13
1353 2636 1529 2688 pariter
1549 2638 1678 2677 codd.

38 2685 223 2739 Piylzii:
255 2689 394 2737 aliter
414 2689 456 2729 B
518 2690 571 2728 14
593 2690 799 2742 exemplo
822 2692 1060 2731 inclusimus
1122 2693 1174 2731 16
1198 2703 1332 2743 quem
1354 2691 1395 2731 B
1416 2688 1436 2746 Η
1463 2692 1610 2745 pithio
1635 2692 1678 2732 B

117 2745 170 2784 18
197 2747 249 2784 ut
271 2746 494 2798 comperit
515 2745 578 2793 B,
613 2747 799 2786 additum
827 2761 949 2787 manu
978 2749 1199 2788 admodum
1227 2750 1415 2789 recenti:
1448 2761 1549 2789 eam
1580 2749 1678 2790 del-

49 2797 163 2855 phis
181 2801 455 2852 portandam
478 2802 610 2854 (corr.
633 2803 976 2856 perferendam)
999 2805 1202 2855 curauit3
1226 2805 1282 2856 cf.
1299 2806 1448 2858 praef.
1465 2819 1515 2858 p.
1534 2807 1577 2845 V
1578 2806 1607 2845 I
1612 2819 1677 2859 sq.

35 2886 62 2911 «ἦ,
172 2857 226 2896 22
245 2857 325 2898 Izoc
346 2861 580 2911 exemplum
602 2872 731 2912 usque
755 2861 814 2900 ad
827 2859 1134 2901 Athenienses
1155 2865 1452 2914 protagoram
1471 2860 1533 2914 (p.
1549 2864 1618 2911 14,
1633 2861 1681 2914 3)

20 2907 104 2968 3',B
124 2925 285 2966 quoque
306 2914 431 2954 habet
489 2916 543 2956 23
565 2920 787 2956 creteram
812 2915 873 2964 B,
909 2920 1159 2957 creterram
1190 2917 1236 2957 V

23 2994 58 3021 ‘e
