1872 3132
152 125 188 175 4
486 112 487 115 ’
874 129 975 174 Lm.
1014 129 1044 174 1.

151 244 342 288 nentes
388 235 621 304 legeret,
681 235 1134 288 animaduertisse
1173 235 1311 289 uitio
1358 236 1772 290 tabernaculum

152 315 371 378 captum
415 306 646 358 comitiis
702 305 1108 373 consularibm,
1174 325 1313 376 quae
1365 307 1485 378 ipse
1529 306 1772 374 fecisset,

152 396 320 448 eaque
347 396 404 428 re
433 377 502 428 ab
530 376 831 445 auguribus
869 376 941 427 ad
967 385 1214 428 senatum
1239 377 1438 443 relata,
1475 378 1629 430 iussu
1655 378 1771 430 eius

158 448 217 500 C.
248 447 477 515 Figulus
507 466 535 497 e
563 445 765 513 Gallia,
795 446 977 517 Scipio
1005 447 1208 521 Nasica
1234 467 1261 499 e
1291 447 1517 500 Corsica
1542 448 1773 500 Romam

114 540 136 572 5
157 519 438 571 redierunt
465 526 519 569 et
547 536 603 568 se
631 516 918 569 consulatu
944 517 1361 570 abdicauerunt.

255 589 307 640 4.
361 587 650 640 Consimili
675 587 890 640 ratione
915 588 979 641 P.
1006 586 1243 641 Cloelius
1275 587 1508 654 Siculus,
1537 589 1613 640 M.
1642 588 1773 642 Cor-

146 659 323 712 nelius
362 657 662 728 Cethegus,
714 657 786 725 bC.
825 657 1088 710 Claudius
1135 666 1358 728 propter
1403 666 1533 711 exta
1578 677 1771 728 parum

149 731 362 783 curiose
390 729 609 781 admota
636 728 859 780 deorum
888 729 1274 781 immortalium
1303 731 1410 781 aris
1435 729 1771 799 temporibus

146 800 412 870 bellisque
441 799 670 851 diuersis
698 799 939 852 flaminio
977 799 1128 851 abire
1165 800 1302 851 iussi
1339 807 1465 852 sunt
1490 799 1772 870 coactique

83 893 124 924 10
149 873 329 924 etiam.

254 945 304 994 5.
366 941 443 992 At
489 940 555 1006 Q.
593 939 834 1009 Sulpicio
875 939 1024 992 *inter
1061 939 1482 992 sacrificandum
1528 959 1556 992 e
1593 941 1774 1010 capite

150 1031 294 1083 apex
339 1010 628 1082 prolapsus
677 1011 823 1062 idem
869 1009 1238 1062 sacerdotium
1283 1009 1535 1076 abstulit,
1583 1028 1771 1063 occen-

147 1090 341 1152 tusque
394 1081 584 1134 soricis
632 1081 853 1132 auditus
898 1080 1069 1133 Fabio
1114 1080 1359 1134 Maximo
1417 1080 1771 1146 dictaturam,

150 1153 212 1206 C.
240 1152 510 1204 Flaminio
541 1151 914 1220 magisterium
942 1151 1184 1221 equitum
1213 1150 1522 1221 deponendi
1550 1168 1774 1202 causam

85 1244 127 1276 15
150 1223 420 1294 praebuit.

255 1294 304 1346 6.
374 1291 740 1346 Adiciendum
795 1291 879 1341 his
936 1290 1083 1361 quod
1138 1291 1200 1342 P.
1250 1291 1464 1343 Licinio
1519 1290 1770 1361 pontifici

146 1365 385 1416 maximo
421 1363 579 1431 uirgo
616 1361 889 1427 Vestalis,
943 1362 1072 1431 quia
1107 1361 1340 1431 quadam
1381 1370 1537 1413 nocte
1575 1380 1772 1432 parum

148 1434 381 1503 diligens
418 1434 559 1502 ignis
597 1433 804 1484 aeterni
841 1433 1021 1484 custos
1060 1432 1283 1498 fuisset,
1323 1432 1491 1500 digna
1525 1432 1647 1483 uisa
1685 1440 1770 1484 est

148 1523 286 1576 quae
312 1504 481 1572 flagro
510 1503 910 1555 admoneretur.

82 1597 123 1628 20
256 1577 304 1627 7.
351 1574 630 1626 Maximae
673 1592 805 1626 uero
852 1572 1084 1642 uirginis
1132 1572 1400 1624 Aemiliae
1447 1572 1771 1642 discipulam

147 1647 386 1699 extincto
430 1645 556 1713 igne
593 1651 770 1695 tutam
813 1643 882 1695 ab
923 1643 1072 1695 omni
1107 1642 1527 1713 reprehensione
1563 1643 1770 1695 Vestae

31 1788 123 1823 Par.
150 1770 264 1824 uitio
304 1777 643 1822 tabernaculum
681 1783 878 1836 captum.
942 1780 981 1821 4.
1007 1776 1053 1820 Ρ.
1084 1774 1283 1820 Cloelius
1311 1775 1490 1820 Siculus
1517 1776 1572 1823 M.
1600 1775 1771 1821 Corne-

144 1850 233 1894 lius
261 1848 489 1908 Cethegus
517 1850 560 1892 U.
588 1846 798 1892 Claudius
834 1852 1024 1907 propter
1051 1853 1152 1891 exta
1179 1859 1340 1906 parum
1368 1847 1550 1892 curiose
1577 1848 1666 1891 aris
1695 1846 1770 1890 ad—

148 1926 270 1965 mota
310 1918 508 1964 flaminio
548 1917 772 1963 abierunt.
834 1920 874 1962 5.
915 1918 964 1973 Q.
1002 1916 1234 1976 Sulpicius
1271 1917 1392 1960 inter
1427 1916 1770 1962 sacrificandum

82 2003 124 2034 25
150 2006 172 2036 e
201 1991 347 2050 eapite
386 1990 470 2034 sibi
498 1990 624 2049 apice
662 1988 849 2047 delapso
878 1985 1185 2032 sacerdotium
1212 1986 1439 2045 deposuit.
1491 1987 1654 2032 Fabius
1681 1987 1772 2032 Ma-

149 2063 294 2105 ximus
322 2060 614 2110 dictaturam,
656 2058 700 2103 C.
727 2059 974 2103 Flaminius
1011 2057 1324 2117 magisterium
1353 2058 1559 2117 equitum
1587 2058 1770 2102 dImise·

147 2138 281 2180 runt,
318 2137 510 2176 occentu
538 2131 699 2176 soricis
726 2129 906 2175 audito„
971 2130 1011 2173 6.
1050 2127 1098 2171 Ρ.
1134 2127 1337 2172 Licinius
1374 2143 1418 2188 p.
1446 2141 1504 2172 m.
1540 2129 1769 2188 uirginem

149 2201 374 2246 Vestalem
411 2215 492 2261 per
527 2201 736 2246 lletorem
764 2199 908 2260 flagro
947 2198 1204 2248 admonuit,
1243 2197 1366 2258 quod
1403 2197 1595 2258 quadam
1633 2203 1769 2244 nocte

148 2286 307 2333 parum
335 2271 532 2332 diligens
569 2273 688 2330 ignis
716 2271 890 2316 aeterni
918 2275 1074 2314 custos
1101 2268 1278 2313 fuisset.
1354 2272 1393 2313 7.
1431 2268 1649 2314 Aemiliae
1676 2270 1772 2314 uir·

86 2354 127 2386 30
150 2344 271 2403 ginis
298 2343 489 2387 Vestalis
518 2341 762 2401 discipula,
792 2342 991 2386 extincto
1019 2341 1141 2400 igne,
1179 2352 1279 2383 cum
1307 2339 1542 2384 adorasset
1568 2339 1766 2390 Vestam,

149 2413 384 2458 carbasum
431 2413 533 2469 foco
585 2413 860 2472 superiecit‚
922 2425 973 2456 ex
1026 2424 1115 2470 quo
1162 2408 1341 2454 subitus
1389 2410 1510 2469 ignis
1564 2411 1763 2455 emicuit.
1792 2427 1795 2429 “

261 2538 286 2577 5
319 2536 655 2576 abdicauerunt
682 2558 735 2563 —
767 2535 996 2575 cornelius
1026 2533 1068 2572 B
1105 2534 1148 2572 in
1178 2545 1255 2584 ⁷⁷²9-
1287 2532 1413 2573 habet
1442 2534 1618 2586 antiqua
1645 2546 1767 2573 manu

147 2596 345 2645 suppleta
404 2594 428 2632 6
458 2596 499 2645 p'
531 2593 709 2633 coelius
731 2591 771 2631 B
793 2589 811 2646 Η
832 2591 1006 2632 siculus
1038 2589 1078 2628 B
1107 2591 1150 2629 in
1179 2591 1332 2641 litura,
1363 2603 1442 2632 om.
1472 2591 1576 2630 dett.
1607 2591 1769 2642 aliquot

205 2650 231 2687 8
261 2649 446 2688 deorum
470 2672 526 2677 —-
550 2648 747 2688 diuersis
769 2662 846 2690 om.
870 2648 911 2687 B
933 2645 951 2701 Η
981 2647 1073 2686 aris
1097 2644 1307 2698 Stanyer:
1345 2646 1489 2686 uariis
1519 2645 1636 2692 libri,
1673 2647 1767 2686 aris

147 2704 483 2756 uariisKempf
534 2707 584 2744 11
610 2707 662 2756 Q.
684 2706 836 2744 addidi
862 2717 920 2744 ex
948 2704 989 2743 I‘
1047 2705 1097 2742 12
1121 2701 1268 2742 eidem
1290 2701 1343 2747 B,
1367 2715 1442 2743 em.
1467 2701 1654 2754 Stanyer
1716 2703 1768 2743 13

149 2773 171 2798 *
193 2761 320 2802 fabio
343 2759 384 2799 B
446 2762 499 2800 14
527 2762 633 2814 gaio
663 2759 860 2801 flaminio
882 2760 924 2800 B
987 2761 1037 2799 16
1069 2758 1209 2811 qd*p*
1232 2758 1272 2798 B
1295 2756 1343 2810 (d
1362 2761 1403 2798 in
1425 2757 1532 2810 ras.)
1593 2760 1649 2799 20
1670 2770 1769 2798 ma-

151 2818 272 2858 xime
294 2817 317 2857 b

263 2876 316 2914 22
339 2873 549 2915 coffinus
574 2871 621 2926 (g
644 2872 789 2924 erasa)
823 2875 865 2913 V
919 2874 973 2913 24
995 2873 1207 2913 flamonio
1235 2872 1280 2911 V
1332 2871 1386 2911 26
1407 2870 1646 2911 flamonius
1677 2871 1719 2911 V
1739 2866 1758 2922 Η

149 2931 400 2971 omiserunt
437 2932 480 2971 V
506 2943 621 2972 cor-r.
681 2932 733 2969 27
759 2928 914 2969 audito
939 2929 1057 2969 Mai:
1091 2928 1250 2969 audito
1269 2940 1351 2982 per
1373 2927 1586 2968 lictorem
1617 2928 1673 2967 V·
