1924 3152
257 147 358 199 144
850 140 853 146 '
950 151 1051 198 Llss.
1089 151 1156 198 111.

257 266 413 330 gesta
437 275 496 311 re
520 257 744 328 publica
770 258 1106 329 triumphum
1132 277 1165 311 a
1192 266 1386 312 senatu
1410 279 1521 314 non
1543 260 1865 334 inpetrauis-

255 336 361 394 set,
412 329 470 380 in
503 327 725 381 Albano
769 336 953 382 monte
997 329 1370 400 triumphandi
1405 337 1460 384 et
1500 332 1620 403 ipse
1651 332 1868 387 initium

253 399 386 452 fecit
407 405 460 450 et
479 398 673 452 ceteris
692 406 883 468 postea
902 399 1214 470 exemplum
1272 401 1504 469 raebuit,
1529 418 1736 475 proque
1753 404 1866 458 lau-

253 487 349 521 rea
373 486 596 535 corona,
624 487 750 522 cum
774 469 939 523 alicui
967 478 1224 541 spectacu
1249 489 1278 524 o
1304 472 1615 539 interesset,
1652 482 1867 544 myrtea

211 561 232 594 5
254 557 384 592 usus
411 546 512 592 est.

358 609 410 662 6.
449 610 569 662 Iam
591 608 652 664 C.
674 609 839 662 Marii
863 628 1036 681 paene
1060 610 1297 664 insolens
1323 611 1544 664 factum.
1579 631 1722 666 -nam
1741 623 1866 684 post

251 679 637 749 Iugurthinum
686 679 1124 752 Cimbricumque
1174 688 1227 734 et
1275 681 1630 744 Teutonicum
1679 683 1866 736 trium-

250 750 419 820 phum
444 751 705 804 cantharo
732 769 945 822 semper
968 751 1209 822 potauit,
1237 752 1382 822 quod
1406 753 1574 805 Liber
1596 760 1753 824 pater
1777 755 1865 807 In-

251 821 432 873 dicu'm
468 839 539 873 ex
563 821 701 874 Asia
735 822 1008 874 deducens
1043 821 1378 892 triumphum
1401 822 1504 876 hoc
1527 841 1660 876 usus
1685 825 1866 895 poculi

193 913 235 945 ιο
256 908 454 961 genere
478 890 760 945 ferebatur
771 931 786 958 ‚
814 899 876 944 ut
899 893 1043 944 inter
1067 893 1249 962 ipsum
1273 892 1532 947 haustum
1555 894 1672 948 uini
1695 895 1864 948 uicto·

251 961 367 1014 riae
393 962 508 1014 eius
535 979 661 1015 suas
688 963 948 1033 uictorias
973 969 1313 1033 conpararet.

360 1033 410 1083 7.
448 1031 525 1085 M.
562 1039 745 1084 autem
772 1031 911 1085 Cato
986 1041 1167 1085 raetor
1199 1032 1277 1085 M.
1314 1031 1508 1087 Scauri
1542 1041 1863 1088 ceterorum-

252 1119 358 1172 que
382 1119 598 1154 reorum
623 1102 827 1163 iudicia
851 1051 1003 1155 nulfa
1025 1101 1254 1156 indutus
1279 1103 1480 1170 tunica,
1509 1103 1604 1157 sed
1627 1111 1863 1157 tantum-

250 1172 411 1226 modo
437 1180 727 1242 praetexta
751 1173 983 1227 amictus
1011 1172 1138 1243 egit.

186 1292 227 1325 15
354 1269 487 1323 VII.
536 1269 645 1323 Sed
678 1271 816 1323 haec
850 1278 1012 1341 atque
1047 1271 1131 1323 his
1169 1270 1366 1324 similia
1401 1272 1620 1325 uirtutis
1656 1273 1864 1343 aliquid

252 1341 357 1394 sibi
381 1342 438 1393 in
464 1341 856 1394 consuetudine
881 1341 1136 1393 nouanda
1161 1341 1413 1394 licentiae
1440 1344 1700 1396 sumentis
1725 1343 1862 1397 indi-

248 1410 336 1463 cia
360 1418 510 1463 sunt:
539 1410 647 1463 illis
674 1418 873 1476 autem,
900 1429 1038 1482 quae
1059 1411 1313 1482 deinceps
1335 1412 1669 1480 subnectam,
1696 1432 1861 1484 quan-

248 1487 362 1532 tam
387 1481 473 1533 sui
497 1480 754 1534 fiduciam
777 1480 980 1534 habere
1006 1481 1175 1535 soleat
1199 1489 1571 1551 cognoscetur.

752 1582 850 1631 DE
883 1574 1177 1632 FIDVCIA
1213 1583 1351 1633 SVI.

184 1685 227 1718 20
308 1698 311 1700 »
360 1664 406 1714 1.
447 1662 643 1716 Publio
671 1670 725 1716 et
750 1664 943 1716 Gnaeo
970 1663 1313 1735 Scipionibus
1352 1666 1411 1717 in
1434 1664 1705 1736 Hispania
1737 1683 1861 1720 cum

246 1731 452 1787 maiore
487 1739 643 1803 parte
678 1736 951 1787 exercitus
988 1734 1104 1786 acie
1141 1735 1348 1789 Punica
1382 1753 1452 1806 op
1492 1735 1658 1788 ressis
1694 1737 1860 1789 omni-

247 1805 460 1873 busque
484 1804 800 1874 prouinciae
838 1805 953 1857 eius
979 1805 1291 1858 nationibus
1317 1805 1462 1859 Kart
1503 1806 1862 1875 aginiensium

246 1873 543 1926 amicitiam
577 1876 775 1928 secutis
787 1914 802 1942 ‚
857 1875 1005 1930 nullo
1044 1875 1244 1928 ducum
1277 1883 1590 1930 nostrorum
1625 1875 1756 1930 illuc
1790 1877 1861 1930 ad

246 1945 627 2011 corrigendam
660 1963 776 1998 rem
800 1945 1073 2016 proficisci
1109 1946 1367 2009 audente,
1405 1947 1468 1999 P.
1495 1946 1677 2017 Scipio
1704 1964 1859 2017 quar-

183 2034 226 2066 25
246 2020 364 2065 tum
390 2021 444 2066 et
468 2015 789 2067 uicesimum
825 2033 994 2083 agens
1031 2033 1234 2067 annum
1268 2015 1473 2067 iturum
1499 2033 1557 2068 se
1581 2015 1856 2086 pollicitus

247 2090 346 2135 est.
415 2102 524 2154 qua
560 2085 779 2155 quidem
815 2084 1017 2137 fiducia
1052 2083 1251 2155 populo
1287 2085 1531 2137 Romano
1567 2086 1759 2139 salutis
1795 2105 1858 2139 ac

281 2159 284 2162 ’
538 2159 563 2180 f

131 2201 225 2236 Par.
248 2187 465 2248 umphum
501 2202 526 2234 a
560 2195 722 2234 senatu
748 2202 839 2234 non
875 2189 1188 2248 impetrasset,
1222 2188 1396 2248 primus
1433 2188 1479 2234 111
1505 2195 1660 2235 11101110
1684 2189 1856 2236 Albano

245 2258 558 2318 triumphauit.
634 2260 675 2302 6.
727 2257 772 2303 C.
799 2258 964 2304 Marius
999 2265 1106 2318 post
1141 2271 1298 2304 omnes
1338 2259 1591 2320 triumphos
1621 2253 1714 2322 [in]
1754 2274 1858 2307 can-

248 2327 379 2374 tharo
416 2341 595 2388 semper
628 2329 831 2389 potauit,
871 2328 994 2390 quod
1027 2328 1160 2374 Liber
1193 2335 1322 2389 pater
1356 2330 1583 2390 superatis
1616 2330 1736 2376 Indis
1772 2331 1858 2377 hoc

184 2414 226 2447 30
248 2410 416 2458 genere
450 2398 603 2459 poculi
630 2413 742 2444 usus
769 2406 902 2444 esset.
965 2403 1009 2442 7.
1044 2399 1100 2444 M.
1126 2399 1235 2444 Cato
1262 2406 1446 2459 praetor
1470 2399 1526 2445 M.
1553 2399 1710 2447 Scauri
1737 2407 1857 2447 cete·

247 2482 494 2529 rorumque
521 2468 686 2516 iudicia
710 2470 807 2514 sine
834 2470 984 2516 tunica
1011 2476 1239 2531 praetexta
1266 2470 1457 2516 amictus
1483 2472 1592 2530 egit.

352 2541 393 2585 1.
441 2538 536 2584 DE
570 2537 851 2585 FIDVCIA
890 2539 1017 2585 SVI.
1092 2539 1201 2586 Post
1235 2539 1283 2584 P.
1320 2546 1366 2584 01
1401 2540 1477 2586 Cn.
1513 2539 1774 2601 Scipionum
1810 2542 1855 2586 in

246 2608 460 2669 Hispania
481 2617 672 2656 mortem
693 2609 822 2656 nullo
842 2624 954 2656 auso
974 2611 1220 2656 exercitum
1237 2611 1440 2661 traicere,
1461 2610 1507 2656 P.
1522 2609 1675 2671 Scipio
1686 2623 1855 2658 xx1111.

361 2719 385 2758 7
410 2718 777 2772 cymbricumque
799 2718 841 2759 B
899 2721 926 2762 8
948 2718 1069 2771 quod
1089 2719 1156 2759 B:
1177 2731 1311 2772 quam
1333 2718 1425 2766 CV,
1458 2718 1675 2771 quoniam
1694 2717 1863 2771 Kempf

247 2774 300 2813 10
328 2776 379 2812 ut
408 2786 486 2816 om.
507 2768 564 2814 B'
632 2776 684 2815 12
716 2779 820 2817 cato
849 2773 950 2828 ptor
979 2774 1065 2817 .1ῑ1.
1095 2787 1209 2816 scau
1228 2775 1272 2815 B
1291 2776 1335 2815 in
1355 2775 1484 2816 litura
1506 2773 1627 2826 (dett.
1650 2787 1692 2828 p.
1715 2786 1750 2814 r.
1769 2787 1852 2827 pro

244 2828 451 2882 praetor)
514 2832 565 2870 17
588 2834 809 2883 quantam
831 2832 885 2879 B,
917 2833 997 2873 sed
1014 2835 1109 2873 tam
1129 2833 1173 2872 in
1192 2844 1298 2878 ras..
1319 2833 1414 2872 item
1435 2830 1508 2872 sui
1526 2851 1582 2860 -
1603 2842 1852 2883 cognosce-

245 2889 320 2926 tur
377 2887 433 2941 24
452 2885 505 2928 P.
527 2886 616 2926 Pb:
646 2899 724 2930 om.
747 2887 789 2927 B

358 2941 413 2982 28
434 2942 480 2994 in
502 2943 739 2990 inclusimus
796 2946 847 2985 31
874 2943 1027 2998 coegit
1052 2945 1097 2985 V
1101 2937 1111 2952 '
1199 2961 1202 2963 ·
