1936 3120
269 0 457 20 .=*1v···³
488 0 490 2 ’
533 3 538 6 ’
940 0 949 35 ζ

542 123 659 169 CAP.
692 124 812 174 vnn,
842 123 941 172 Ext.
970 124 1165 183 §1-a
1194 126 1245 176 x,
1273 126 1369 184 31.
1397 131 1439 172 ·.>.
1695 115 1800 175 405

178 230 451 353 petendae
494 229 847 302 cupiditatem
889 232 1258 301 ingeneraret:
1317 233 1552 304 ideoque
1596 252 1628 286 a
1672 253 1799 304 rege

226 301 492 355 tolemaeo
541 301 770 354 ulterius
831 301 933 354 hac
995 301 1062 354 de
1124 321 1181 355 re
1239 302 1506 356 disserere
1561 305 1800 374 prohibi-

178 381 265 425 tus
298 380 397 425 est.

214 513 286 565 X.
338 516 695 574 QVANTVM
728 515 1153 565 MOMENTVM
1188 517 1301 566 SIT
1336 519 1421 566 IN
1454 518 1762 568 PRONVN-

333 586 676 636 TIATIONE
709 586 803 635 ET
837 587 1015 635 APTO
1053 586 1257 637 MOTV
1296 587 1645 639 CORPORIS.
1819 603 1842 636 5

283 681 646 752 Eloquentiae
683 691 867 735 autem
903 692 1220 736 ornamenta
1262 685 1318 736 in
1357 685 1801 754 pronuntiatione

175 760 306 823 apta
333 761 387 806 et
408 755 767 806 conueniente
787 762 938 806 motu
962 753 1207 824 corporis
1230 757 1558 807 consistunt:
1602 755 1799 826 quibus

176 842 302 876 cum
339 842 396 875 se
431 824 720 890 instruxit,
758 824 934 876 tribus
971 823 1146 876 modis
1184 824 1429 878 homines
1459 824 1798 894 adgreditur,

177 894 388 947 animos
426 912 614 948 eorum
646 895 770 964 ipsa
804 894 1148 958 inuadendo,
1197 894 1390 946 horum
1427 894 1584 948 alteri
1618 914 1798 963 aureS,

175 963 335 1017 alteri
361 964 548 1019 oculos
576 963 995 1035 permulcendos
1022 964 1313 1018 tradendo.
1819 985 1862 1017 10

286 1037 334 1087 1.
376 1035 485 1088 Sed
520 1043 582 1087 ut
615 1036 886 1106 propositi
921 1035 1057 1088 fides
1094 1038 1152 1087 in
1185 1037 1433 1106 personis
1474 1035 1799 1088 inlustribus

175 1105 520 1172 exhibeatur,
550 1105 611 1159 C.
635 1105 939 1172 GracchUS,
968 1106 1314 1176 eloquentiae
1341 1124 1505 1187 quam
1529 1106 1802 1177 propositi

174 1175 437 1230 felicioris
466 1175 804 1243 adulescenS,
871 1178 1091 1229 uoniam
1111 1176 1540 1245 fiagrantlssimo
1560 1176 1798 1246 ingeniO,

159 1266 301 1300 cum
338 1248 539 1318 optime
575 1265 689 1299 rem
727 1247 839 1317 pub
864 1248 1005 1298 icam
1042 1248 1183 1299 tueri
1219 1257 1431 1317 posset,
1477 1247 1801 1317 perturbare

171 1317 339 1388 impie
358 1315 570 1384 maluit,
601 1317 852 1388 quotiens
875 1317 1023 1388 apud
1041 1316 1303 1387 populum
1331 1317 1675 1370 contionatus
1698 1325 1798 1382 est,
1822 1334 1864 1380 15

174 1406 398 1441 seruum
446 1396 574 1458 post
609 1407 667 1440 se
702 1388 946 1440 musicae
992 1387 1126 1440 artis
1164 1390 1403 1458 peritum
1438 1387 1658 1454 habuit,
1741 1387 1799 1439 ui

174 1457 387 1512 occulte
425 1459 667 1511 eburnea
711 1457 898 1511 fistula
940 1458 1407 1528 pronuntiationis
1447 1458 1563 1510 eius
1604 1477 1692 1510 mo
1738 1475 1797 1511 os

171 1528 466 1594 formabat,
495 1538 593 1581 aut
617 1529 778 1580 nimis
802 1529 1060 1581 remissos
1081 1528 1373 1581 excitando
1396 1536 1490 1580 aut
1510 1528 1635 1598 plus
1652 1528 1797 1580 iusto

172 1598 475 1652 concitatos
503 1599 834 1665 reuocandO,
863 1599 992 1669 quia
1011 1600 1191 1670 ipsum
1212 1598 1360 1651 calor
1381 1606 1543 1668 atque
1562 1598 1795 1668 impetus

172 1669 402 1721 actionis
422 1676 692 1721 attentum
711 1668 938 1722 huiusce
958 1670 1374 1739 temperamenti
1395 1670 1797 1721 aestimatorem
1818 1686 1861 1718 20

173 1758 292 1792 esse
318 1757 427 1791 non
453 1739 787 1809 patiebatur.
1848 1746 1853 1749 ’

275 1809 326 1862 2.
370 1808 438 1875 Q.
479 1817 660 1862 autem
694 1809 1063 1875 Hortensius,
1114 1808 1410 1879 plurimum
1453 1809 1511 1859 in
1553 1808 1794 1878 corporis

172 1880 369 1933 decoro
396 1888 549 1932 motu
574 1879 878 1950 repositum
906 1879 1131 1932 credens
1149 1919 1163 1946 ,
1192 1897 1366 1949 paene
1392 1877 1514 1948 plus
1544 1878 1712 1930 studii
1738 1879 1796 1929 in

171 1969 234 2004 eo
273 1950 607 2003 elaborando
653 1969 818 2021 quam
851 1951 908 2001 in
950 1950 1072 2020 ipsa
1113 1949 1421 2020 eloquentia
1467 1948 1797 2002 adfectanda

169 2021 442 2092 inpendit.
505 2021 692 2092 itaque
719 2021 958 2073 nescires
985 2028 1170 2073 utrum
1195 2020 1447 2090 cupidius
1476 2019 1547 2072 ad
1574 2019 1794 2071 audien·
1819 2035 1860 2068 25

168 2181 569 2243 repraesentabat,
607 2189 659 2228 ut
696 2182 867 2228 multos
905 2182 1095 2242 cupidos
1131 2181 1292 2227 mortis
1330 2181 1510 2227 faceret.
1588 2183 1741 2240 itaque
1768 2195 1791 2224 a
1815 2190 1909 2223 Par.

174 2252 439 2298 Ptolemaeo
467 2267 578 2312 rege
604 2253 800 2298 ulterius
828 2253 940 2298 haec
966 2253 1193 2298 disserere
1219 2252 1479 2312 prohibitus
1508 2257 1592 2296 est.

280 2325 316 2366 1.
370 2322 416 2367 C.
460 2322 689 2368 Gracchus
735 2323 1003 2368 adulescens
1045 2323 1280 2382 flagrantis
1325 2324 1524 2382 ingenii,
1581 2323 1794 2380 quotiens

169 2394 530 2442 contionaretur,
572 2406 755 2438 seruum
783 2407 928 2452 prope
956 2407 1003 2437 se
1030 2395 1228 2438 musicae
1257 2394 1367 2437 artis
1394 2394 1594 2451 peritum
1623 2398 1793 2436 statue-

165 2462 266 2512 bat,
318 2464 395 2521 qui
434 2462 612 2508 occulte
649 2462 815 2508 eborea
866 2463 1019 2507 fistula
1070 2463 1462 2522 pronuntiationis
1500 2463 1595 2505 eius
1633 2461 1791 2505 modos
1815 2471 1856 2503 30

168 2531 406 2579 formabat.
484 2535 524 2575 2.
566 2532 617 2589 Q.
666 2533 940 2578 Hortensius
983 2532 1231 2592 plurimum
1278 2533 1323 2576 in
1373 2532 1581 2591 corporis
1623 2531 1791 2582 decoro

167 2611 297 2649 motu
324 2603 580 2664 repositum
621 2603 809 2648 credens
845 2617 988 2662 paene
1024 2602 1126 2662 plus
1166 2602 1305 2647 studii
1344 2604 1388 2646 ln
1427 2615 1480 2646 eo
1518 2600 1792 2646 elaborando

4 2562 17 2643 —-‘a-.-.
0 2470 17 2550 ,υτ-*-

281 2756 306 2796 5
330 2754 490 2795 APTV
511 2754 553 2793 B
614 2756 637 2794 7
661 2754 962 2794 conuenienti
984 2754 1007 2793 b
1067 2756 1092 2794 9
1116 2752 1366 2792 inuidendo
1387 2747 1444 2792 B'
1506 2754 1557 2792 16
1580 2764 1712 2804 posse
1735 2744 1791 2790 B'

168 2813 220 2852 17
245 2812 416 2852 eborea
437 2811 479 2850 P
537 2812 589 2850 19
613 2809 740 2851 color
759 2810 815 2856 B,
839 2812 919 2850 sed
938 2823 1053 2851 corr.
1079 2812 1174 2851 lm.
1220 2811 1291 2849 ‘23
1314 2813 1438 2848 motu
1462 2808 1501 2848 B
1524 2810 1565 2848 z'n
1587 2821 1673 2848 ras.
1697 2804 1716 2860 Η
1743 2808 1790 2846 in

167 2880 219 2908 eo
244 2868 308 2907 P:
341 2869 388 2908 in
412 2866 569 2908 eodem
594 2867 636 2906 B
679 2869 733 2906 24
754 2866 1009 2907 laborando
1034 2866 1128 2914 BP,
1154 2879 1230 2908 em.
1253 2866 1430 2917 Piyhius
1472 2866 1526 2905 25
1548 2857 1791 2917 inpeditB'

280 2925 333 2964 32
355 2923 610 2964 laborando
640 2924 684 2962 V
