1872 3132
314 103 431 149 CAP.
459 103 508 153 11,
534 103 632 148 Exi.
659 102 688 160 g
717 104 855 147 1—4.
895 101 964 152 ιιι,
993 76 1190 159 §1-4.
1230 101 1317 151 1111,
1348 102 1376 159 g
1408 104 1444 144 1.
1472 105 1512 144 2.
1660 96 1723 147 17

101 215 320 277 auspiciis
345 215 464 262 enim
492 216 674 276 patriis,
712 229 805 261 non
840 214 1105 274 alienigenis
1140 227 1234 259 rem
1271 212 1498 274 publicam
1534 213 1723 259 admini·
1746 235 1840 268 Par.

103 287 238 333 strari
265 286 526 334 iudicabant
552 293 786 346 oportere.

211 361 251 403 3.
305 357 384 402 Cn.
411 356 650 402 Cornelius
677 355 894 416 Hispalus
931 362 1120 415 praetor
1154 356 1426 415 peregrinus
1462 355 1518 400 M.
1545 355 1724 416 Popilio

102 428 296 474 Laenate
331 427 382 473 L.
423 427 666 488 Calpurnio
704 440 826 472 coss.
863 426 1011 471 edicto
1047 424 1296 471 Chaldaeos
1342 427 1463 472 intra
1502 427 1726 472 decimum

103 499 222 544 diem
248 497 372 544 abire
399 512 453 543 ex
479 497 591 543 urbe
620 503 756 557 atque
780 496 908 542 Italia
934 497 1091 547 iussit,
1120 495 1300 541 leuibus
1328 503 1373 540 et
1402 498 1572 557 ineptis
1599 491 1724 556 ingess
1748 506 1768 537 5

103 569 189 614 niis
234 567 382 614 fallaci
434 568 632 613 siderum
682 568 1063 627 interpretatione
1108 574 1431 627 quaestuosam
1478 567 1725 614 mendaciis

102 639 197 684 suis
223 638 463 698 caliginem
489 640 744 685 inicientes.
794 638 911 683 idem
930 637 1135 688 Iudaeos,
1165 637 1242 697 qui
1262 636 1420 683 Sabazi
1447 638 1570 684 Iouis
1597 638 1727 684 cultu

70 709 327 755 'Romanos
363 708 549 755 inficere
585 722 735 755 mores
777 709 931 754 conati
968 715 1120 758 erant,
1171 715 1381 768 repetere
1420 708 1581 774 domos
1619 724 1726 755 suas

99 781 269 839 coegit.
404 786 406 788 ’

208 854 250 895 4.
301 850 350 895 L.
379 850 595 897 Aemilius
622 850 789 896 Paulus
815 849 993 901 consul,
1022 862 1125 895 cum
1153 856 1339 894 senatus
1364 849 1497 906 Isidis
1525 856 1570 895 et
1596 849 1725 896 Sera·
1750 861 1790 891 10

102 922 174 982 pis
210 921 312 966 fana
338 921 557 966 diruenda
593 921 850 966 censuisset
886 933 1030 980 eaque
1064 933 1198 965 nemo
1237 919 1452 980 opificum
1489 920 1725 981 adtingere

102 991 315 1042 auderet,
352 993 503 1051 posita
529 997 761 1051 praetexta
788 1003 995 1036 securem
1023 991 1218 1050 arripuit
1244 990 1494 1052 templique
1530 992 1629 1036 eius
1656 992 1726 1037 fo-

102 1060 231 1107 ribus
258 1061 433 1107 inflixit.

585 1153 724 1206 IIII.
771 1157 869 1204 DE
903 1156 1239 1205 AVSPICIO.

211 1261 252 1304 1.
280 1259 328 1304 L.
355 1257 627 1318 Tarquinius
655 1271 732 1303 rex
760 1258 980 1303 centuriis
1008 1257 1227 1318 equitum,
1258 1271 1372 1318 quas
1398 1259 1619 1306 Romulus
1646 1275 1726 1306 au·
1749 1269 1790 1300 15

105 1329 281 1389 spicato
324 1330 684 1388 conscripserat,
737 1329 848 1374 alias
895 1329 1073 1374 adicere
1117 1330 1331 1388 cupiens,
1385 1344 1488 1375 cum
1523 1330 1579 1376 ab
1615 1333 1725 1377 Atto

103 1398 246 1446 Nauio
285 1412 459 1458 augure
495 1399 844 1459 prohiberetur,
891 1399 1093 1444 oss'ensus
1132 1400 1441 1458 interrogauit
1477 1415 1531 1445 an
1558 1401 1603 1446 id
1629 1401 1728 1448 fieri

103 1476 263 1531 posset
291 1469 414 1530 quod
450 1471 598 1516 animo
628 1471 871 1529 cogitaret.
922 1484 1003 1521 eo,
1045 1471 1239 1529 augurio
1266 1477 1424 1530 capto,
1462 1485 1602 1531 posse
1629 1472 1728 1518 fieri

105 1597 424 1643 consultorum
450 1597 653 1657 disquiri.
716 1596 890 1642 iussum
916 1596 1080 1656 legatis
1109 1603 1181 1642 est
1205 1596 1519 1658 aedilibusquc
1545 1598 1590 1644 in
1617 1600 1727 1646 haec
1750 1605 1843 1649 Nep·

104 1666 280 1718 missis,
318 1675 369 1712 ut
395 1667 434 1712 si
462 1667 792 1718 consuluisset,
819 1667 874 1714 ad
902 1666 1176 1728 supplicium
1202 1667 1388 1713 Romam
1414 1669 1726 1716 reduceretur.
1750 1678 1791 1710 20

106 1737 302 1797 denique
328 1737 439 1782 adeo
466 1738 644 1798 profuit
671 1738 864 1788 factum,
903 1745 955 1783 ut
982 1752 1036 1783 ex
1063 1738 1251 1783 incertis
1279 1739 1319 1782 ei
1344 1739 1542 1785 Romana
1578 1743 1729 1801 auspi-

105 1809 175 1853 cia
201 1806 386 1853 fuerint.
449 1821 552 1853 nam
578 1807 634 1852 ab
662 1806 881 1853 altaribus
906 1807 1067 1868 patriis
1093 1808 1332 1867 profectus
1357 1811 1577 1867 Aegates,
1615 1825 1729 1871 opu-

103 1877 385 1924 lentissimas
410 1876 608 1929 insulas,
634 1879 681 1923 in
708 1886 959 1939 conspectu
985 1877 1270 1938 Carthaginis
1296 1878 1544 1940 populatus
1571 1888 1654 1925 est.

214 1950 254 1992 1.
304 1947 467 1993 Vrbem
492 1947 680 1994 Romam
716 1949 933 2008 auspiciis
968 1948 1199 1994 conditam
1227 1956 1400 1995 certum
1436 1957 1520 1995 est.
1572 1953 1726 2012 itaque

104 2018 270 2064 Remus
295 2019 425 2079 prior
450 2032 528 2064 sex
562 2018 773 2065 uultures
800 2019 1085 2079 auspicatus,
1121 2026 1284 2080 postea
1308 2017 1531 2066 Romulus
1558 2021 1726 2068 duode·
1750 2031 1792 2063 25

107 2090 207 2139 cim,
234 2088 390 2148 potior
414 2088 555 2134 Remo
583 2090 686 2140 suit,
714 2090 838 2150 quod
863 2089 1030 2135 Remus
1057 2090 1289 2150 prioribus
1316 2091 1532 2153 auspiciis
1558 2093 1727 2139 nitere·

106 2157 204 2210 tur,
230 2158 448 2205 Romulus
474 2159 698 2220 pluribus.
1401 2156 1403 2158 ’
1665 2155 1668 2157 ’

212 2234 252 2275 2.
303 2228 353 2274 L.
382 2229 655 2291 Tarquinius
692 2245 771 2276 rex
797 2245 900 2277 cum
926 2231 1147 2277 centuriis
1184 2246 1209 2277 a
1233 2232 1428 2279 Romulo
1457 2233 1726 2280 constitutis

106 2298 216 2346 alias
252 2300 429 2346 adicere
464 2300 751 2361 disponeret,
790 2303 926 2347 Attus
952 2301 1124 2348 Nauius
1150 2316 1299 2363 augur
1324 2303 1435 2349 dixit
1459 2306 1589 2365 prius
1616 2305 1727 2351 deos

19 2380 27 2410 ὲῚ
105 2370 284 2416 consuli
321 2376 551 2432 oportere.
602 2386 680 2417 rex
715 2373 852 2418 iussit
887 2372 1112 2419 sciscitari
1148 2387 1204 2419 an
1230 2372 1352 2434 quod
1388 2374 1433 2419 in
1470 2376 1621 2421 animo
1652 2376 1727 2421 ha·
1750 2384 1791 2415 30

106 2439 236 2486 beret
261 2441 360 2486 fieri
386 2448 560 2502 posset.
610 2450 719 2503 post
745 2442 1131 2490 consultationem
1156 2458 1294 2505 posse
1320 2445 1570 2505 respondit.
1625 2443 1727 2491 ‘no-

221 2565 247 2605 3
279 2563 375 2604 GN.
404 2562 447 2603 B
477 2559 496 2617 ΙΙ
526 2564 744 2617 pompilio
772 2565 864 2605 BV
978 2568 1005 2606 4
1034 2567 1158 2606 intra
1189 2580 1288 2607 nos:
1318 2567 1443 2607 circa
1464 2568 1573 2615 BV,
1607 2570 1727 2609 citra.

109 2619 156 2661 Ο.
178 2619 425 2660 Lachmann
485 2622 509 2661 7
532 2620 694 2661 sabazi
713 2620 780 2660 B:
811 2621 942 2662 sabzi
969 2616 1042 2669 V'‚
1075 2623 1239 2662 zabazi
1268 2624 1440 2666 Vcorr.
1504 2626 1556 2666 18
1577 2624 1729 2678 possit

115 2675 168 2722 V,
190 2688 264 2716 em.
286 2676 453 2728 Kempf

222 2733 277 2773 20
306 2729 378 2785 ut]
405 2737 451 2772 et
480 2732 515 2773 0
571 2734 623 2772 21
657 2745 714 2772 ex
734 2733 913 2773 incerta.
938 2733 989 2781 C,
1021 2746 1103 2786 pro
1125 2734 1319 2775 incertis
1339 2735 1437 2776 Mai
1492 2737 1546 2777 22
1576 2738 1726 2789 patris

27 2807 29 2809 ·
111 2783 182 2840 011
202 2787 374 2840 egadas
397 2788 431 2829 Ο
487 2790 543 2828 24
565 2789 877 2842 auspiciorum
899 2790 1123 2842 auspiciis
1149 2790 1204 2836 G,·
1234 2792 1403 2832 uidetur
1431 2794 1474 2832 in
1495 2807 1536 2832 u.
1571 2793 1726 2847 auspi-

25 2870 34 2897 .·
111 2843 284 2884 ciorum
310 2845 454 2884 titulus
474 2847 629 2897 capitis
650 2848 785 2887 latere
844 2846 898 2886 26
926 2846 1081 2898 potior
1100 2846 1274 2887 remulo
1299 2848 1333 2888 0
1389 2850 1442 2891 27
1471 2848 1671 2889 romolus
1696 2850 1730 2890 0

3 2897 26 2933 ’τ
107 2899 163 2940 29
186 2900 329 2940 attius
354 2901 389 2941 Ο
443 2902 498 2942 30
521 2902 659 2941 citari
684 2903 733 2949 C,
767 2916 842 2942 em.
869 2902 964 2942 Mai
981 2899 1002 2955 Η
1029 2915 1087 2942 an
1109 2916 1209 2944 nos:
1240 2917 1326 2945 con
1350 2904 1402 2951 C,
1426 2917 1534 2944 num
1556 2905 1653 2945 Mai
1715 2937 1729 2956 Λ

193 2979 300 3010 VAL.
323 2982 433 3011 MAX.
1435 2972 1468 3023 2
