1878 3100
178 160 255 207 XII
821 159 1144 207 PRAEFATIO.

636 270 646 286 s

181 300 314 348 nihil
341 307 577 364 superest
603 300 703 347 nisi
739 300 903 363 prima
937 299 1109 348 littera
1135 301 1192 357 F,
1226 300 1279 346 in
1318 315 1418 364 qua
1451 300 1567 364 ipsa
1592 301 1796 352 'summa
1829 311 1832 314 ⁴

180 371 258 419 rei
284 371 516 418 uertitur.
591 370 893 418 Lectionem
918 373 1188 426 Fertorem‚
1219 386 1370 434 quam
1397 370 1560 419 codex
1587 387 1792 435 quoque

182 442 464 490 Vaticanus
494 439 696 488 Paridis
730 440 908 499 habet,
957 457 986 488 a
1010 440 1249 503 Kempfio
1289 440 1539 488 immerito
1567 449 1793 506 spretam

184 526 297 559 esse
328 527 391 558 ex
418 511 756 574 inscriptione
784 526 948 574 nuper
975 517 1182 574 reperta
1210 511 1470 572 cognitum
1497 518 1589 559 est.

326 580 430 629 Sed
457 588 512 628 ut
539 580 606 628 ad
633 581 758 629 alios
775 581 925 628 ‘locos
954 580 1280 639 accedamus,
1322 579 1387 628 de
1424 580 1605 646 quibus
1637 581 1793 644 paulo

182 652 332 715 plura
369 651 592 699 dicenda
627 660 770 709 sunt,
820 668 930 698 cum
956 651 1223 714 Kempfius
1271 651 1327 698 in
1363 651 1690 715 praefatione
1730 664 1795 698 ex

180 722 395 770 Meursii
416 722 709 770 coniectura
727 723 785 768 ab
800 723 1051 768 illustribus
1070 725 1216 768 electa
1237 723 1501 768 auctoribus
1520 724 1552 767 d
1560 725 1576 767 i
1581 738 1611 782 9
1623 735 1758 767 erer
1770 735 1795 767 e

179 795 406 839 constitui
415 799 553 840 recte
566 791 805 840 uideatur
825 793 956 856 scrip
964 792 1105 851 sisse,
1122 807 1187 838 ne
1206 790 1332 838 illud
1350 790 1555 855 quidem
1565 797 1793 855 praeter·

179 861 487 910 mittendum
525 870 633 910 erat
676 863 729 909 in
766 863 808 910 B
846 879 922 926 pr.
962 880 1025 909 m.
1072 862 1312 925 scriptum
1352 868 1553 909 exstare
1588 864 1792 921 diliyere‚

180 949 289 979 non
316 935 527 994 deliqere.
553 960 624 967 —
652 935 696 992 1,
729 936 772 992 6,
806 935 849 991 1,
875 923 977 979 'ubi
1003 932 1269 995 Kempfius
1306 931 1439 978 male
1471 931 1635 979 edidit
1654 934 1793 992 flam-

180 1018 303 1048 mam
324 1007 558 1050 emicuisse
584 1006 897 1050 domestici
921 1006 1078 1049 oculi
1095 1005 1459 1058 adnotauerunt,
1486 1000 1795 1050 incredibile

180 1072 387 1121 uidetur
410 1075 495 1138 qui
516 1074 570 1120 in
591 1072 765 1122 adnot.
790 1075 897 1120 crit.
921 1071 1144 1120 scribere
1167 1072 1414 1135 potuerit:
1436 1069 1705 1120 ‘domestic
1723 1069 1791 1134 (Ρ)

181 1149 265 1190 citet
305 1143 580 1202 domestico
612 1160 695 1202 pr.
723 1147 762 1189 Α
796 1145 848 1199 [i.
877 1158 914 1190 e.
954 1144 1150 1201 Bern.],
1197 1141 1587 1190 domesticorum
1620 1142 1715 1189 DF
1748 1147 1795 1187 et

180 1255 306 1287 corr.
337 1242 377 1287 Α
392 1243 404 1263 ’
420 1261 436 1291 ;
463 1258 581 1288 nam
606 1242 661 1287 in
680 1242 722 1288 B
747 1240 988 1288 distincte
1010 1240 1082 1287 sic
1101 1240 1342 1303 scriptum
1364 1246 1464 1287 est:
1493 1212 1793 1287 domestigd‘m

180 1313 327 1370 oculi,
373 1327 470 1358 nec
508 1310 788 1376 quidquam
823 1311 876 1357 in
906 1309 1106 1375 syllaba
1141 1325 1192 1355 co
1230 1309 1546 1358 obscuratum
1574 1317 1661 1357 aut
1687 1326 1793 1358 cor-

182 1388 392 1428 rectum.
418 1409 488 1414 ——-
518 1384 561 1440 1,
593 1383 638 1440 8,
671 1383 699 1428 5
728 1381 881 1445 uulgo
908 1381 1120 1444 legitur:
1160 1383 1291 1426 cuius
1317 1384 1389 1426 rei
1402 1395 1495 1440 pro
1522 1386 1796 1441 aryumento

180 1454 454 1497 miraculum
476 1453 694 1508 adicitur,
719 1455 877 1511 inplens
897 1456 1091 1509 repente
1110 1466 1207 1497 uox
1226 1464 1250 1496 e
1264 1454 1487 1510 prooeima
1507 1453 1627 1497 silua
1638 1452 1796 1507 Arsia,

181 1535 301 1582 quae
326 1535 407 1568 ore
434 1523 618 1567 Siluani
640 1525 686 1567 in
711 1524 833 1568 hunc
859 1535 1017 1581 paene
1040 1524 1223 1567 modum
1249 1524 1387 1567 missa
1415 1522 1650 1567 traditur.-
1685 1537 1797 1567 uno

176 1594 315 1652 plus
352 1594 603 1638 Etrusci
637 1594 877 1649 cadent,
923 1593 1164 1637 Romanus
1201 1586 1441 1636 exercitus
1464 1594 1616 1637 uictor
1642 1593 1794 1638 abibit.

182 1663 246 1710 In
274 1662 509 1710 hocloco
548 1662 875 1709 manifestum
913 1661 1158 1709 orationis
1195 1661 1375 1708 uitium
1412 1661 1464 1708 in
1499 1660 1669 1708 uerbis
1706 1677 1798 1707 uno

177 1735 286 1792 plus
298 1734 495 1778 Etrusci
511 1735 682 1779 cadent
702 1739 977 1797 propterea
998 1730 1229 1778 nondum
1249 1738 1527 1798 correctum
1548 1739 1638 1790 est,
1657 1730 1796 1795 quod

181 1818 356 1866 neque
383 1802 579 1866 primae
607 1819 786 1849 manus
814 1802 967 1850 lectio
994 1798 1048 1848 ifi
1065 1799 1272 1849 Paridis
1302 1802 1524 1866 epitoma
1543 1808 1667 1849 nota
1689 1808 1798 1848 erat

181 1888 282 1920 nec
309 1873 558 1936 scriptura
586 1871 776 1920 codicis
803 1872 1106 1920 Bernensis.
1163 1870 1289 1919 Cum
1317 1872 1453 1918 enim
1477 1871 1564 1919 ille
1590 1870 1795 1930 habeat,

180 1949 237 1990 ut
274 1943 360 1989 Du
396 1943 529 1990 Rieu
566 1944 786 2002 monuit,
833 1958 923 1988 uno
952 1945 1064 2002 plus
1100 1945 1273 1988 etuscis
1310 1944 1470 1998 cadet,
1514 1942 1798 1989 Bernensis

184 2018 356 2060 autem
382 2028 473 2059 uno
492 2015 605 2072 plus
631 2017 786 2059 erusci
808 2015 999 2068 cadent,
1028 2019 1246 2075 utraque
1274 2011 1496 2060 lectione
1523 2011 1800 2059 coniuncta

183 2082 428 2129 facillima
465 2082 640 2146 prodit
677 2082 997 2131 emendatio:
1041 2098 1133 2129 uno
1164 2084 1271 2142 plus
1307 2095 1331 2128 e
1360 2083 1568 2128 Tuscis
1603 2083 1800 2132 cadent,-

184 2152 249 2199 cf.
276 2152 392 2199 Liu.
423 2154 468 2212 2,
501 2156 544 2213 7,
577 2155 604 2199 2
652 2169 742 2200 uuo
769 2156 881 2214 plus
911 2154 1231 2200 Tuscorum
1267 2154 1482 2198 cecidisse
1514 2144 1565 2198 iii
1587 2155 1699 2198 acie.
1727 2178 1800 2185 —

184 2223 232 2283 2,
264 2225 308 2282 7,
337 2223 456 2270 Ext.
487 2225 515 2270 2
553 2224 788 2272 Valerius
815 2224 1020 2271 soloece
1047 2224 1120 2270 sic
1147 2223 1415 2286 scripsisse
1442 2221 1626 2270 fertur:
1664 2223 1799 2282 idque

183 2309 215 2339 a
250 2295 365 2339 duce
398 2298 619 2354 praecipi
655 2310 747 2340 non
781 2295 1076 2340 mirabantur
1109 2299 1432 2339 maternarum
1469 2294 1800 2339 blanditiarum

182 2377 427 2420 memores,
477 2379 595 2424 qucce
640 2369 711 2410 iis
754 2365 927 2425 (quaeis
951 2361 1011 2427 B)
1064 2367 1298 2410 exituri
1306 2377 1329 2409 s
1376 2365 1446 2409 ad.
1471 2364 1796 2422 proeliandum

183 2435 426 2480 monebant
449 2442 498 2481 ut
524 2442 618 2484 ete.
673 2435 778 2484 Sed
806 2451 918 2482 cum
943 2435 998 2481 in
1017 2428 1069 2481 B·
1091 2440 1318 2481 extrema
1343 2432 1544 2498 syllaba
1568 2449 1627 2479 ur
1651 2431 1798 2479 uerbi

185 2506 434 2550 monebant
462 2520 607 2553 erasa
634 2505 713 2564 sit,
745 2522 845 2569 qua
872 2505 936 2552 de
962 2520 1017 2551 re
1043 2510 1180 2551 tacet
1205 2504 1492 2567 Kempfius,
1521 2503 1622 2550 iam
1647 2518 1798 2550 nemo

172 2574 440 2622 'dubitabit
465 2591 639 2622 ueram
664 2574 857 2638 habere
896 2575 1174 2623 lectionem
1210 2574 1399 2622 codicis
1430 2571 1485 2621 Γ;
1526 2575 1686 2634 quibus
1713 2586 1797 2618 ex·

184 2647 301 2690 ituri
335 2647 398 2689 ad
429 2661 506 2704 pr.
544 2647 864 2692 monebantur.
892 2673 962 2679 —-
990 2647 1035 2704 3,
1068 2647 1112 2704 1,
1145 2645 1200 2704 2,
1244 2644 1334 2692 ubi
1369 2642 1518 2691 codd.
1555 2643 1799 2705 uulgares

182 2713 378 2761 habent
405 2721 563 2761 tenero
590 2730 697 2776 erqo
724 2720 873 2762 animo
902 2718 1014 2764 Cato
1042 2719 1184 2762 totius
1203 2718 1363 2762 curiae
1378 2716 1660 2775 yrauitatem
1682 2726 1795 2772 per-

184 2787 323 2843 cepit,
343 2783 644 2832 Perizonius
664 2786 868 2848 cognito
886 2789 1100 2846 percepit
1124 2786 1357 2849 ineptum
1381 2799 1492 2832 esse
1514 2789 1659 2831 acute
1681 2799 1801 2830 con-

185 2853 336 2901 iecit:
365 2857 514 2900 animo
539 2892 548 2901 .
573 2889 583 2898 .
606 2859 877 2915 praecepit:
908 2857 1117 2920 egregia
1137 2854 1443 2913 emendati0‚
1475 2870 1625 2918 quam
1642 2853 1801 2900 Kem—

185 2924 314 2987 pfius
352 2940 419 2971 ne
458 2925 869 2973 commemorauit
908 2925 1140 2990 quidem,
1182 2925 1436 2989 scriptura
1470 2925 1525 2971 in
1550 2925 1593 2971 B
1622 2922 1798 2971 confir·
