1936 3120
251 143 356 196 432
931 147 1030 192 LlB.
1069 147 1190 193 Vllll.

257 256 497 325 aspexit,
543 261 879 306 contractum
921 253 1133 307 famosa
1175 254 1378 307 iniuria
1414 253 1679 308 nobilium
1713 256 1862 310 iuue-

255 344 402 377 num.
478 325 661 394 itaque
697 323 887 376 eodem
921 331 1165 394 tempore
1193 333 1246 377 et
1271 325 1328 376 in
1361 324 1537 378 isdem
1573 325 1862 396 penatibus

257 396 476 446 diuersa
512 392 729 447 saecula
762 394 1106 460 habitarunt,
1136 394 1584 464 frugalissimum
1617 395 1862 463 alterum,

258 464 488 516 alterum
513 465 923 535 nequissimum.

214 551 234 584 5
365 535 412 587 7.
455 535 516 587 Ρ.
544 543 723 587 autem
751 535 911 588 Clodi
936 535 1202 587 iudicium
1239 544 1443 606 quanta
1476 535 1696 589 luxuria
1722 543 1776 590 et
1800 536 1863 588 li-

257 604 446 670 bidine
482 605 807 659 abundauit!
868 606 924 657 in
995 624 1092 668 uo,
1133 613 1194 658 ut
1229 605 1507 659 euidenter
1543 607 1740 660 incesti
1765 609 1864 660 cri-

255 676 401 728 mine‘
436 694 636 729 nocens
672 694 796 747 reus
833 677 966 728 abso
990 684 1241 742 uei-etur,
1279 683 1465 746 noctes
1493 685 1863 731 matronarum

257 753 310 798 et
353 745 784 799 adulescentium
829 745 1094 799 nobilium
1142 763 1342 815 magna
1392 764 1603 799 summa
1651 765 1735 799 em
1777 756 1864 800 tae

256 815 519 869 mercedis
547 817 668 870 loco
696 816 969 870 iudicibus
997 823 1254 885 erogatae
1281 825 1425 871 sunt.
1488 835 1594 898 quo
1631 816 1688 868 in
1754 819 1863 887 agi-

192 903 233 935 10
255 887 332 940 tio
381 894 494 939 tam
543 895 718 940 taetro
769 895 987 958 tamque
1037 886 1323 957 multiplici
1372 905 1586 940 nescias
1630 888 1864 958 primum

259 976 419 1027 quem
445 957 735 1024 detestere,
762 958 853 1028 qui
871 957 1019 1010 istud
1039 957 1379 1029 corruptelae
1397 976 1567 1027 genus
1589 959 1865 1027 excogita-

258 1029 360 1096 uit,
390 1047 457 1080 an
487 1028 579 1098 qui
605 1028 926 1098 pudicitiam
953 1047 1107 1080 suam
1135 1036 1473 1099 sequestrem
1497 1028 1724 1099 periurii
1749 1028 1866 1082 fier1

256 1099 407 1169 passi
435 1107 577 1166 sunt,
605 1117 675 1150 an
703 1099 796 1169 qui
821 1098 1139 1167 religionem
1166 1107 1354 1170 stupro
1383 1106 1776 1170 permutarunt.

366 1169 416 1221 8.
456 1169 538 1222 Ae
577 1187 644 1221 ue
671 1168 1006 1239 flagitiosum
1041 1168 1179 1221 illud
1206 1170 1544 1236 conuiuium,
1585 1169 1731 1240 quod
1757 1169 1862 1222 Gre-

194 1255 235 1288 15
257 1237 450 1292 mellus
478 1240 548 1293 tri
591 1239 799 1292 unicius
827 1240 1021 1306 uiator,
1049 1241 1271 1308 ingenui
1297 1240 1593 1309 sanguiniS,
1626 1240 1721 1292 sed
1748 1238 1863 1292 offi-

257 1311 326 1363 cii
351 1310 498 1363 intra
525 1310 779 1362 seruilem
813 1310 1062 1362 habitum
1097 1310 1386 1377 deformis7
1425 1309 1645 1362 Metello
1671 1318 1726 1362 et
1754 1309 1864 1362 Sci—

255 1381 405 1451 pioni
432 1399 579 1434 conS.
610 1398 674 1432 ac
700 1380 936 1433 tribunis
962 1380 1036 1450 pl.
1064 1398 1261 1448 magno
1300 1398 1421 1432 cum
1453 1380 1651 1433 rubore
1677 1379 1864 1432 ciuita-

256 1451 328 1503 tis
366 1451 705 1520 conparauit.
779 1449 1033 1520 lupanari
1080 1451 1223 1501 enim
1260 1449 1406 1502 domi
1442 1468 1571 1502 suae
1609 1450 1863 1503 instituto

255 1521 501 1572 Muniam
528 1530 581 1574 et
606 1520 858 1572 Flauiam
874 1560 887 1585 ,
932 1538 1054 1571 cum
1079 1539 1111 1572 a
1136 1528 1290 1591 patre
1316 1528 1430 1572 tum
1458 1539 1490 1572 a
1514 1520 1632 1573 uiro
1662 1527 1864 1572 utram-

193 1607 234 1639 20
257 1609 360 1662 que
393 1589 668 1657 inclitam,
705 1599 760 1643 et
796 1589 1033 1643 nobilem
1066 1609 1295 1661 puerum
1324 1589 1679 1643 Saturninum
1711 1590 1768 1642 in
1802 1607 1865 1642 eo

256 1661 551 1732 prostituit.
602 1662 899 1731 probrosae
925 1661 1226 1731 patientiae
1252 1679 1499 1731 corpora,
1526 1659 1763 1714 ludibrio
1791 1667 1864 1712 te-

256 1730 527 1784 mulentae
554 1731 772 1784 libidini
798 1733 1007 1783 futura!
1060 1730 1246 1802 epulas
1276 1730 1591 1784 consulibus
1619 1737 1672 1783 et
1696 1730 1864 1783 tribu-

257 1803 342 1854 nis
370 1821 478 1854 non
504 1801 878 1868 celebrandas,
908 1802 1003 1853 sed
1030 1801 1415 1854 uindicandas!

364 1872 412 1924 9.
476 1872 684 1924 Verum
734 1873 1025 1942 praecipue
1076 1871 1348 1925 Catilinae
1398 1871 1567 1924 libido
1618 1869 1864 1924 scelesta.

198 2037 240 2071 25
263 2039 454 2078 tractum
483 2033 653 2078 famosa
680 2034 859 2078 iniurIa.
935 2037 974 2078 7.
1014 2033 1060 2078 P.
1091 2032 1232 2078 Clodii
1258 2032 1472 2077 iudicium
1500 2037 1666 2092 quanta
1690 2031 1866 2076 luxuria

143 2079 236 2114 Par.
265 2109 309 2148 et
335 2103 521 2148 libidine
548 2103 814 2148 abundauit!
866 2104 911 2147 in
953 2118 1067 2163 quo,
1107 2110 1156 2148 ut
1191 2116 1360 2148 nocens
1394 2115 1499 2147 reus
1536 2100 1864 2150 absumeretur,

260 2180 418 2220 noctes
455 2180 763 2218 matronarum
800 2187 960 2231 magna
995 2187 1166 2218 sumnia
1205 2170 1627 2232 emptaeiudicibus
1655 2175 1867 2228 erogatae

261 2251 380 2289 sunt.
456 2246 496 2287 8.
537 2243 762 2288 Gemellus
800 2243 1071 2289 tribunicius
1106 2244 1257 2288 uiator
1297 2242 1576 2301 flagitiosum
1604 2240 1865 2286 conuiuium

264 2313 443 2359 Metello
472 2321 517 2358 et
543 2313 743 2374 Scipioni
770 2313 1035 2358 consulibus
1070 2327 1121 2358 ac
1156 2312 1350 2358 tribunis
1377 2312 1440 2373 pl.
1469 2312 1749 2372 conparauit.
1800 2310 1866 2355 lu-

199 2391 241 2423 30
263 2384 421 2445 panari
447 2386 563 2429 enim
591 2384 711 2429 domi
738 2398 846 2429 suae
875 2385 1084 2429 instituto
1112 2383 1304 2428 Muniam
1333 2389 1378 2428 et
1402 2382 1600 2428 Flauiam
1638 2388 1866 2426 matronas

264 2461 309 2500 et
334 2454 534 2500 nobilem
560 2468 752 2515 puerum
775 2454 1067 2500 Saturninum
1095 2454 1347 2514 prostituit.
1419 2454 1459 2498 9.
1500 2451 1687 2498 Catilina
1714 2464 1866 2497 amore

374 2608 399 2646 2
421 2605 584 2646 iisdem
605 2601 659 2646 B'
721 2608 772 2646 io
793 2606 987 2658 primum
1011 2618 1143 2658 quem
1164 2606 1218 2654 B,
1241 2606 1321 2646 sed
1339 2605 1497 2645 additis
1520 2606 1543 2644 1
1561 2617 1612 2644 m.
1635 2607 1680 2643 ut
1701 2602 1868 2642 uidetur

262 2664 393 2715 siym's
415 2663 761 2714 transpositionis
803 2664 854 2703 16
876 2663 1082 2714 scipione
1105 2661 1159 2710 B,
1183 2661 1373 2702 Metello
1398 2663 1444 2701 et
1465 2658 1670 2712 Scipioni
1691 2656 1868 2698 consuli

262 2719 462 2770 Piylzius;
491 2720 570 2759 sed
587 2720 755 2759 uidetur
776 2731 903 2759 error·
930 2719 1097 2758 Valerii
1115 2719 1248 2770 ipsius
1290 2719 1341 2758 17
1364 2730 1418 2757 ac
1439 2716 1487 2757 b:
1521 2715 1579 2756 ad
1598 2714 1641 2755 B
1659 2710 1680 2768 H
1700 2725 1867 2765 magna

262 2768 318 2814 B'
400 2775 451 2814 19
473 2775 662 2814 fluuiam
683 2772 753 2826 B',
775 2775 977 2815 Muciam
999 2777 1046 2815 et
1065 2774 1279 2814 Fuluiam
1301 2775 1400 2814 edd.
1423 2777 1525 2814 uett.
1547 2776 1591 2811 et
1610 2779 1638 2815 ς
1715 2770 1769 2810 20
1798 2769 1868 2809 in-

264 2829 424 2870 clitam
446 2844 521 2873 om.
545 2831 587 2870 B
606 2833 650 2871 in
670 2844 759 2873 ras.
834 2833 887 2871 21
911 2831 1132 2884 probrosa
1153 2830 1177 2870 b
1197 2827 1217 2883 Π
1238 2829 1497 2883 sapientiae
1518 2827 1572 2874 B,
1596 2839 1670 2868 em.
1694 2825 1868 2878 Pighius

261 2888 315 2926 22
357 2900 384 2927 a
415 2885 576 2939 epulas
605 2887 647 2927 B
677 2890 719 2927 in
747 2900 834 2928 ras.
915 2888 970 2927 24
1009 2899 1119 2927 uero
1141 2887 1390 2939 praecipue
1412 2885 1468 2935 B,
1498 2884 1579 2925 sed
1605 2883 1705 2923 add.
1736 2882 1868 2934 signis

263 2944 583 2995 transponendi,
608 2955 767 2983 uerum
787 2956 853 2996 pr.
877 2945 978 2986 dett.
