1924 3152
1393 34 1405 49 ³
1515 43 1518 47 .
1544 29 1596 53 '3'-
1616 30 1623 36 .
1647 31 1696 53 Q..)
1726 29 1826 51 -hx-,Qq

1404 55 1412 63 ι·
1503 61 1514 64 n
1529 52 1592 86 pfl-'²
1612 51 1668 76 suf-im*
1720 54 1733 62 -⁴
1760 54 1762 58 ·
1789 50 1798 64 L
1864 62 1866 64 ,

211 109 318 161 240
924 114 1023 160 LIB.
1061 114 1111 160 V.

211 228 396 286 uatuS‚
427 219 498 271 ad
523 219 773 271 ultimum
798 221 919 290 ipsa
938 221 1126 291 patria
1150 220 1339 292 pulsus
1368 231 1465 276 est.
1529 223 1663 294 quid
1688 222 1828 278 aliae

213 292 422 343 faciant
463 291 654 356 urbeS,
707 290 802 343 ubi
845 292 1011 343 etiam
1055 290 1169 357 illa,
1222 311 1362 362 quae
1411 295 1748 348 constantiae
1774 303 1828 348 et

214 360 603 412 moderationis
664 368 718 412 et
774 362 1066 430 grauitatis
1127 363 1386 414 eximiam
1446 363 1552 416 sibi
1610 362 1828 417 laudem

214 430 487 498 uindicat,
539 438 654 483 tam
686 433 903 501 ingrata
941 432 1205 494 aduersus
1244 441 1355 485 tam
1394 434 1533 487 bene
1571 435 1827 487 meritum

176 523 196 555 5
218 502 440 554 extitit?

321 586 371 637 3.
411 586 655 639 Detrahe
681 586 1112 640 Atheniensibus
1132 588 1360 653 Thesea,
1391 586 1573 640 nullae
1600 596 1696 641 aut
1719 607 1828 640 non

214 666 325 708 tam
354 655 533 708 clarae
553 656 804 710 Athenae
832 666 1005 724 erunt,
1035 658 1082 709 si
1109 659 1330 728 quidem
1354 657 1445 711 ille
1469 660 1694 712 uicatim
1721 659 1826 711 dis-

212 746 402 797 persos
431 729 578 780 ciues
606 747 733 781 suos
769 730 828 780 in
852 747 1018 780 unam
1043 729 1237 781 urbem
1272 730 1573 794 contraxit5
1611 748 1825 799 separa-

214 798 419 868 timque
456 807 509 850 et
544 798 749 867 agresti
782 817 931 852 more
967 799 1179 851 uiuenti
1213 799 1413 869 populo
1459 799 1826 869 amplissimae

149 885 189 916 10
213 868 451 921 ciuitatis
502 868 736 920 formam
781 877 944 940 atque
995 869 1289 938 imaginem
1339 870 1598 939 inposuit.
1682 869 1830 921 idem

214 957 380 991 saeua
428 940 797 1009 potentissimi
855 940 1001 1008 regis
1053 939 1252 992 Minois
1312 941 1542 1010 imperia
1599 939 1829 991 uixdum

213 1017 392 1062 aetate
419 1010 752 1080 pubescente
778 1009 1039 1080 reppulit:
1082 1008 1228 1062 idem
1269 1010 1587 1063 effrenatam
1614 1010 1827 1063 Theba·

211 1099 331 1131 rum
358 1081 708 1132 insolentiam
735 1080 967 1133 domuit:
1009 1080 1157 1132 idem
1184 1099 1342 1151 opem
1367 1079 1554 1134 liberis
1573 1079 1828 1133 Herculis

212 1149 339 1203 tulit
366 1158 420 1202 et
445 1151 714 1221 quidquid
736 1151 938 1222 ubique
965 1152 1196 1204 monstri
1223 1160 1327 1208 aut,
1344 1151 1562 1204 sceleris
1591 1151 1695 1203 fuit
1720 1152 1826 1201 uir-

150 1236 191 1268 15
213 1229 328 1273 tute
355 1221 522 1272 animi
561 1241 625 1274 ac
659 1222 855 1274 robore
883 1222 1141 1274 dexterae
1168 1222 1500 1274 comminuit.
1561 1220 1721 1272 huius
1749 1230 1827 1274 ta—

214 1311 338 1344 men
365 1294 618 1344 summoti
646 1293 714 1344 ab
742 1292 1172 1344 Atheniensibus
1203 1293 1420 1363 Scyros,
1460 1290 1619 1343 exule
1648 1291 1826 1343 minor

211 1361 408 1429 insula,
438 1381 564 1414 ossa
589 1363 789 1414 mortui
815 1362 977 1432 cepit.

321 1434 439 1485 Iam
485 1432 678 1498 Solon,
731 1434 823 1502 qui
872 1441 986 1484 tam
1034 1431 1343 1502 praeclaras
1395 1440 1618 1506 tamque
1668 1431 1826 1483 utiles

213 1502 641 1556 Atheniensibus
670 1503 818 1571 leges
845 1502 996 1569 tulit,
1033 1512 1120 1569 ut,
1159 1504 1204 1554 si
1229 1502 1313 1554 his
1341 1510 1602 1573 perpetuo
1627 1503 1711 1553 uti
1735 1520 1827 1554 uo-

147 1589 190 1622 20
213 1573 460 1640 luissent,
490 1574 877 1643 sempiternum
902 1573 1143 1626 habituri
1171 1572 1375 1625 fuerint
1400 1572 1708 1643 imperium,
1736 1573 1829 1643 qui

215 1642 548 1696 Salaminam
592 1642 744 1695 uelut
780 1643 1034 1696 hostilem
1070 1662 1252 1695 arcem
1289 1662 1359 1695 ex
1403 1643 1705 1713 propinquo
1744 1661 1827 1694 sa-

212 1714 313 1766 luti
364 1733 551 1767 eorum
601 1715 951 1766 inminentem
1001 1715 1368 1784 recuperauit,
1422 1715 1516 1784 qui
1550 1713 1829 1765 Pisistrati

212 1785 565 1855 tyrannidem
590 1786 800 1855 primus
828 1785 970 1837 uidit
1015 1785 1307 1851 orientem,
1359 1783 1507 1837 solus
1544 1783 1708 1835 armis
1735 1801 1827 1853 op-

212 1855 377 1926 primi
403 1855 603 1908 debere
637 1855 821 1925 palam
858 1855 1111 1907 dictitare
1152 1874 1318 1907 ausus
1355 1863 1459 1921 est,
1498 1861 1829 1906 senectutem

150 1942 192 1974 25
217 1926 390 1997 Cypri
425 1926 690 1997 profugus
728 1927 911 1994 exegit
921 1965 935 1992 7
987 1944 1161 1995 neque
1196 1927 1245 1977 ei
1280 1925 1337 1976 in
1372 1926 1575 1995 patria,
1629 1923 1694 1975 de
1721 1942 1828 1993 qua

213 1997 418 2066 optime
443 2004 731 2062 meruerat,
760 1997 971 2048 humari
998 1996 1247 2064 contigit.

319 2068 469 2119 Bene
497 2068 737 2136 egissent
764 2066 1126 2118 Athenienses
1163 2084 1286 2117 cum
1313 2064 1587 2128 Miltiade,
1625 2063 1670 2115 si
1705 2082 1828 2115 eum

214 2146 338 2207 post
365 2145 609 2188 trecenta
651 2135 804 2187 milia
841 2137 1135 2187 Persarum
1170 2134 1491 2187 Marathone
1529 2134 1746 2186 deuicta
1771 2135 1829 2185 in

99 2291 191 2327 Par.
217 2285 327 2328 sime
353 2283 566 2328 exulauit.
620 2286 658 2327 3.
687 2282 986 2328 Athenienses
1013 2283 1185 2327 Thesea
1209 2288 1317 2342 post
1346 2288 1414 2327 tot
1440 2280 1657 2327 beneficia
1682 2282 1828 2341 patria

153 2363 194 2415 39
219 2354 513 2414 expulerunt,
553 2354 684 2399 cuius
713 2367 815 2398 ossa
844 2353 1009 2414 Scyrus
1048 2353 1193 2398 insula
1220 2352 1389 2398 mortui
1419 2353 1541 2396 texit.
1580 2378 1641 2383 —-
1689 2351 1827 2396 Solon

218 2431 497 2470 senectutem
524 2424 656 2484 Cypri
684 2424 906 2484 profugus
934 2424 1105 2483 exegit,
1141 2437 1289 2483 neque
1316 2423 1357 2468 ei
1384 2422 1427 2467 in
1455 2423 1622 2482 patria,
1663 2422 1716 2467 de
1742 2436 1826 2481 qua

216 2497 387 2556 optime
407 2501 651 2546 meruerat,
679 2496 873 2554 contigit
899 2495 1088 2540 humari.
1115 2519 1174 2527 —
1205 2493 1426 2538 Miltiades
1452 2498 1560 2555 post
1587 2505 1682 2538 ccc
1707 2491 1828 2537 milia

330 2635 356 2672 4
376 2633 662 2672 uindicatam
684 2633 870 2685 ingrata
893 2625 948 2672 B'
1009 2634 1032 2672 7
1057 2631 1214 2671 clarae
1238 2631 1278 2670 B
1299 2633 1342 2670 in
1363 2643 1450 2670 ras.
1481 2626 1502 2683 [Ι
1528 2629 1765 2668 **uicatim
1788 2627 1828 2667 B

215 2690 242 2729 8
273 2691 320 2728 in
348 2702 482 2730 unam
516 2691 612 2732 edd.
645 2696 772 2731 uett.:
804 2690 853 2728 in
881 2702 1008 2729 suam
1038 2700 1178 2728 unam
1207 2687 1249 2727 B
1277 2683 1295 2741 Η
1319 2687 1675 2739 tseparatimque
1704 2685 1827 2724 codd.

211 2747 432 2798 plerique:
454 2747 720 2797 passimque
731 2745 784 2792 B,
807 2747 885 2786 sed
905 2746 1077 2798 passim
1089 2747 1130 2784 in
1142 2745 1399 2784 ras.maiore
1411 2745 1502 2784 m.3
1545 2739 1830 2792 l4quicquid

217 2802 259 2841 B
291 2799 392 2851 (non
415 2801 482 2853 bl)
555 2802 607 2841 15
638 2803 780 2842 animi
807 2803 850 2842 B
879 2804 921 2841 in
949 2815 1038 2844 ras.
1110 2802 1161 2840 17
1192 2803 1311 2840 texit
1339 2801 1380 2838 P
1441 2801 1495 2839 21
1536 2797 1773 2837 Salamina
1803 2806 1830 2840 ς

215 2857 487 2898 24‘dicitare
508 2851 562 2896 B'
593 2854 611 2910 ΙΙ
641 2862 710 2898 est
731 2872 806 2899 om.
830 2859 885 2906 B,
914 2859 1022 2909 fort.
1046 2857 1262 2897 dictitare
1286 2858 1307 2895 ὃ,
1330 2868 1467 2895 ausus
1535 2855 1588 2894 25
1610 2852 1665 2892 de
1687 2866 1763 2894 om.
1788 2852 1830 2892 B

331 2916 382 2954 31
409 2915 451 2955 ei
472 2913 526 2954 de
549 2915 700 2966 patria
722 2916 768 2953 in
791 2927 880 2966 qua
910 2916 951 2954 V
1656 2924 1658 2926 ’
