1936 3120
270 140 377 195 460
942 147 1042 193 LIB.
1082 147 1202 194 vnn.
1275 188 1283 196 .

270 253 492 325 pidibus
537 253 877 320 obrueretur,
927 254 1176 325 quodque
1219 255 1585 309 accessionem
1623 256 1875 326 indigna·

271 324 433 376 tionis
460 342 571 376 non
593 324 817 394 recipit,
845 325 1023 378 oranti
1048 335 1212 396 atque
1238 325 1546 379 obsecranti
1572 326 1697 379 duci
1723 345 1755 379 a
1778 329 1875 380 mi-

271 394 461 446 litibus
490 411 687 446 causae
714 394 978 447 dicendae
1003 403 1245 466 potestas
1271 405 1471 466 negata
1497 404 1597 449 est.

379 468 500 516 Ext.
541 465 589 517 1.
633 464 825 587 Itaflue
861 467 1039 518 minus
1076 466 1242 519 miror
1275 468 1420 538 apud
1445 475 1654 520 trucem
1681 475 1735 520 et
1761 486 1876 520 sae-

229 556 250 589 5
271 553 402 586 uum
436 535 675 586 animum
760 535 1029 589 annibalis
1069 537 1401 590 defensionis
1439 537 1615 590 locum
1649 538 1875 591 innoxio

271 605 630 674 gubernatori
665 625 775 659 non
809 607 1008 674 fuisse,
1047 626 1206 678 quem
1241 627 1273 660 a
1298 608 1494 661 Petilia
1528 607 1700 661 classe
1725 609 1874 661 Afri-

272 694 392 727 cam
417 684 667 746 repetens
694 676 835 730 freto
864 676 1127 747 adpulsus
1143 719 1157 744 ,
1198 678 1326 730 dum
1361 685 1471 730 tam
1496 696 1668 748 paruo
1695 680 1875 749 spatio

270 745 492 798 Italiam
518 745 867 818 Siciliamque
892 748 1036 800 inter
1058 767 1113 801 se
1135 748 1344 800 diuisas
1370 767 1479 803 non
1505 749 1697 814 credit,
1722 748 1876 801 uelut

270 816 591 869 insidiosum
618 835 807 869 cursus
834 826 1100 870 rectorem
1124 819 1417 885 interemit,
1445 826 1739 890 posteaque
1759 818 1874 871 dili-

210 909 250 941 10
272 888 489 957 gentius
515 888 763 958 inspecta
785 890 1022 941 ueritate
1046 897 1176 942 tunc
1202 888 1469 960 absoluit,
1506 907 1628 941 cum
1653 889 1769 942 eius
1795 889 1876 940 in-

270 958 555 1011 nocentiae
589 957 725 1010 nihil
759 958 906 1011 ultra
941 960 1175 1030 sepulcri
1208 959 1471 1013 honorem
1517 959 1637 1012 dari
1678 959 1875 1030 potuit.

270 1030 437 1099 igitur
481 1030 702 1098 angusti
746 1037 910 1101 atque
955 1031 1195 1084 aestuosi
1237 1031 1404 1083 maris
1449 1029 1560 1083 alto
1603 1048 1632 1082 e
1667 1029 1877 1082 tumulo

272 1099 607 1171 speculatrix
643 1107 824 1153 statua
857 1119 1020 1172 quam
1054 1101 1347 1154 memoriae
1371 1100 1552 1154 Pelori
1576 1109 1689 1154 tam
1713 1100 1875 1153 Puni-

272 1189 367 1223 cae
422 1170 746 1223 temeritatis
797 1170 944 1224 ultra
993 1171 1237 1243 citraque
1284 1172 1664 1241 nauigantium
1707 1170 1877 1224 oculis

208 1262 250 1294 15
273 1240 615 1295 conlocatum
640 1241 902 1294 indicium
929 1252 1027 1295 est.

355 1311 357 1313 ’
377 1311 429 1364 2.
467 1313 587 1365 Iam
607 1311 1025 1365 Atheniensium
1046 1312 1238 1365 ciuitas
1267 1313 1337 1364 ad
1362 1311 1678 1364 uaesaniam
1702 1330 1878 1380 usque

271 1384 576 1449 temeraria,
640 1401 745 1435 uae
771 1398 810 1434 X
834 1385 1119 1436 uniuersos
1137 1383 1490 1453 imperatores
1513 1399 1657 1448 suOS,
1686 1390 1740 1434 et
1759 1381 1876 1451 qui-

273 1453 398 1506 dem
437 1471 471 1505 a
503 1452 630 1524 pulc
670 1454 871 1505 errima
894 1454 1126 1506 uictoria
1150 1453 1442 1519 uenientiS,
1478 1450 1699 1522 capitali
1736 1451 1874 1504 iudi-

271 1524 356 1577 cio
384 1531 642 1594 exceptos
669 1524 887 1576 necauit
901 1564 915 1591 ,
944 1524 1089 1595 quod
1114 1523 1348 1576 militum
1369 1541 1617 1593 corpora,
1646 1522 1877 1575 saeuitia

207 1615 250 1647 20
271 1594 438 1646 maris
465 1593 871 1664 interpellante,
914 1595 1225 1665 sepulturae
1250 1593 1510 1646 mandare
1536 1612 1646 1646 non
1669 1592 1876 1663 potuis-

272 1673 418 1731 sent,
454 1664 839 1718 necessitatem
874 1665 1131 1735 puniens,
1170 1683 1291 1717 cum
1328 1664 1593 1718 honorare
1616 1663 1876 1716 uirtutem

274 1735 514 1788 deberet.

1770 201 1793 211 ᾳ

741 1876 933 1929 VIIII.
974 1880 1072 1929 DE
1105 1879 1404 1929 ERRORE.

378 1974 700 2029 Temeritati
733 1976 1017 2046 proximus
1046 1983 1129 2028 est
1154 1993 1330 2042 error,
1368 1992 1528 2046 quem
1561 1973 1632 2026 ad
1655 1972 1876 2024 modum

208 2067 250 2100 25
273 2045 344 2099 ad
385 2046 714 2100 laedendum
756 2064 882 2116 par,
925 2048 1004 2098 ita
1038 2047 1124 2099 cui
1158 2044 1373 2098 facilius
1419 2043 1539 2115 quis
1583 2042 1874 2112 ignouerit,

155 2173 250 2208 Par·
274 2165 412 2211 mium
441 2164 572 2211 miles
599 2171 767 2209 temere
802 2170 994 2224 propter
1028 2163 1164 2209 falsas
1192 2171 1236 2208 et
1261 2163 1417 2207 inanes
1454 2160 1737 2222 suspiciones
1763 2158 1875 2220 lapi-

271 2235 401 2281 dibus
431 2235 597 2281 obruit.

378 2309 418 2351 1.
458 2304 675 2351 Hannibal
694 2304 891 2351 Africam
919 2311 1078 2365 petens
1098 2304 1217 2350 freto
1237 2303 1466 2364 adpulsus,
1494 2302 1599 2348 dum
1618 2308 1711 2347 tam
1730 2313 1876 2361 paruo

273 2377 420 2438 spatio
444 2376 616 2422 ltaliam
644 2375 932 2436 Siciliamque
967 2377 1087 2420 inter
1124 2389 1173 2420 se
1210 2374 1402 2420 diuisam
1427 2387 1519 2419 non
1545 2372 1710 2422 credit,
1747 2370 1876 2417 uelut

206 2458 248 2490 30
271 2448 540 2494 insidiosum
564 2461 728 2493 cursus
754 2453 979 2492 rectorem
1005 2446 1261 2492 interemit:
1300 2451 1461 2506 postea
1480 2443 1662 2504 cognita
1683 2442 1878 2487 ueritate

271 2518 575 2565 innocentiam
603 2517 924 2579 gubernatoris
952 2517 1163 2562 absoluit.
1225 2521 1266 2560 2.
1294 2516 1591 2561 Athenienses
1616 2513 1769 2559 decem
1795 2513 1877 2557 im-

270 2596 533 2650 peratores,
562 2595 606 2634 et
633 2588 815 2648 quidem
841 2589 1056 2638 uictores,
1086 2586 1207 2647 quod
1232 2586 1424 2631 militum
1451 2598 1643 2645 corpora
1671 2581 1876 2643 sepultu-

272 2674 349 2706 rae
377 2674 469 2705 non
497 2659 743 2710 dedissent,
770 2664 1065 2704 necauerunt.

388 2784 409 2822 1
434 2795 613 2835 quoque
634 2775 691 2822 B'
750 2784 776 2823 8
791 2781 990 2826 credidit
1012 2781 1036 2822 b
1109 2782 1134 2821 9
1155 2779 1474 2821 inseditiosum
1493 2778 1536 2818 B
1596 2777 1650 2817 10
1671 2772 1878 2815 adsoluit

271 2831 326 2879 B'
387 2841 445 2885 13,
462 2837 682 2880 memoria
699 2838 742 2878 B
822 2840 876 2879 14
894 2837 1015 2879 ultro
1039 2838 1246 2889 citroque
1266 2838 1410 2877 Per-iz.
1490 2836 1543 2875 16
1565 2829 1875 2898 aduersariam

272 2890 374 2993 gut
379 2897 439 2993 813
447 2896 701 2992 ἒυὶιιεῐεοε
722 2907 799 2936 om.
828 2895 865 2934 P
882 2900 923 2935 et
942 2896 988 2935 in
1005 2907 1092 2934 ras.
1115 2893 1158 2933 B
1191 2889 1212 2947 ss
1252 2892 1460 2944 equidem
1481 2889 1524 2930 B
1545 2907 1549 2915 ·
1581 2890 1636 2930 20
1655 2885 1876 2939 interpel-
