<?xml version="1.0" encoding="UTF-8"?>
<!DOCTYPE html PUBLIC "-//W3C//DTD XHTML 1.0 Transitional//EN"
    "http://www.w3.org/TR/xhtml1/DTD/xhtml1-transitional.dtd">
<html xmlns="http://www.w3.org/1999/xhtml" xml:lang="en" lang="en">
 <head>
  <title>
</title>
<meta http-equiv="Content-Type" content="text/html;charset=utf-8" />
  <meta name='ocr-system' content='tesseract 3.04.00' />
  <meta name='ocr-capabilities' content='ocr_page ocr_carea ocr_par ocr_line ocrx_word'/>
</head>
<body>
  <div class='ocr_page' id='page_1' title='image "./factorumetdictor00valeuoft_0093.png"; bbox 0 0 1878 3132; ppageno 0'>
   <div class='ocr_carea' id='block_1_1' title="bbox 41 0 663 92">
    <p class='ocr_par' dir='ltr' id='par_1_1' title="bbox 41 0 663 92">
     <span class='ocr_line' id='line_1_1' title="bbox 41 0 663 92; baseline 0 3040"><span class='ocrx_word' id='word_1_1' title='bbox 41 0 663 92; x_wconf 95' lang='lat' dir='ltr'> </span> 
     </span>
    </p>
   </div>
   <div class='ocr_carea' id='block_1_2' title="bbox 724 131 1761 199">
    <p class='ocr_par' dir='ltr' id='par_1_2' title="bbox 724 131 1761 199">
     <span class='ocr_line' id='line_1_2' title="bbox 724 131 1761 199; baseline -0.002 -12"><span class='ocrx_word' id='word_1_2' title='bbox 724 141 844 187; x_wconf 78' lang='lat' dir='ltr'><strong>GAP.</strong></span> <span class='ocrx_word' id='word_1_3' title='bbox 871 140 929 191; x_wconf 89' lang='lat'>11,</span> <span class='ocrx_word' id='word_1_4' title='bbox 970 141 1000 199; x_wconf 67' lang='lat' dir='ltr'>g</span> <span class='ocrx_word' id='word_1_5' title='bbox 1027 141 1168 185; x_wconf 82' lang='lat'><strong>3—6.</strong></span> <span class='ocrx_word' id='word_1_6' title='bbox 1689 131 1761 185; x_wconf 83' lang='lat'>65</span> 
     </span>
    </p>
   </div>
   <div class='ocr_carea' id='block_1_3' title="bbox 57 246 1824 2091">
    <p class='ocr_par' dir='ltr' id='par_1_3' title="bbox 57 246 1800 816">
     <span class='ocr_line' id='line_1_3' title="bbox 57 246 1759 323; baseline -0.006 -14"><span class='ocrx_word' id='word_1_7' title='bbox 57 307 77 310; x_wconf 74' lang='grc'>,,</span> <span class='ocrx_word' id='word_1_8' title='bbox 128 251 276 323; x_wconf 89' lang='lat' dir='ltr'>quod</span> <span class='ocrx_word' id='word_1_9' title='bbox 303 270 374 304; x_wconf 80' lang='lat' dir='ltr'>ex</span> <span class='ocrx_word' id='word_1_10' title='bbox 398 250 488 304; x_wconf 91' lang='lat' dir='ltr'>XI</span> <span class='ocrx_word' id='word_1_11' title='bbox 511 249 798 303; x_wconf 81' lang='lat' dir='ltr'><strong>lictoribus</strong></span> <span class='ocrx_word' id='word_1_12' title='bbox 834 267 992 301; x_wconf 90' lang='lat' dir='ltr'>nemo</span> <span class='ocrx_word' id='word_1_13' title='bbox 1032 267 1089 300; x_wconf 91' lang='lat' dir='ltr'>se</span> <span class='ocrx_word' id='word_1_14' title='bbox 1125 266 1262 318; x_wconf 91' lang='lat' dir='ltr'>equo</span> <span class='ocrx_word' id='word_1_15' title='bbox 1291 247 1624 300; x_wconf 77' lang='lat' dir='ltr'>descendere</span> <span class='ocrx_word' id='word_1_16' title='bbox 1649 246 1759 299; x_wconf 91' lang='lat' dir='ltr'>ius-</span> 
     </span>
     <span class='ocr_line' id='line_1_4' title="bbox 130 318 1760 394; baseline -0.003 -19"><span class='ocrx_word' id='word_1_17' title='bbox 130 325 322 390; x_wconf 81' lang='lat' dir='ltr'>sisset,</span> <span class='ocrx_word' id='word_1_18' title='bbox 374 321 568 394; x_wconf 89' lang='lat' dir='ltr'>plenus</span> <span class='ocrx_word' id='word_1_19' title='bbox 612 321 727 372; x_wconf 90' lang='lat' dir='ltr'>irae</span> <span class='ocrx_word' id='word_1_20' title='bbox 764 320 954 384; x_wconf 81' lang='lat' dir='ltr'>sedere</span> <span class='ocrx_word' id='word_1_21' title='bbox 989 319 1386 390; x_wconf 73' lang='lat' dir='ltr'>perseuerauit,</span> <span class='ocrx_word' id='word_1_22' title='bbox 1451 318 1598 389; x_wconf 88' lang='lat' dir='ltr'>quod</span> <span class='ocrx_word' id='word_1_23' title='bbox 1634 337 1760 371; x_wconf 89' lang='lat' dir='ltr'>cum</span> 
     </span>
     <span class='ocr_line' id='line_1_5' title="bbox 129 390 1759 462; baseline -0.004 -16"><span class='ocrx_word' id='word_1_24' title='bbox 129 393 276 446; x_wconf 90' lang='lat' dir='ltr'>filius</span> <span class='ocrx_word' id='word_1_25' title='bbox 305 394 594 459; x_wconf 89' lang='lat' dir='ltr'>sensisset,</span> <span class='ocrx_word' id='word_1_26' title='bbox 633 391 886 462; x_wconf 85' lang='lat' dir='ltr'>proximo</span> <span class='ocrx_word' id='word_1_27' title='bbox 914 391 1095 442; x_wconf 92' lang='lat' dir='ltr'>lictori</span> <span class='ocrx_word' id='word_1_28' title='bbox 1121 397 1183 442; x_wconf 90' lang='lat' dir='ltr'>ut</span> <span class='ocrx_word' id='word_1_29' title='bbox 1210 390 1316 443; x_wconf 88' lang='lat' dir='ltr'>sibi</span> <span class='ocrx_word' id='word_1_30' title='bbox 1343 396 1635 460; x_wconf 75' lang='lat' dir='ltr'>appareret</span> <span class='ocrx_word' id='word_1_31' title='bbox 1659 391 1759 441; x_wconf 87' lang='lat' dir='ltr'>im-</span> 
     </span>
     <span class='ocr_line' id='line_1_6' title="bbox 127 460 1761 535; baseline -0.004 -18"><span class='ocrx_word' id='word_1_32' title='bbox 127 465 363 535; x_wconf 87' lang='lat' dir='ltr'>perauit.</span> <span class='ocrx_word' id='word_1_33' title='bbox 413 464 567 516; x_wconf 90' lang='lat' dir='ltr'>cuius</span> <span class='ocrx_word' id='word_1_34' title='bbox 603 462 728 514; x_wconf 91' lang='lat' dir='ltr'>uoci</span> <span class='ocrx_word' id='word_1_35' title='bbox 764 462 1025 514; x_wconf 91' lang='lat' dir='ltr'>continuo</span> <span class='ocrx_word' id='word_1_36' title='bbox 1063 460 1272 513; x_wconf 84' lang='lat' dir='ltr'>Fabius</span> <span class='ocrx_word' id='word_1_37' title='bbox 1302 461 1598 514; x_wconf 79' lang='lat' dir='ltr'>obsecutus</span> <span class='ocrx_word' id='word_1_38' title='bbox 1629 468 1761 513; x_wconf 74' lang='lat' dir='ltr'>‘non</span> 
     </span>
     <span class='ocr_line' id='line_1_7' title="bbox 128 532 1800 605; baseline -0.001 -17"><span class='ocrx_word' id='word_1_39' title='bbox 128 543 272 605; x_wconf 86' lang='lat' dir='ltr'>ego&#39;,</span> <span class='ocrx_word' id='word_1_40' title='bbox 294 535 473 605; x_wconf 90' lang='lat' dir='ltr'>inquit</span> <span class='ocrx_word' id='word_1_41' title='bbox 497 532 613 600; x_wconf 81' lang='lat' dir='ltr'>‘fili,</span> <span class='ocrx_word' id='word_1_42' title='bbox 643 551 918 585; x_wconf 89' lang='lat' dir='ltr'>summum</span> <span class='ocrx_word' id='word_1_43' title='bbox 939 533 1234 604; x_wconf 88' lang='lat' dir='ltr'>imperium</span> <span class='ocrx_word' id='word_1_44' title='bbox 1252 540 1411 584; x_wconf 88' lang='lat' dir='ltr'>tuum</span> <span class='ocrx_word' id='word_1_45' title='bbox 1430 532 1755 603; x_wconf 85' lang='lat' dir='ltr'>contempsi,</span> <span class='ocrx_word' id='word_1_46' title='bbox 1780 552 1800 586; x_wconf 89' lang='lat'>5</span> 
     </span>
     <span class='ocr_line' id='line_1_8' title="bbox 128 602 1760 675; baseline -0.002 -17"><span class='ocrx_word' id='word_1_47' title='bbox 128 604 229 658; x_wconf 87' lang='lat' dir='ltr'>sed</span> <span class='ocrx_word' id='word_1_48' title='bbox 277 605 518 675; x_wconf 85' lang='lat' dir='ltr'>experiri</span> <span class='ocrx_word' id='word_1_49' title='bbox 566 603 718 657; x_wconf 90' lang='lat' dir='ltr'>uolui</span> <span class='ocrx_word' id='word_1_50' title='bbox 762 622 834 657; x_wconf 92' lang='lat' dir='ltr'>an</span> <span class='ocrx_word' id='word_1_51' title='bbox 879 604 1048 656; x_wconf 82' lang='lat' dir='ltr'>scires</span> <span class='ocrx_word' id='word_1_52' title='bbox 1093 602 1378 656; x_wconf 90' lang='lat' dir='ltr'>consulem</span> <span class='ocrx_word' id='word_1_53' title='bbox 1417 621 1604 672; x_wconf 83' lang='lat' dir='ltr'>agere:</span> <span class='ocrx_word' id='word_1_54' title='bbox 1660 621 1760 655; x_wconf 92' lang='lat' dir='ltr'>nec</span> 
     </span>
     <span class='ocr_line' id='line_1_9' title="bbox 128 673 1759 746; baseline -0.002 -18"><span class='ocrx_word' id='word_1_55' title='bbox 128 677 320 745; x_wconf 82' lang='lat' dir='ltr'>ignoro</span> <span class='ocrx_word' id='word_1_56' title='bbox 349 676 482 746; x_wconf 91' lang='lat' dir='ltr'>quid</span> <span class='ocrx_word' id='word_1_57' title='bbox 507 676 720 745; x_wconf 83' lang='lat' dir='ltr'>patriae</span> <span class='ocrx_word' id='word_1_58' title='bbox 744 675 1091 728; x_wconf 91' lang='lat' dir='ltr'>uenerationi</span> <span class='ocrx_word' id='word_1_59' title='bbox 1118 673 1401 740; x_wconf 79' lang='lat' dir='ltr'>debeatur,</span> <span class='ocrx_word' id='word_1_60' title='bbox 1442 693 1635 726; x_wconf 91' lang='lat' dir='ltr'>uerum</span> <span class='ocrx_word' id='word_1_61' title='bbox 1662 692 1759 745; x_wconf 87' lang='lat' dir='ltr'>pu-</span> 
     </span>
     <span class='ocr_line' id='line_1_10' title="bbox 124 745 1542 816; baseline -0.001 -15"><span class='ocrx_word' id='word_1_62' title='bbox 124 747 272 801; x_wconf 88' lang='lat' dir='ltr'>blica</span> <span class='ocrx_word' id='word_1_63' title='bbox 297 747 555 799; x_wconf 87' lang='lat' dir='ltr'>instituta</span> <span class='ocrx_word' id='word_1_64' title='bbox 580 747 806 816; x_wconf 90' lang='lat' dir='ltr'>priuata</span> <span class='ocrx_word' id='word_1_65' title='bbox 870 747 1037 799; x_wconf 88' lang='lat' dir='ltr'>ietate</span> <span class='ocrx_word' id='word_1_66' title='bbox 1070 745 1290 816; x_wconf 89' lang='lat' dir='ltr'>potiora</span> <span class='ocrx_word' id='word_1_67' title='bbox 1316 745 1542 799; x_wconf 83' lang='lat' dir='ltr'>iudico&#39;.</span> 
     </span>
    </p>

    <p class='ocr_par' dir='ltr' id='par_1_4' title="bbox 121 766 1824 1932">
     <span class='ocr_line' id='line_1_11' title="bbox 232 766 1759 883; baseline -0.001 -13"><span class='ocrx_word' id='word_1_68' title='bbox 232 818 283 870; x_wconf 83' lang='lat'>5.</span> <span class='ocrx_word' id='word_1_69' title='bbox 323 817 533 870; x_wconf 82' lang='lat' dir='ltr'>Relatis</span> <span class='ocrx_word' id='word_1_70' title='bbox 562 817 630 883; x_wconf 75' lang='lat' dir='ltr'>Q.</span> <span class='ocrx_word' id='word_1_71' title='bbox 657 818 801 871; x_wconf 80' lang='lat' dir='ltr'>Fabi</span> <span class='ocrx_word' id='word_1_72' title='bbox 831 766 1092 870; x_wconf 53' lang='lat' dir='ltr'>laudibus</span> <span class='ocrx_word' id='word_1_73' title='bbox 1132 816 1370 870; x_wconf 87' lang='lat' dir='ltr'>offerunt</span> <span class='ocrx_word' id='word_1_74' title='bbox 1406 835 1465 869; x_wconf 89' lang='lat' dir='ltr'>se</span> <span class='ocrx_word' id='word_1_75' title='bbox 1492 816 1759 868; x_wconf 88' lang='lat' dir='ltr'>mirificae</span> 
     </span>
     <span class='ocr_line' id='line_1_12' title="bbox 127 887 1824 959; baseline 0 -19"><span class='ocrx_word' id='word_1_76' title='bbox 127 889 472 941; x_wconf 83' lang='lat' dir='ltr'>constantiae</span> <span class='ocrx_word' id='word_1_77' title='bbox 495 889 622 955; x_wconf 89' lang='lat' dir='ltr'>uiri,</span> <span class='ocrx_word' id='word_1_78' title='bbox 651 889 745 959; x_wconf 92' lang='lat' dir='ltr'>qui</span> <span class='ocrx_word' id='word_1_79' title='bbox 771 888 941 957; x_wconf 83' lang='lat' dir='ltr'>legati</span> <span class='ocrx_word' id='word_1_80' title='bbox 967 907 1000 940; x_wconf 91' lang='lat' dir='ltr'>a</span> <span class='ocrx_word' id='word_1_81' title='bbox 1027 895 1223 941; x_wconf 89' lang='lat' dir='ltr'>senatu</span> <span class='ocrx_word' id='word_1_82' title='bbox 1249 888 1552 941; x_wconf 86' lang='lat' dir='ltr'>Tarentum</span> <span class='ocrx_word' id='word_1_83' title='bbox 1578 887 1649 939; x_wconf 89' lang='lat' dir='ltr'>ad</span> <span class='ocrx_word' id='word_1_84' title='bbox 1670 905 1756 940; x_wconf 91' lang='lat' dir='ltr'>res</span> <span class='ocrx_word' id='word_1_85' title='bbox 1782 907 1824 940; x_wconf 86' lang='lat'>10</span> 
     </span>
     <span class='ocr_line' id='line_1_13' title="bbox 126 958 1757 1030; baseline -0.001 -19"><span class='ocrx_word' id='word_1_86' title='bbox 126 958 455 1030; x_wconf 88' lang='lat' dir='ltr'>repetendas</span> <span class='ocrx_word' id='word_1_87' title='bbox 482 960 657 1026; x_wconf 87' lang='lat' dir='ltr'>missi,</span> <span class='ocrx_word' id='word_1_88' title='bbox 698 978 822 1012; x_wconf 92' lang='lat' dir='ltr'>cum</span> <span class='ocrx_word' id='word_1_89' title='bbox 846 960 1210 1028; x_wconf 81' lang='lat' dir='ltr'>grauissimas</span> <span class='ocrx_word' id='word_1_90' title='bbox 1238 959 1319 1012; x_wconf 92' lang='lat' dir='ltr'>ibi</span> <span class='ocrx_word' id='word_1_91' title='bbox 1344 959 1577 1012; x_wconf 88' lang='lat' dir='ltr'>iniurias</span> <span class='ocrx_word' id='word_1_92' title='bbox 1607 976 1757 1010; x_wconf 85' lang='lat' dir='ltr'>acce-</span> 
     </span>
     <span class='ocr_line' id='line_1_14' title="bbox 126 1029 1756 1101; baseline 0 -19"><span class='ocrx_word' id='word_1_93' title='bbox 126 1031 367 1101; x_wconf 90' lang='lat' dir='ltr'>pissent,</span> <span class='ocrx_word' id='word_1_94' title='bbox 413 1049 554 1082; x_wconf 90' lang='lat' dir='ltr'>unus</span> <span class='ocrx_word' id='word_1_95' title='bbox 593 1031 760 1082; x_wconf 88' lang='lat' dir='ltr'>etiam</span> <span class='ocrx_word' id='word_1_96' title='bbox 796 1031 956 1083; x_wconf 90' lang='lat' dir='ltr'>urina</span> <span class='ocrx_word' id='word_1_97' title='bbox 990 1048 1276 1100; x_wconf 86' lang='lat' dir='ltr'>respersus</span> <span class='ocrx_word' id='word_1_98' title='bbox 1312 1038 1485 1097; x_wconf 91' lang='lat' dir='ltr'>esset,</span> <span class='ocrx_word' id='word_1_99' title='bbox 1524 1030 1580 1080; x_wconf 91' lang='lat' dir='ltr'>in</span> <span class='ocrx_word' id='word_1_100' title='bbox 1607 1029 1756 1082; x_wconf 87' lang='lat' dir='ltr'>thea-</span> 
     </span>
     <span class='ocr_line' id='line_1_15' title="bbox 125 1099 1757 1169; baseline -0.001 -16"><span class='ocrx_word' id='word_1_101' title='bbox 125 1110 296 1167; x_wconf 82' lang='lat' dir='ltr'>trum,</span> <span class='ocrx_word' id='word_1_102' title='bbox 332 1109 395 1153; x_wconf 92' lang='lat' dir='ltr'>ut</span> <span class='ocrx_word' id='word_1_103' title='bbox 422 1110 504 1153; x_wconf 88' lang='lat' dir='ltr'>est</span> <span class='ocrx_word' id='word_1_104' title='bbox 531 1100 869 1154; x_wconf 89' lang='lat' dir='ltr'>consuetudo</span> <span class='ocrx_word' id='word_1_105' title='bbox 910 1100 1204 1168; x_wconf 80' lang='lat' dir='ltr'>Graeciae,</span> <span class='ocrx_word' id='word_1_106' title='bbox 1245 1101 1571 1168; x_wconf 82' lang='lat' dir='ltr'>introducti,</span> <span class='ocrx_word' id='word_1_107' title='bbox 1610 1099 1757 1169; x_wconf 82' lang='lat' dir='ltr'>lega-</span> 
     </span>
     <span class='ocr_line' id='line_1_16' title="bbox 125 1170 1752 1243; baseline -0.001 -19"><span class='ocrx_word' id='word_1_108' title='bbox 125 1172 332 1225; x_wconf 86' lang='lat' dir='ltr'>tionem</span> <span class='ocrx_word' id='word_1_109' title='bbox 359 1171 559 1242; x_wconf 90' lang='lat' dir='ltr'>quibus</span> <span class='ocrx_word' id='word_1_110' title='bbox 588 1180 916 1243; x_wconf 88' lang='lat' dir='ltr'>acceperant</span> <span class='ocrx_word' id='word_1_111' title='bbox 940 1172 1127 1225; x_wconf 90' lang='lat' dir='ltr'>uerbis</span> <span class='ocrx_word' id='word_1_112' title='bbox 1155 1179 1504 1242; x_wconf 82' lang='lat' dir='ltr'>peregerunt.</span> <span class='ocrx_word' id='word_1_113' title='bbox 1571 1170 1638 1223; x_wconf 89' lang='lat' dir='ltr'>de</span> <span class='ocrx_word' id='word_1_114' title='bbox 1664 1172 1752 1236; x_wconf 81' lang='lat' dir='ltr'>iis,</span> 
     </span>
     <span class='ocr_line' id='line_1_17' title="bbox 124 1241 1820 1314; baseline -0.001 -19"><span class='ocrx_word' id='word_1_115' title='bbox 124 1260 264 1313; x_wconf 91' lang='lat' dir='ltr'>quae</span> <span class='ocrx_word' id='word_1_116' title='bbox 289 1244 443 1312; x_wconf 88' lang='lat' dir='ltr'>passi</span> <span class='ocrx_word' id='word_1_117' title='bbox 477 1250 662 1310; x_wconf 87' lang='lat' dir='ltr'>erant,</span> <span class='ocrx_word' id='word_1_118' title='bbox 701 1243 882 1314; x_wconf 89' lang='lat' dir='ltr'>questi</span> <span class='ocrx_word' id='word_1_119' title='bbox 917 1262 1029 1296; x_wconf 90' lang='lat' dir='ltr'>non</span> <span class='ocrx_word' id='word_1_120' title='bbox 1066 1251 1220 1308; x_wconf 88' lang='lat' dir='ltr'>sunt,</span> <span class='ocrx_word' id='word_1_121' title='bbox 1261 1261 1329 1294; x_wconf 92' lang='lat' dir='ltr'>ne</span> <span class='ocrx_word' id='word_1_122' title='bbox 1357 1244 1490 1314; x_wconf 89' lang='lat' dir='ltr'>quid</span> <span class='ocrx_word' id='word_1_123' title='bbox 1516 1241 1664 1294; x_wconf 90' lang='lat' dir='ltr'>ultra</span> <span class='ocrx_word' id='word_1_124' title='bbox 1690 1259 1754 1293; x_wconf 87' lang='lat' dir='ltr'>ac</span> <span class='ocrx_word' id='word_1_125' title='bbox 1778 1260 1820 1294; x_wconf 83' lang='lat'>15</span> 
     </span>
     <span class='ocr_line' id='line_1_18' title="bbox 124 1312 1755 1384; baseline 0 -19"><span class='ocrx_word' id='word_1_126' title='bbox 124 1313 448 1367; x_wconf 90' lang='lat' dir='ltr'>mandatum</span> <span class='ocrx_word' id='word_1_127' title='bbox 484 1322 629 1366; x_wconf 90' lang='lat' dir='ltr'>esset</span> <span class='ocrx_word' id='word_1_128' title='bbox 666 1312 1045 1384; x_wconf 87' lang='lat' dir='ltr'>loquerentur,</span> <span class='ocrx_word' id='word_1_129' title='bbox 1093 1314 1402 1384; x_wconf 88' lang='lat' dir='ltr'>insitusque</span> <span class='ocrx_word' id='word_1_130' title='bbox 1438 1313 1755 1383; x_wconf 87' lang='lat' dir='ltr'>pectoribus</span> 
     </span>
     <span class='ocr_line' id='line_1_19' title="bbox 125 1384 1755 1456; baseline -0.001 -19"><span class='ocrx_word' id='word_1_131' title='bbox 125 1402 314 1438; x_wconf 90' lang='lat' dir='ltr'>eorum</span> <span class='ocrx_word' id='word_1_132' title='bbox 341 1385 555 1456; x_wconf 89' lang='lat' dir='ltr'>antiqui</span> <span class='ocrx_word' id='word_1_133' title='bbox 580 1385 750 1438; x_wconf 90' lang='lat' dir='ltr'>moris</span> <span class='ocrx_word' id='word_1_134' title='bbox 778 1393 1061 1456; x_wconf 88' lang='lat' dir='ltr'>respectus</span> <span class='ocrx_word' id='word_1_135' title='bbox 1092 1384 1308 1451; x_wconf 91' lang='lat' dir='ltr'>dolore,</span> <span class='ocrx_word' id='word_1_136' title='bbox 1347 1385 1441 1455; x_wconf 89' lang='lat' dir='ltr'>qui</span> <span class='ocrx_word' id='word_1_137' title='bbox 1469 1403 1538 1436; x_wconf 80' lang='lat' dir='ltr'>ex</span> <span class='ocrx_word' id='word_1_138' title='bbox 1566 1392 1755 1437; x_wconf 90' lang='lat' dir='ltr'>contu-</span> 
     </span>
     <span class='ocr_line' id='line_1_20' title="bbox 123 1453 1755 1526; baseline -0.001 -19"><span class='ocrx_word' id='word_1_139' title='bbox 123 1453 286 1508; x_wconf 89' lang='lat' dir='ltr'>melia</span> <span class='ocrx_word' id='word_1_140' title='bbox 303 1455 669 1524; x_wconf 88' lang='lat' dir='ltr'>grauissimus</span> <span class='ocrx_word' id='word_1_141' title='bbox 692 1457 941 1522; x_wconf 86' lang='lat' dir='ltr'>sentitur,</span> <span class='ocrx_word' id='word_1_142' title='bbox 971 1455 1206 1509; x_wconf 89' lang='lat' dir='ltr'>conuelli</span> <span class='ocrx_word' id='word_1_143' title='bbox 1225 1476 1338 1509; x_wconf 93' lang='lat' dir='ltr'>non</span> <span class='ocrx_word' id='word_1_144' title='bbox 1356 1457 1558 1526; x_wconf 90' lang='lat' dir='ltr'>potuit.</span> <span class='ocrx_word' id='word_1_145' title='bbox 1588 1455 1755 1507; x_wconf 91' lang='lat' dir='ltr'>finem</span> 
     </span>
     <span class='ocr_line' id='line_1_21' title="bbox 122 1525 1755 1598; baseline 0 -20"><span class='ocrx_word' id='word_1_146' title='bbox 122 1526 369 1597; x_wconf 86' lang='lat' dir='ltr'>profecto</span> <span class='ocrx_word' id='word_1_147' title='bbox 396 1525 759 1579; x_wconf 83' lang='lat' dir='ltr'>fruendarum</span> <span class='ocrx_word' id='word_1_148' title='bbox 785 1546 976 1598; x_wconf 90' lang='lat' dir='ltr'>opum,</span> <span class='ocrx_word' id='word_1_149' title='bbox 1016 1528 1215 1598; x_wconf 89' lang='lat' dir='ltr'>quibus</span> <span class='ocrx_word' id='word_1_150' title='bbox 1253 1527 1325 1579; x_wconf 91' lang='lat' dir='ltr'>ad</span> <span class='ocrx_word' id='word_1_151' title='bbox 1361 1525 1632 1579; x_wconf 87' lang='lat' dir='ltr'>inuidiam</span> <span class='ocrx_word' id='word_1_152' title='bbox 1659 1526 1755 1579; x_wconf 89' lang='lat' dir='ltr'>diu</span> 
     </span>
     <span class='ocr_line' id='line_1_22' title="bbox 123 1596 1820 1669; baseline 0 -21"><span class='ocrx_word' id='word_1_153' title='bbox 123 1596 528 1665; x_wconf 86' lang='lat' dir='ltr'>abundaueras,</span> <span class='ocrx_word' id='word_1_154' title='bbox 559 1598 865 1651; x_wconf 88' lang='lat' dir='ltr'>Tarentina</span> <span class='ocrx_word' id='word_1_155' title='bbox 892 1599 1108 1664; x_wconf 88' lang='lat' dir='ltr'>ciuitas,</span> <span class='ocrx_word' id='word_1_156' title='bbox 1138 1598 1426 1669; x_wconf 89' lang='lat' dir='ltr'>quaesisti.</span> <span class='ocrx_word' id='word_1_157' title='bbox 1463 1617 1593 1650; x_wconf 87' lang='lat' dir='ltr'>nam</span> <span class='ocrx_word' id='word_1_158' title='bbox 1620 1596 1754 1649; x_wconf 89' lang='lat' dir='ltr'>dum</span> <span class='ocrx_word' id='word_1_159' title='bbox 1777 1616 1820 1648; x_wconf 82' lang='lat'>20</span> 
     </span>
     <span class='ocr_line' id='line_1_23' title="bbox 121 1667 1754 1739; baseline 0.001 -21"><span class='ocrx_word' id='word_1_160' title='bbox 121 1667 377 1720; x_wconf 85' lang='lat' dir='ltr'>horridae</span> <span class='ocrx_word' id='word_1_161' title='bbox 408 1669 634 1720; x_wconf 88' lang='lat' dir='ltr'>uirtutis</span> <span class='ocrx_word' id='word_1_162' title='bbox 670 1669 728 1721; x_wconf 91' lang='lat' dir='ltr'>in</span> <span class='ocrx_word' id='word_1_163' title='bbox 763 1688 820 1721; x_wconf 91' lang='lat' dir='ltr'>se</span> <span class='ocrx_word' id='word_1_164' title='bbox 847 1670 1030 1739; x_wconf 91' lang='lat' dir='ltr'>ipsum</span> <span class='ocrx_word' id='word_1_165' title='bbox 1068 1687 1379 1722; x_wconf 81' lang='lat' dir='ltr'>connexum</span> <span class='ocrx_word' id='word_1_166' title='bbox 1414 1667 1754 1722; x_wconf 87' lang='lat' dir='ltr'>stabilimen-</span> 
     </span>
     <span class='ocr_line' id='line_1_24' title="bbox 122 1738 1754 1809; baseline 0 -19"><span class='ocrx_word' id='word_1_167' title='bbox 122 1746 241 1790; x_wconf 89' lang='lat' dir='ltr'>tum</span> <span class='ocrx_word' id='word_1_168' title='bbox 260 1738 438 1791; x_wconf 91' lang='lat' dir='ltr'>nitore</span> <span class='ocrx_word' id='word_1_169' title='bbox 457 1738 711 1792; x_wconf 88' lang='lat' dir='ltr'>fortunae</span> <span class='ocrx_word' id='word_1_170' title='bbox 731 1740 1038 1809; x_wconf 87' lang='lat' dir='ltr'>praesentis</span> <span class='ocrx_word' id='word_1_171' title='bbox 1060 1739 1254 1792; x_wconf 89' lang='lat' dir='ltr'>inflata</span> <span class='ocrx_word' id='word_1_172' title='bbox 1275 1739 1567 1792; x_wconf 88' lang='lat' dir='ltr'>fastidiose</span> <span class='ocrx_word' id='word_1_173' title='bbox 1591 1740 1754 1791; x_wconf 87' lang='lat' dir='ltr'>aesti-</span> 
     </span>
     <span class='ocr_line' id='line_1_25' title="bbox 123 1808 1752 1880; baseline 0.002 -21"><span class='ocrx_word' id='word_1_174' title='bbox 123 1827 262 1875; x_wconf 89' lang='lat' dir='ltr'>mas,</span> <span class='ocrx_word' id='word_1_175' title='bbox 303 1809 363 1859; x_wconf 91' lang='lat' dir='ltr'>in</span> <span class='ocrx_word' id='word_1_176' title='bbox 386 1808 772 1879; x_wconf 89' lang='lat' dir='ltr'>praeualidum</span> <span class='ocrx_word' id='word_1_177' title='bbox 797 1810 1017 1880; x_wconf 90' lang='lat' dir='ltr'>imperii</span> <span class='ocrx_word' id='word_1_178' title='bbox 1043 1811 1218 1863; x_wconf 88' lang='lat' dir='ltr'>nostri</span> <span class='ocrx_word' id='word_1_179' title='bbox 1246 1828 1563 1862; x_wconf 90' lang='lat' dir='ltr'>mucronem</span> <span class='ocrx_word' id='word_1_180' title='bbox 1590 1828 1752 1862; x_wconf 86' lang='lat' dir='ltr'>caeca</span> 
     </span>
     <span class='ocr_line' id='line_1_26' title="bbox 125 1879 662 1932; baseline 0.002 -1"><span class='ocrx_word' id='word_1_181' title='bbox 125 1887 178 1932; x_wconf 91' lang='lat' dir='ltr'>et</span> <span class='ocrx_word' id='word_1_182' title='bbox 204 1897 391 1931; x_wconf 89' lang='lat' dir='ltr'>amens</span> <span class='ocrx_word' id='word_1_183' title='bbox 423 1879 662 1932; x_wconf 90' lang='lat' dir='ltr'>inruisti.</span> 
     </span>
    </p>

    <p class='ocr_par' dir='ltr' id='par_1_5' title="bbox 122 1948 1814 2091">
     <span class='ocr_line' id='line_1_27' title="bbox 230 1948 1814 2021; baseline -0.001 -19"><span class='ocrx_word' id='word_1_184' title='bbox 230 1949 280 2003; x_wconf 87' lang='lat'>6.</span> <span class='ocrx_word' id='word_1_185' title='bbox 321 1948 432 2002; x_wconf 82' lang='lat' dir='ltr'>Sed</span> <span class='ocrx_word' id='word_1_186' title='bbox 457 1958 518 2002; x_wconf 92' lang='lat' dir='ltr'>ut</span> <span class='ocrx_word' id='word_1_187' title='bbox 544 1969 576 2002; x_wconf 88' lang='lat' dir='ltr'>a</span> <span class='ocrx_word' id='word_1_188' title='bbox 601 1949 735 2002; x_wconf 76' lang='lat' dir='ltr'>luxu</span> <span class='ocrx_word' id='word_1_189' title='bbox 762 1950 994 2021; x_wconf 87' lang='lat' dir='ltr'>perditis</span> <span class='ocrx_word' id='word_1_190' title='bbox 1025 1950 1269 2004; x_wconf 90' lang='lat' dir='ltr'>moribus</span> <span class='ocrx_word' id='word_1_191' title='bbox 1299 1951 1370 2002; x_wconf 84' lang='lat' dir='ltr'>ad</span> <span class='ocrx_word' id='word_1_192' title='bbox 1397 1951 1750 2003; x_wconf 87' lang='lat' dir='ltr'>seuerissima</span> <span class='ocrx_word' id='word_1_193' title='bbox 1773 1968 1814 2001; x_wconf 77' lang='lat'>25</span> 
     </span>
     <span class='ocr_line' id='line_1_28' title="bbox 122 2020 1749 2091; baseline 0.001 -20"><span class='ocrx_word' id='word_1_194' title='bbox 122 2020 392 2073; x_wconf 87' lang='lat' dir='ltr'>maiorum</span> <span class='ocrx_word' id='word_1_195' title='bbox 418 2020 674 2074; x_wconf 88' lang='lat' dir='ltr'>instituta</span> <span class='ocrx_word' id='word_1_196' title='bbox 709 2022 1114 2091; x_wconf 80' lang='lat' dir='ltr'>transgrediar,</span> <span class='ocrx_word' id='word_1_197' title='bbox 1153 2029 1318 2074; x_wconf 87' lang='lat' dir='ltr'>antea</span> <span class='ocrx_word' id='word_1_198' title='bbox 1353 2030 1577 2074; x_wconf 88' lang='lat' dir='ltr'>senatus</span> <span class='ocrx_word' id='word_1_199' title='bbox 1605 2022 1749 2074; x_wconf 90' lang='lat' dir='ltr'>adsi-</span> 
     </span>
    </p>
   </div>
   <div class='ocr_carea' id='block_1_4' title="bbox 36 2123 1865 2188">
    <p class='ocr_par' dir='ltr' id='par_1_6' title="bbox 36 2123 1865 2188">
     <span class='ocr_line' id='line_1_29' title="bbox 36 2123 1865 2188; baseline 0.002 -19"><span class='ocrx_word' id='word_1_200' title='bbox 36 2131 45 2154; x_wconf 70' lang='lat'>2</span> <span class='ocrx_word' id='word_1_201' title='bbox 119 2123 362 2171; x_wconf 85' lang='lat' dir='ltr'>lictoribus</span> <span class='ocrx_word' id='word_1_202' title='bbox 399 2140 518 2186; x_wconf 90' lang='lat' dir='ltr'>equo</span> <span class='ocrx_word' id='word_1_203' title='bbox 555 2126 827 2172; x_wconf 86' lang='lat' dir='ltr'>descendere</span> <span class='ocrx_word' id='word_1_204' title='bbox 863 2128 1098 2172; x_wconf 88' lang='lat' dir='ltr'>iussisset:</span> <span class='ocrx_word' id='word_1_205' title='bbox 1140 2128 1263 2188; x_wconf 88' lang='lat' dir='ltr'>quod</span> <span class='ocrx_word' id='word_1_206' title='bbox 1300 2141 1400 2173; x_wconf 89' lang='lat' dir='ltr'>cum</span> <span class='ocrx_word' id='word_1_207' title='bbox 1428 2127 1549 2173; x_wconf 87' lang='lat' dir='ltr'>filius</span> <span class='ocrx_word' id='word_1_208' title='bbox 1578 2128 1748 2173; x_wconf 90' lang='lat' dir='ltr'>sensis·</span> <span class='ocrx_word' id='word_1_209' title='bbox 1771 2136 1865 2173; x_wconf 82' lang='lat' dir='ltr'>Par.</span> 
     </span>
    </p>
   </div>
   <div class='ocr_carea' id='block_1_5' title="bbox 63 2196 1750 2259">
    <p class='ocr_par' dir='ltr' id='par_1_7' title="bbox 63 2196 1750 2259">
     <span class='ocr_line' id='line_1_30' title="bbox 63 2196 1750 2259; baseline 0.004 -21"><span class='ocrx_word' id='word_1_210' title='bbox 63 2231 74 2237; x_wconf 85' lang='lat'>.</span> <span class='ocrx_word' id='word_1_211' title='bbox 123 2201 216 2246; x_wconf 90' lang='lat' dir='ltr'>set,</span> <span class='ocrx_word' id='word_1_212' title='bbox 252 2197 460 2256; x_wconf 83' lang='lat' dir='ltr'>proximo</span> <span class='ocrx_word' id='word_1_213' title='bbox 498 2196 652 2243; x_wconf 85' lang='lat' dir='ltr'>lictori</span> <span class='ocrx_word' id='word_1_214' title='bbox 688 2205 739 2242; x_wconf 86' lang='lat' dir='ltr'>ut</span> <span class='ocrx_word' id='word_1_215' title='bbox 777 2198 863 2243; x_wconf 90' lang='lat' dir='ltr'>sibi</span> <span class='ocrx_word' id='word_1_216' title='bbox 900 2205 1142 2259; x_wconf 77' lang='lat' dir='ltr'>appareret</span> <span class='ocrx_word' id='word_1_217' title='bbox 1179 2200 1447 2259; x_wconf 84' lang='lat' dir='ltr'>imperauit:</span> <span class='ocrx_word' id='word_1_218' title='bbox 1488 2199 1617 2245; x_wconf 84' lang='lat' dir='ltr'>cuius</span> <span class='ocrx_word' id='word_1_219' title='bbox 1645 2199 1750 2244; x_wconf 88' lang='lat' dir='ltr'>uoci</span> 
     </span>
    </p>
   </div>
   <div class='ocr_carea' id='block_1_6' title="bbox 43 2266 1749 2331">
    <p class='ocr_par' dir='ltr' id='par_1_8' title="bbox 43 2266 1749 2331">
     <span class='ocr_line' id='line_1_31' title="bbox 43 2266 1749 2331; baseline 0.002 -19"><span class='ocrx_word' id='word_1_220' title='bbox 43 2301 59 2331; x_wconf 46' lang='lat'>4</span> <span class='ocrx_word' id='word_1_221' title='bbox 120 2266 339 2312; x_wconf 85' lang='lat' dir='ltr'>continuo</span> <span class='ocrx_word' id='word_1_222' title='bbox 367 2266 806 2314; x_wconf 75' lang='lat' dir='ltr'>Fabiusobsecutus</span> <span class='ocrx_word' id='word_1_223' title='bbox 849 2267 972 2314; x_wconf 69' lang='lat' dir='ltr'>enon</span> <span class='ocrx_word' id='word_1_224' title='bbox 1001 2269 1134 2329; x_wconf 67' lang='lat' dir='ltr'>ego,⁹</span> <span class='ocrx_word' id='word_1_225' title='bbox 1172 2270 1322 2330; x_wconf 90' lang='lat' dir='ltr'>inquit</span> <span class='ocrx_word' id='word_1_226' title='bbox 1360 2268 1477 2321; x_wconf 73' lang='lat' dir='ltr'>etili,</span> <span class='ocrx_word' id='word_1_227' title='bbox 1522 2284 1749 2315; x_wconf 89' lang='lat' dir='ltr'>summum</span> 
     </span>
    </p>
   </div>
   <div class='ocr_carea' id='block_1_7' title="bbox 121 2338 1811 2401">
    <p class='ocr_par' dir='ltr' id='par_1_9' title="bbox 121 2338 1811 2401">
     <span class='ocr_line' id='line_1_32' title="bbox 121 2338 1811 2401; baseline 0.002 -20"><span class='ocrx_word' id='word_1_228' title='bbox 121 2338 360 2397; x_wconf 90' lang='lat' dir='ltr'>imperium</span> <span class='ocrx_word' id='word_1_229' title='bbox 387 2344 514 2383; x_wconf 89' lang='lat' dir='ltr'>tuum</span> <span class='ocrx_word' id='word_1_230' title='bbox 543 2341 824 2400; x_wconf 86' lang='lat' dir='ltr'>contempsi,</span> <span class='ocrx_word' id='word_1_231' title='bbox 865 2340 944 2385; x_wconf 86' lang='lat' dir='ltr'>sed</span> <span class='ocrx_word' id='word_1_232' title='bbox 971 2342 1167 2401; x_wconf 83' lang='lat' dir='ltr'>experiri</span> <span class='ocrx_word' id='word_1_233' title='bbox 1195 2340 1346 2391; x_wconf 89' lang='lat' dir='ltr'>uolui,</span> <span class='ocrx_word' id='word_1_234' title='bbox 1386 2355 1439 2386; x_wconf 85' lang='lat' dir='ltr'>an</span> <span class='ocrx_word' id='word_1_235' title='bbox 1470 2342 1611 2386; x_wconf 86' lang='lat' dir='ltr'>scires</span> <span class='ocrx_word' id='word_1_236' title='bbox 1639 2355 1748 2387; x_wconf 89' lang='lat' dir='ltr'>con·</span> <span class='ocrx_word' id='word_1_237' title='bbox 1770 2352 1811 2385; x_wconf 88' lang='lat'>30</span> 
     </span>
    </p>
   </div>
   <div class='ocr_carea' id='block_1_8' title="bbox 51 2403 1749 2471">
    <p class='ocr_par' dir='ltr' id='par_1_10' title="bbox 51 2403 1749 2471">
     <span class='ocr_line' id='line_1_33' title="bbox 51 2403 1749 2471; baseline 0.004 -20"><span class='ocrx_word' id='word_1_238' title='bbox 51 2403 67 2419; x_wconf 77' lang='lat'><em>⁶</em></span> <span class='ocrx_word' id='word_1_239' title='bbox 122 2407 267 2452; x_wconf 88' lang='lat' dir='ltr'>sulem</span> <span class='ocrx_word' id='word_1_240' title='bbox 294 2422 427 2467; x_wconf 85' lang='lat' dir='ltr'>agere</span> <span class='ocrx_word' id='word_1_241' title='bbox 444 2409 473 2453; x_wconf 78' lang='lat'>⁹.</span> <span class='ocrx_word' id='word_1_242' title='bbox 524 2412 564 2453; x_wconf 85' lang='lat'>5.</span> <span class='ocrx_word' id='word_1_243' title='bbox 592 2409 750 2470; x_wconf 84' lang='lat' dir='ltr'>Legati</span> <span class='ocrx_word' id='word_1_244' title='bbox 777 2424 802 2455; x_wconf 87' lang='lat' dir='ltr'>a</span> <span class='ocrx_word' id='word_1_245' title='bbox 827 2417 988 2456; x_wconf 84' lang='lat' dir='ltr'>senatu</span> <span class='ocrx_word' id='word_1_246' title='bbox 1015 2412 1258 2457; x_wconf 83' lang='lat' dir='ltr'>Tarentum</span> <span class='ocrx_word' id='word_1_247' title='bbox 1285 2412 1412 2457; x_wconf 88' lang='lat' dir='ltr'>missi</span> <span class='ocrx_word' id='word_1_248' title='bbox 1440 2427 1543 2458; x_wconf 79' lang='lat' dir='ltr'>cuin</span> <span class='ocrx_word' id='word_1_249' title='bbox 1570 2412 1749 2471; x_wconf 80' lang='lat' dir='ltr'>grauis·</span> 
     </span>
    </p>
   </div>
   <div class='ocr_carea' id='block_1_9' title="bbox 123 2478 1747 2613">
    <p class='ocr_par' dir='ltr' id='par_1_11' title="bbox 123 2478 1747 2613">
     <span class='ocr_line' id='line_1_34' title="bbox 124 2478 1747 2543; baseline 0.004 -22"><span class='ocrx_word' id='word_1_250' title='bbox 124 2478 260 2522; x_wconf 88' lang='lat' dir='ltr'>simas</span> <span class='ocrx_word' id='word_1_251' title='bbox 297 2478 487 2524; x_wconf 87' lang='lat' dir='ltr'>iniurias</span> <span class='ocrx_word' id='word_1_252' title='bbox 514 2493 606 2525; x_wconf 89' lang='lat' dir='ltr'>non</span> <span class='ocrx_word' id='word_1_253' title='bbox 635 2482 731 2525; x_wconf 88' lang='lat' dir='ltr'>sine</span> <span class='ocrx_word' id='word_1_254' title='bbox 755 2482 1033 2528; x_wconf 87' lang='lat' dir='ltr'>contumelia</span> <span class='ocrx_word' id='word_1_255' title='bbox 1069 2484 1374 2543; x_wconf 85' lang='lat' dir='ltr'>accepissent,</span> <span class='ocrx_word' id='word_1_256' title='bbox 1412 2483 1664 2528; x_wconf 85' lang='lat' dir='ltr'>introducti</span> <span class='ocrx_word' id='word_1_257' title='bbox 1702 2483 1747 2527; x_wconf 89' lang='lat' dir='ltr'>in</span> 
     </span>
     <span class='ocr_line' id='line_1_35' title="bbox 123 2548 1747 2613; baseline 0.004 -22"><span class='ocrx_word' id='word_1_258' title='bbox 123 2553 332 2592; x_wconf 84' lang='lat' dir='ltr'>senatum</span> <span class='ocrx_word' id='word_1_259' title='bbox 353 2548 406 2592; x_wconf 90' lang='lat' dir='ltr'>de</span> <span class='ocrx_word' id='word_1_260' title='bbox 426 2549 496 2593; x_wconf 92' lang='lat' dir='ltr'>his</span> <span class='ocrx_word' id='word_1_261' title='bbox 518 2564 632 2609; x_wconf 82' lang='lat' dir='ltr'>quae</span> <span class='ocrx_word' id='word_1_262' title='bbox 659 2554 781 2610; x_wconf 86' lang='lat' dir='ltr'>passi</span> <span class='ocrx_word' id='word_1_263' title='bbox 808 2559 936 2597; x_wconf 85' lang='lat' dir='ltr'>erant</span> <span class='ocrx_word' id='word_1_264' title='bbox 965 2554 1115 2613; x_wconf 86' lang='lat' dir='ltr'>questi</span> <span class='ocrx_word' id='word_1_265' title='bbox 1141 2567 1235 2598; x_wconf 89' lang='lat' dir='ltr'>non</span> <span class='ocrx_word' id='word_1_266' title='bbox 1263 2560 1382 2603; x_wconf 90' lang='lat' dir='ltr'>sunt,</span> <span class='ocrx_word' id='word_1_267' title='bbox 1411 2567 1468 2598; x_wconf 92' lang='lat' dir='ltr'>ne</span> <span class='ocrx_word' id='word_1_268' title='bbox 1491 2553 1599 2612; x_wconf 86' lang='lat' dir='ltr'>quid</span> <span class='ocrx_word' id='word_1_269' title='bbox 1626 2553 1747 2598; x_wconf 90' lang='lat' dir='ltr'>ultra</span> 
     </span>
    </p>
   </div>
   <div class='ocr_carea' id='block_1_10' title="bbox 36 2599 1744 2682">
    <p class='ocr_par' dir='ltr' id='par_1_12' title="bbox 36 2599 1744 2682">
     <span class='ocr_line' id='line_1_36' title="bbox 36 2599 1744 2682; baseline 0.003 -19"><span class='ocrx_word' id='word_1_270' title='bbox 36 2599 59 2651; x_wconf 59' lang='grc' dir='ltr'>’ἔ</span> <span class='ocrx_word' id='word_1_271' title='bbox 121 2631 173 2664; x_wconf 83' lang='lat' dir='ltr'>ac</span> <span class='ocrx_word' id='word_1_272' title='bbox 198 2617 457 2664; x_wconf 82' lang='lat' dir='ltr'>mandatum</span> <span class='ocrx_word' id='word_1_273' title='bbox 497 2626 617 2664; x_wconf 89' lang='lat' dir='ltr'>esset</span> <span class='ocrx_word' id='word_1_274' title='bbox 644 2620 986 2682; x_wconf 85' lang='lat' dir='ltr'>eloquerentur.</span> <span class='ocrx_word' id='word_1_275' title='bbox 1049 2626 1089 2667; x_wconf 88' lang='grc'>6.</span> <span class='ocrx_word' id='word_1_276' title='bbox 1128 2624 1272 2668; x_wconf 82' lang='lat' dir='ltr'>Antea</span> <span class='ocrx_word' id='word_1_277' title='bbox 1301 2630 1484 2668; x_wconf 89' lang='lat' dir='ltr'>senatus</span> <span class='ocrx_word' id='word_1_278' title='bbox 1514 2623 1744 2669; x_wconf 84' lang='lat' dir='ltr'>adsiduam</span> 
     </span>
    </p>
   </div>
   <div class='ocr_carea' id='block_1_11' title="bbox 238 2726 1745 2784">
    <p class='ocr_par' dir='ltr' id='par_1_13' title="bbox 238 2726 1745 2784">
     <span class='ocr_line' id='line_1_37' title="bbox 238 2726 1745 2784; baseline 0.005 -18"><span class='ocrx_word' id='word_1_279' title='bbox 238 2729 259 2766; x_wconf 91' lang='lat'>1</span> <span class='ocrx_word' id='word_1_280' title='bbox 291 2727 411 2779; x_wconf 92' lang='lat' dir='ltr'>quod</span> <span class='ocrx_word' id='word_1_281' title='bbox 434 2728 483 2768; x_wconf 81' lang='lat' dir='ltr'>b:</span> <span class='ocrx_word' id='word_1_282' title='bbox 516 2740 662 2780; x_wconf 84' lang='lat' dir='ltr'>quoq*</span> <span class='ocrx_word' id='word_1_283' title='bbox 682 2729 724 2769; x_wconf 91' lang='lat' dir='ltr'><em>B</em></span> <span class='ocrx_word' id='word_1_284' title='bbox 753 2726 774 2784; x_wconf 78' lang='grc' dir='ltr'>[Ι</span> <span class='ocrx_word' id='word_1_285' title='bbox 802 2730 868 2770; x_wconf 90' lang='grc' dir='ltr'>ΧΙ</span> <span class='ocrx_word' id='word_1_286' title='bbox 887 2733 930 2771; x_wconf 81' lang='lat' dir='ltr'>in</span> <span class='ocrx_word' id='word_1_287' title='bbox 952 2731 994 2771; x_wconf 88' lang='lat' dir='ltr'><em>B</em></span> <span class='ocrx_word' id='word_1_288' title='bbox 1014 2738 1279 2784; x_wconf 80' lang='lat' dir='ltr'>punctatum,</span> <span class='ocrx_word' id='word_1_289' title='bbox 1311 2733 1402 2773; x_wconf 90' lang='lat' dir='ltr'>XII</span> <span class='ocrx_word' id='word_1_290' title='bbox 1431 2734 1534 2773; x_wconf 79' lang='lat' dir='ltr'>dett.</span> <span class='ocrx_word' id='word_1_291' title='bbox 1558 2734 1745 2774; x_wconf 79' lang='lat' dir='ltr'>nonnulli</span> 
     </span>
    </p>
   </div>
   <div class='ocr_carea' id='block_1_12' title="bbox 23 2783 1744 2956">
    <p class='ocr_par' dir='ltr' id='par_1_14' title="bbox 23 2762 1744 2956">
     <span class='ocr_line' id='line_1_38' title="bbox 31 2783 1743 2844; baseline 0.004 -20.98"><span class='ocrx_word' id='word_1_292' title='bbox 31 2834 58 2844; x_wconf 34' lang='lat' dir='ltr'><strong><em>n</em></strong></span> <span class='ocrx_word' id='word_1_293' title='bbox 122 2783 148 2823; x_wconf 85' lang='lat'>2</span> <span class='ocrx_word' id='word_1_294' title='bbox 177 2783 299 2835; x_wconf 85' lang='lat' dir='ltr'>quod</span> <span class='ocrx_word' id='word_1_295' title='bbox 329 2797 432 2825; x_wconf 89' lang='lat' dir='ltr'>cum</span> <span class='ocrx_word' id='word_1_296' title='bbox 459 2807 512 2813; x_wconf 96' lang='lat'>—</span> <span class='ocrx_word' id='word_1_297' title='bbox 543 2787 792 2838; x_wconf 87' lang='lat' dir='ltr'>imperauit</span> <span class='ocrx_word' id='word_1_298' title='bbox 820 2788 862 2827; x_wconf 93' lang='lat' dir='ltr'><em>P</em></span> <span class='ocrx_word' id='word_1_299' title='bbox 887 2793 929 2828; x_wconf 81' lang='lat' dir='ltr'>et</span> <span class='ocrx_word' id='word_1_300' title='bbox 957 2787 999 2827; x_wconf 88' lang='lat' dir='ltr'><em>B</em></span> <span class='ocrx_word' id='word_1_301' title='bbox 1029 2801 1134 2841; x_wconf 49' lang='lat' dir='ltr'>mys</span> <span class='ocrx_word' id='word_1_302' title='bbox 1165 2802 1241 2832; x_wconf 86' lang='lat' dir='ltr'>om.</span> <span class='ocrx_word' id='word_1_303' title='bbox 1274 2789 1316 2830; x_wconf 90' lang='lat' dir='ltr'><em>B</em></span> <span class='ocrx_word' id='word_1_304' title='bbox 1376 2793 1401 2831; x_wconf 88' lang='lat'>6</span> <span class='ocrx_word' id='word_1_305' title='bbox 1433 2792 1548 2832; x_wconf 69' lang='lat' dir='ltr'>coffs</span> <span class='ocrx_word' id='word_1_306' title='bbox 1570 2790 1671 2842; x_wconf 78' lang='lat' dir='ltr'>(sic)</span> <span class='ocrx_word' id='word_1_307' title='bbox 1701 2790 1743 2830; x_wconf 89' lang='lat' dir='ltr'><em>B</em></span> 
     </span>
     <span class='ocr_line' id='line_1_39' title="bbox 23 2840 1742 2901; baseline 0.005 -23"><span class='ocrx_word' id='word_1_308' title='bbox 23 2881 34 2890; x_wconf 21' lang='grc' dir='ltr'>,Ι</span> <span class='ocrx_word' id='word_1_309' title='bbox 123 2840 174 2879; x_wconf 84' lang='grc'>11</span> <span class='ocrx_word' id='word_1_310' title='bbox 202 2840 426 2892; x_wconf 81' lang='lat' dir='ltr'>petendas</span> <span class='ocrx_word' id='word_1_311' title='bbox 456 2842 498 2881; x_wconf 89' lang='lat' dir='ltr'><em>B</em></span> <span class='ocrx_word' id='word_1_312' title='bbox 568 2844 621 2883; x_wconf 86' lang='lat'>14</span> <span class='ocrx_word' id='word_1_313' title='bbox 649 2842 720 2883; x_wconf 86' lang='lat' dir='ltr'>his</span> <span class='ocrx_word' id='word_1_314' title='bbox 751 2843 823 2887; x_wconf 81' lang='grc' dir='ltr'>Βς</span> <span class='ocrx_word' id='word_1_315' title='bbox 892 2846 943 2885; x_wconf 90' lang='grc'>16</span> <span class='ocrx_word' id='word_1_316' title='bbox 983 2844 1312 2897; x_wconf 86' lang='lat' dir='ltr'>eloquerentur</span> <span class='ocrx_word' id='word_1_317' title='bbox 1341 2847 1406 2887; x_wconf 84' lang='lat' dir='ltr'>Pb</span> <span class='ocrx_word' id='word_1_318' title='bbox 1434 2844 1453 2901; x_wconf 79' lang='lat' dir='ltr'>[l</span> <span class='ocrx_word' id='word_1_319' title='bbox 1482 2848 1742 2899; x_wconf 83' lang='lat' dir='ltr'>insitusque</span> 
     </span>
     <span class='ocr_line' id='line_1_40' title="bbox 120 2897 1744 2956; baseline 0.005 -20.647"><span class='ocrx_word' id='word_1_320' title='bbox 120 2897 244 2936; x_wconf 83' lang='lat' dir='ltr'>codd.</span> <span class='ocrx_word' id='word_1_321' title='bbox 276 2898 441 2950; x_wconf 72' lang='lat' dir='ltr'>Piylzii:</span> <span class='ocrx_word' id='word_1_322' title='bbox 471 2899 642 2952; x_wconf 88' lang='lat' dir='ltr'>intusq.</span> <span class='ocrx_word' id='word_1_323' title='bbox 674 2900 736 2948; x_wconf 82' lang='lat' dir='ltr'>B,</span> <span class='ocrx_word' id='word_1_324' title='bbox 769 2900 1005 2952; x_wconf 82' lang='lat' dir='ltr'>intimusq.</span> <span class='ocrx_word' id='word_1_325' title='bbox 1037 2902 1060 2942; x_wconf 82' lang='lat' dir='ltr'><em>b</em></span> <span class='ocrx_word' id='word_1_326' title='bbox 1122 2903 1174 2943; x_wconf 87' lang='lat'>19</span> <span class='ocrx_word' id='word_1_327' title='bbox 1204 2902 1263 2943; x_wconf 87' lang='lat' dir='ltr'>ad</span> <span class='ocrx_word' id='word_1_328' title='bbox 1290 2903 1515 2944; x_wconf 84' lang='lat' dir='ltr'>inuidiam</span> <span class='ocrx_word' id='word_1_329' title='bbox 1543 2916 1688 2956; x_wconf 89' lang='lat' dir='ltr'>usque</span> <span class='ocrx_word' id='word_1_330' title='bbox 1721 2903 1744 2943; x_wconf 80' lang='lat' dir='ltr'><em>b</em></span> 
     </span>
    </p>
   </div>
   <div class='ocr_carea' id='block_1_13' title="bbox 19 2841 84 3132">
    <p class='ocr_par' dir='ltr' id='par_1_15' title="bbox 19 2841 84 3132">
     <span class='ocr_line' id='line_1_41' title="bbox 19 2841 84 3132; baseline 0 0"><span class='ocrx_word' id='word_1_331' title='bbox 19 2841 84 3132; x_wconf 95' lang='lat' dir='ltr'> </span> 
     </span>
    </p>
   </div>
   <div class='ocr_carea' id='block_1_14' title="bbox 67 2950 1488 3081">
    <p class='ocr_par' dir='ltr' id='par_1_16' title="bbox 67 2950 1488 3081">
     <span class='ocr_line' id='line_1_42' title="bbox 67 2950 1234 3011; baseline 0.009 -21"><span class='ocrx_word' id='word_1_332' title='bbox 67 2954 83 3011; x_wconf 50' lang='grc' dir='ltr'>ᾗ</span> <span class='ocrx_word' id='word_1_333' title='bbox 121 2950 174 2991; x_wconf 83' lang='lat'>21</span> <span class='ocrx_word' id='word_1_334' title='bbox 196 2965 450 2994; x_wconf 81' lang='lat' dir='ltr'>connexum</span> <span class='ocrx_word' id='word_1_335' title='bbox 472 2955 537 2996; x_wconf 89' lang='lat' dir='ltr'>B:</span> <span class='ocrx_word' id='word_1_336' title='bbox 580 2969 835 2998; x_wconf 80' lang='lat' dir='ltr'>connexum</span> <span class='ocrx_word' id='word_1_337' title='bbox 856 2971 893 2997; x_wconf 88' lang='lat' dir='ltr'>m</span> <span class='ocrx_word' id='word_1_338' title='bbox 915 2964 956 2998; x_wconf 83' lang='lat' dir='ltr'>et</span> <span class='ocrx_word' id='word_1_339' title='bbox 977 2955 1080 3001; x_wconf 77' lang='lat' dir='ltr'>cle&#39;tt.</span> <span class='ocrx_word' id='word_1_340' title='bbox 1101 2963 1234 3011; x_wconf 77' lang='lat' dir='ltr'>pauci</span> 
     </span>
     <span class='ocr_line' id='line_1_43' title="bbox 209 3029 1488 3081; baseline 0.013 -17"><span class='ocrx_word' id='word_1_341' title='bbox 209 3035 313 3066; x_wconf 65' lang='lat' dir='ltr'>van.</span> <span class='ocrx_word' id='word_1_342' title='bbox 338 3035 446 3068; x_wconf 80' lang='lat' dir='ltr'><strong>MAx.</strong></span> <span class='ocrx_word' id='word_1_343' title='bbox 1454 3029 1488 3081; x_wconf 79' lang='lat'>5</span> 
     </span>
    </p>
   </div>
  </div>
 </body>
</html>
