1924 3152
96 2406 152 2439 Pa

205 149 311 202 320
902 153 1002 197 LIB.
1043 153 1108 197 VI.

204 261 284 312 tia
309 260 557 329 priuatus
586 258 780 310 Asiam
804 267 1024 328 petens7
1064 277 1096 311 a
1121 259 1410 312 maritimis
1445 254 1810 331 praedonibus

205 330 350 381 circa
383 328 619 380 insulam
656 329 1084 380 Pharmacusam
1122 339 1381 400 exceptus
1418 331 1813 413 quinquaginta

205 418 262 451 se
289 398 510 451 talentis
537 399 783 452 redemit.
835 417 1009 469 parua
1033 399 1204 468 igitur
1225 419 1435 453 summa
1450 402 1811 468 clarissimum

204 468 394 520 mundi
430 469 582 521 sidus
619 470 677 520 in
711 470 938 539 piratico
973 488 1308 540 myoparone
1344 471 1568 542 rependi
1593 472 1814 526 fortuna

163 562 184 593 5
204 538 392 591 uoluit.
457 539 590 608 quid
618 548 701 591 est
728 558 856 608 ergo
885 539 1031 610 quod
1057 540 1289 610 amplius
1318 541 1384 593 de
1413 561 1476 594 ea
1503 561 1811 612 queramur,

205 610 252 660 si
277 627 346 661 ne
371 610 716 662 consortibus
745 609 963 680 quidem
991 610 1294 663 diuinitatis
1323 630 1453 663 suae
1477 613 1689 681 parcit?
1717 614 1810 666 sed

205 679 438 732 caeleste
471 699 670 732 numen
713 699 769 732 se
807 680 877 733 ab
922 681 1121 732 iniuria
1163 681 1494 733 uindicauit:
1555 683 1809 737 continuo

204 750 349 801 enim
375 758 565 820 captos
591 751 895 820 praedones
925 751 1176 803 crucibus
1204 751 1415 803 adfixit.

310 824 429 873 Ext.
463 822 506 875 1.
545 821 790 874 Adtento
819 821 998 873 studio
1026 829 1216 873 nostra
1241 822 1810 874 commemorauimus:

143 915 183 946 10
204 890 516 943 remissiore
559 909 703 943 nunc
745 891 922 943 animo
968 890 1146 942 aliena
1179 900 1487 944 narrentur.
1563 890 1810 962 perditae

204 960 452 1013 luxuriae
466 961 699 1013 Athenis
728 960 1047 1013 adulescens
1059 961 1280 1014 Polemo
1287 1001 1302 1028 7
1330 980 1503 1032 neque
1527 961 1814 1015 inlecebris

205 1032 320 1083 eius
347 1039 563 1083 tantum
588 1031 750 1084 modo
766 1071 780 1099 7
819 1031 915 1083 sed
952 1032 1115 1084 etiam
1140 1033 1262 1101 ipsa
1296 1031 1526 1084 infamia
1550 1032 1814 1101 gaudens7

206 1120 327 1153 cum
356 1120 383 1152 e
411 1101 665 1154 conuiuio
692 1121 800 1154 non
826 1111 952 1172 post
980 1119 1232 1155 occasum
1259 1102 1388 1154 solis
1405 1141 1419 1169 7
1458 1104 1554 1155 sed
1579 1112 1706 1172 post
1733 1121 1814 1154 or-

194 1181 322 1224 'tum
349 1172 675 1224 surrexisset
703 1172 1029 1243 domumque
1055 1172 1271 1224 rediens
1295 1173 1623 1225 Xenocratis
1643 1172 1835 1243 philo--

143 1265 182 1296 15
207 1241 364 1312 sophi
390 1240 666 1311 patentem
691 1243 912 1294 ianuam
925 1243 1172 1307 uidisset,
1199 1242 1329 1295 uino
1342 1243 1546 1310 grauis,
1574 1262 1814 1312 unguen-

206 1314 275 1364 tis
306 1311 580 1364 delibutus
595 1352 609 1378 7
639 1313 799 1364 sertis
830 1314 1007 1382 capite
1034 1312 1288 1365 redimito
1303 1353 1317 1378 7
1355 1312 1637 1382 perlucida
1661 1321 1816 1365 ueste

206 1382 434 1434 amictus
462 1382 722 1433 refertam
748 1383 911 1435 turba
938 1382 1222 1435 doctorum
1257 1382 1538 1434 hominum
1572 1382 1815 1434 scholam

207 1453 321 1504 eius
368 1452 615 1504 intrauit.
691 1471 789 1503 nec
837 1460 1125 1504 contentus
1165 1461 1279 1504 tam
1327 1451 1555 1503 deformi
1589 1453 1815 1504 introitu

206 1521 456 1574 consedit
482 1522 675 1588 etiam,
712 1531 773 1574 ut
806 1521 1164 1574 clarissimum
1199 1521 1469 1592 eloquium
1504 1531 1558 1575 et
1582 1522 1815 1592 pruden-

142 1616 184 1648 20
207 1592 420 1644 tissima
445 1600 737 1662 praecepta
763 1591 1112 1644 temulentiae
1137 1591 1377 1643 lasciuiis
1397 1591 1656 1644 eleuaret.
1697 1601 1817 1644 orta

208 1661 424 1727 deinde,
451 1671 513 1714 ut
537 1681 639 1732 par
665 1672 800 1728 erat,
831 1663 1072 1714 omnium
1096 1662 1475 1730 indignatione
1493 1702 1508 1728 7
1535 1662 1813 1715 Xenocra-

207 1741 288 1785 tes
314 1731 529 1784 uultum
554 1733 611 1782 in
646 1733 837 1785 eodem
876 1732 1068 1784 habitu
1103 1733 1370 1785 continuit
1405 1734 1712 1803 omissaque
1738 1751 1815 1798 re,

208 1821 370 1873 quam
398 1803 732 1870 disserebat,
781 1803 848 1855 de
874 1803 1147 1855 modestia
1173 1822 1238 1855 ac
1271 1802 1629 1873 temperantia
1671 1801 1818 1873 loqui

207 1873 404 1943 coepit.
458 1873 615 1926 cuius
642 1874 920 1942 grauitate
947 1873 1210 1925 sermonis
1247 1873 1567 1943 resipiscere
1594 1881 1814 1925 coactus

144 1967 186 2000 25
206 1941 430 1996 Polemo
466 1944 700 2013 primum
735 1962 989 1997 coronam
1023 1944 1202 2013 capite
1241 1943 1542 1996 detractam
1569 1943 1814 2012 proiecit,

209 2013 371 2083 paulo
406 2021 532 2082 post
566 2014 854 2066 brachium
895 2015 1040 2066 intra
1117 2013 1303 2065 allium
1339 2013 1588 2079 reduxit,
1630 2031 1815 2083 proce-

209 2082 372 2135 dent-e
408 2091 653 2153 tempore
690 2085 797 2135 oris
837 2033 1139 2135 conuiualis
1176 2082 1509 2135 hilaritatem
1544 2083 1815 2151 deposuit,

209 2152 279 2203 ad
299 2152 550 2204 ultimum
570 2161 744 2206 totam
769 2152 1044 2204 luxuriam
1066 2153 1235 2218 exuit7
1263 2153 1532 2222 uniusque
1553 2151 1813 2204 orationis

211 2221 570 2275 saluberrima
618 2221 890 2274 medicina
942 2229 1161 2274 sanatus
1214 2241 1284 2274 ex
1331 2222 1520 2274 infami
1571 2239 1815 2291 ganeone

152 2364 193 2396 30
215 2368 366 2400 cusam
395 2362 609 2415 exceptus
638 2356 968 2415 quinquaginta
1006 2368 1054 2399 se
1092 2344 1273 2399 talentis
1299 2355 1512 2400 redemit:
1552 2353 1710 2398 deinde
1736 2368 1815 2413 po-

159 2417 188 2437 '''
215 2431 309 2470 stea
337 2431 494 2485 captos
521 2426 769 2484 praedones
797 2425 1009 2470 crucibus
1037 2424 1199 2471 adfixit.

318 2498 357 2539 1.
395 2495 600 2540 Perditae
636 2496 842 2541 luxuriae
867 2497 1053 2540 Athenis
1090 2494 1354 2540 adulescens
1385 2494 1569 2539 Polemo
1607 2507 1706 2539 cum
1734 2493 1817 2537 Xe·

211 2567 408 2611 nocratis
446 2565 710 2626 philosophi
739 2562 1012 2611 temulentus
1041 2565 1240 2611 scholam
1267 2566 1509 2615 intrasset,
1545 2571 1695 2609 motus
1723 2576 1816 2608 ser·

211 2637 356 2680 monis
396 2635 493 2681 eius
530 2637 756 2695 grauitate
791 2636 1007 2696 paulatim
1043 2635 1317 2694 resipiscens
1355 2648 1407 2680 ex
1432 2635 1588 2680 infami
1614 2645 1815 2693 ganeone

327 2773 351 2810 2
373 2772 708 2822 pharnacusam
733 2773 756 2812 b
835 2772 860 2813 3
893 2773 1176 2812 carissimum
1199 2764 1254 2810 B'
1335 2773 1384 2811 11
1414 2771 1620 2811 luxoriae
1643 2768 1701 2830 B!
1765 2770 1815 2809 13

215 2841 314 2867 cum
336 2840 412 2868 om.
435 2821 490 2866 B'
511 2824 530 2880 [Ι
569 2833 671 2880 post
693 2827 858 2881 (priore
880 2828 992 2879 loco)
1019 2829 1056 2867 B
1078 2841 1135 2868 ex
1156 2840 1270 2870 corr.
1333 2828 1393 2888 16,
1405 2825 1623 2866 remedito
1646 2824 1688 2863 B
1763 2826 1815 2864 17

191 2882 576 2980 {lgrlgssffltffgssa
598 2884 639 2935 b>
673 2885 905 2925 doctorem
928 2885 968 2923 B
1047 2886 1101 2924 20
1128 2883 1317 2923 lasciuis
1343 2882 1381 2921 B
1472 2883 1525 2922 28
1554 2881 1752 2921 orationi
1774 2879 1816 2919 B
