1924 3152
214 103 323 156 280
589 98 595 106 ’
916 105 1015 150 LIB.
1054 105 1121 150 Vl.

215 232 407 268 uerear
434 231 568 283 quos
597 211 868 279 adligatos
897 210 1146 263 adduxi’.
1195 211 1486 263 uniuersus
1504 210 1736 282 populus
1758 213 1828 265 ab

217 304 323 337 uno
359 285 559 335 iterum
595 280 986 334 contumeliose
1023 288 1301 351 correptus
1339 290 1458 334 erat
1494 313 1556 320 —
1593 290 1827 352 quantus

217 364 298 407 est
323 353 495 405 honos
524 352 775 404 uirtutis!
802 383 872 389 —-
899 361 952 405 et
979 353 1169 404 tacuit.
1229 370 1414 404 recens
1450 352 1622 422 ipsius
1657 354 1827 409 uicto-

215 425 299 476 ria
342 423 679 474 Numantina
734 431 788 475 et
841 422 1012 492 patris
1056 421 1415 475 Macedonica
1469 422 1828 493 deuictaeque

172 518 191 549 5
215 492 573 561 Karthaginis
601 492 753 544 auita
779 492 954 562 spolia
980 511 1042 544 ac
1070 491 1299 544 duorum
1324 511 1528 562 regum,
1559 491 1827 563 Syphacis

216 572 270 617 et
296 564 501 630 Persei,
531 571 656 615 ante
684 563 847 614 trium
888 562 1040 615 hales
1069 581 1258 615 currus
1282 572 1567 616 catenatae
1586 564 1824 615 ceruices

214 636 381 688 totius
409 641 538 686 tunc
563 633 669 686 fori
697 651 788 685 ora
815 653 843 686 c
868 641 1148 685 auserunt.
1198 652 1297 685 nec
1324 633 1508 687 timori
1526 635 1714 685 datum
1742 640 1826 684 est

215 705 514 770 silentium,
554 703 651 755 sed
686 704 812 774 quia
847 704 1106 756 beneficio
1135 702 1402 755 Aemiliae
1430 702 1825 772 Corneliaeque

213 775 392 845 gentis
430 774 586 826 multi
623 783 798 826 metus
843 775 996 826 urbis
1045 783 1207 843 atque
1242 773 1438 826 Italiae
1473 773 1614 825 finiti
1648 780 1824 839 erant,

155 869 194 899 10
216 846 371 916 plebs
399 845 648 898 Romana
673 843 916 896 libertati
945 843 1214 914 Scipionis
1242 843 1416 896 libera
1441 862 1548 895 non
1574 842 1699 895 fuit.

318 917 367 968 4.
411 915 759 985 Quapropter
783 915 959 966 minus
987 914 1173 965 mirari
1211 914 1498 980 debemUS,
1536 913 1678 984 quod
1715 931 1825 964 am—

250 987 458 1039 lissima
484 985 582 1038 Cn.
609 986 836 1055 Pompei
863 986 1160 1037 auctoritas
1195 985 1395 1037 totiens
1423 1003 1544 1036 cum
1571 983 1826 1036 libertate

211 1006 418 1109 fuctata
455 1065 563 1122 est,
609 1075 708 1108 nec
747 1056 862 1108 sine
896 1073 1096 1123 magna
1130 1054 1316 1121 laude,
1356 1055 1613 1125 quoniam
1649 1053 1823 1106 omnis

213 1128 427 1197 generis
455 1126 734 1178 hominum
760 1125 1011 1178 licentiae
1038 1125 1273 1177 ludibrio
1295 1144 1414 1178 esse
1436 1126 1620 1196 quieta
1644 1124 1826 1176 fronte

148 1219 188 1251 15
212 1197 355 1249 tulit.
410 1197 508 1250 Cn.
537 1197 683 1263 Piso,
713 1215 836 1247 cum
862 1195 1149 1247 Manilium
1177 1195 1428 1265 Cripsum
1456 1214 1610 1247 reum
1636 1202 1826 1263 ageret

212 1286 442 1338 eumque
480 1267 764 1319 euidenter
798 1276 1080 1318 nocentem
1116 1266 1295 1334 gratia
1321 1266 1545 1335 Pompei
1581 1265 1718 1334 eripi
1744 1264 1823 1315 ui·

214 1339 391 1404 deret,
428 1336 657 1389 iuuenili
694 1338 901 1406 impetu
938 1355 1000 1388 ac
1029 1337 1210 1388 studio
1238 1337 1602 1387 accusationis
1667 1353 1821 1388 roue-

212 1416 329 1461 ctus
368 1407 540 1460 multa
575 1416 629 1458 et
664 1407 856 1475 grauia
893 1407 1120 1457 crimina
1164 1406 1509 1476 praepotenti
1545 1353 1825 1458 deflensori

214 1478 435 1531 obiecit.
508 1477 876 1545 interrogatus
916 1477 1110 1545 deinde
1157 1476 1226 1528 ab
1263 1494 1325 1528 eo
1371 1495 1467 1528 cur
1505 1495 1617 1529 non
1661 1481 1822 1539 ipsum

145 1571 188 1603 20
212 1566 424 1619 quoque
460 1554 767 1613 accusaret,
808 1546 918 1599 ‘da'
955 1547 1134 1618 inquit
1167 1547 1416 1616 ‘praedes
1453 1546 1532 1598 rei
1567 1544 1824 1616 publicae

208 1627 280 1685 te,
305 1619 350 1670 si
371 1617 678 1688 postulatus
700 1617 888 1684 fueris,
912 1617 1069 1669 ciuile
1082 1616 1285 1669 bellum
1307 1635 1415 1668 non
1435 1617 1822 1682 excitaturum,

212 1696 266 1742 et
290 1689 398 1740 iam
426 1688 492 1740 de
520 1696 612 1741 tuo
641 1689 792 1757 prius
821 1706 983 1758 quam
1021 1688 1087 1740 de
1112 1687 1329 1739 Manilii
1357 1686 1535 1756 capite
1561 1686 1618 1737 in
1645 1688 1844 1739 consi--

210 1758 344 1811 lium
370 1758 578 1811 iudices
614 1758 866 1810 mittam'.
939 1759 1018 1811 ita
1054 1757 1244 1810 eodem
1270 1757 1470 1809 iudicio
1499 1756 1634 1809 duos
1661 1757 1822 1809 susti-

207 1831 328 1882 nuit
353 1847 492 1896 reOS,
520 1830 870 1881 accusatione
897 1829 1195 1895 Manilium,
1223 1828 1475 1881 libertate
1487 1827 1822 1898 Pompeium,

142 1923 184 1955 25
209 1908 263 1952 et
289 1918 475 1952 eorum
502 1898 733 1951 alterum
760 1898 878 1968 lege
913 1900 1153 1969 peregit,
1195 1898 1426 1951 alterum
1461 1897 1820 1968 professione,

208 1989 315 2041 qua
341 1969 519 2023 solum
544 1977 774 2039 poterat.

314 2040 364 2092 5.
407 2039 555 2105 Quid
593 2041 760 2108 ergo?
813 2038 1038 2091 libertas
1077 2039 1192 2090 sine
1220 2038 1460 2090 Catone?
1507 2055 1618 2090 non
1642 2038 1819 2106 magis

210 2128 374 2181 quam
412 2109 547 2162 Cato
587 2110 703 2161 sine
742 2108 1016 2161 libertate.
1085 2127 1213 2160 nam
1258 2126 1379 2158 cum
1415 2110 1469 2158 in
1514 2115 1818 2159 senatorem

97 2247 187 2281 Par·
209 2254 442 2287 murmure
470 2242 582 2286 ‘non
612 2239 839 2286 efficietis'
870 2242 931 2286 ait
957 2248 1008 2286 ut
1035 2241 1212 2285 solutos
1240 2253 1423 2288 uerear,
1453 2253 1568 2299 quos
1597 2239 1820 2298 adligatos

144 2326 186 2358 30
209 2313 407 2358 adduxi'.
482 2316 523 2356 5.
564 2310 672 2357 Cato
705 2326 805 2357 cum
844 2313 888 2355 in
927 2318 1183 2356 senatorem
1231 2318 1467 2356 nocentem
1515 2323 1642 2355 reum
1687 2309 1819 2355 iudex

211 2382 407 2429 sedisset
445 2382 725 2442 tabellaeque
763 2382 840 2426 Cn.
867 2381 1053 2441 Pompei
1090 2381 1393 2427 laudationem
1422 2380 1646 2426 senatoris
1673 2381 1818 2426 conti·

321 2508 346 2547 3
367 2506 514 2546 honus
536 2498 591 2544 B'
643 2507 670 2544 4
692 2505 932 2545 numantia
954 2497 1009 2544 B'
1051 2506 1076 2545 5
1098 2504 1261 2551 habita
1283 2503 1336 2550 B,
1362 2517 1436 2546 em.
1458 2504 1632 2556 Pighius
1653 2516 1676 2542 e
1698 2503 1820 2543 libris

205 2564 292 2602 suis
351 2564 376 2603 6
396 2565 642 2602 catenatae
665 2561 830 2601 Aldus:
864 2564 1058 2601 catenae
1080 2561 1123 2601 B
1184 2563 1207 2601 7
1230 2561 1319 2600 fori
1341 2573 1422 2600 ora
1444 2559 1626 2611 Kempf:
1658 2558 1814 2607 foriB,

204 2619 296 2658 fori
318 2621 582 2671 prementes
607 2630 687 2658 ora
709 2618 751 2657 B
773 2619 815 2657 z‘n
836 2630 967 2670 marg.
991 2631 1043 2657 m.
1068 2619 1094 2656 2
1164 2620 1215 2657 13
1239 2613 1474 2670 quoniam]
1500 2613 1560 2667 qfi
1581 2615 1624 2654 B
1684 2616 1737 2654 14
1757 2613 1813 2653 li—

207 2675 387 2713 centia*
408 2674 450 2713 Β
469 2670 489 2727 U
512 2677 636 2714 esset
658 2673 681 2713 b
743 2675 795 2714 15
816 2674 1035 2713 manlium
1057 2674 1093 2720 b,
1115 2675 1212 2713 item
1232 2673 1351 2723 infra
1373 2672 1435 2712 bis
1495 2673 1546 2711 16
1569 2669 1816 2720 cumqueB

207 2731 258 2770 17
285 2731 596 2770 accusationis
619 2732 748 2770 deta:
781 2733 1130 2770 accusationem
1151 2729 1205 2776 B,
1232 2728 1290 2768 ad
1313 2740 1466 2770 accuS.
1491 2727 1515 2767 b
1580 2728 1630 2766 19
1652 2738 1742 2766 non
1764 2738 1814 2765 se

206 2797 388 2838 quoque
412 2786 506 2831 ΓΙ),
531 2788 626 2826 item
648 2786 689 2825 B
710 2800 759 2829 m.
784 2789 811 2826 3
832 2790 875 2826 in
896 2788 1036 2834 litura,
1060 2798 1108 2826 se
1131 2798 1221 2825 non
1246 2796 1424 2837 quoque
1446 2783 1537 2830 EF,
1561 2795 1611 2822 se
1634 2793 1815 2833 quoque

202 2854 296 2889 non
318 2844 398 2888 al.;
429 2848 615 2894 apparet
646 2844 687 2881 in
719 2843 952 2894 archetypo
981 2855 1214 2894 pronomen
1243 2841 1536 2884 intercidisse,-
1567 2851 1643 2879 nos
1663 2839 1814 2891 ipsum

202 2899 490 2951 supplevimus
547 2899 602 2937 26
624 2901 832 2950 *poterat
854 2898 889 2937 B

1800 2973 1822 2987 t
