1924 3152
671 128 789 175 cAP.
818 128 913 180 1111,
953 127 982 187 g
1009 130 1178 173 6—10.
1634 122 1732 174 191

102 236 299 291 eodem
325 245 572 309 tempore
599 236 727 289 Aeli
752 235 1002 303 fuerunt,
1039 235 1238 307 quibus
1265 253 1376 288 una
1403 235 1735 288 domuncula

105 314 224 362 erat
249 308 445 362 eodem
469 306 593 376 loci,
622 326 729 379 quo
756 325 901 379 nunc
928 314 1056 360 sunt
1080 306 1335 359 Mariana
1360 314 1733 374 monumenta,

105 388 160 433 et
184 398 325 432 unus
351 379 408 431 in
433 396 565 448 agro
592 378 828 432 Veiente
852 378 1057 431 fundus
1073 417 1087 444 ,
1129 379 1308 430 minus
1337 377 1538 431 multos
1566 376 1733 430 culto-

103 468 190 503 res
227 449 549 503 desiderans
577 467 741 520 quam
768 447 1014 502 dominos
1049 448 1319 516 habebat,
1358 450 1414 501 in
1449 450 1594 503 circo
1621 467 1733 502 ma-

102 522 254 575 ximo
281 528 336 573 et
353 519 627 573 Flaminio
658 518 959 590 spectaculi
985 518 1164 572 100115.’
1197 539 1338 591 quae
1366 519 1587 591 quidem
1612 520 1733 573 loca
1755 540 1776 574 5

105 592 173 645 ob
200 590 464 644 uirtutem
490 589 709 662 publice
737 589 942 644 donata
968 590 1345 661 possidebant.

113 674 118 677 ’
210 661 259 715 9.
317 660 532 715 Eadem
573 679 707 732 gens
753 661 962 714 nullum
1007 670 1134 714 ante
1171 661 1470 733 scripulum
1519 663 1736 732 argenti

59 787 62 790 ,
101 731 295 786 habuit
338 751 501 804 quam
534 732 741 785 Paulus
779 733 946 785 Perse
991 732 1209 786 deuicto
1248 733 1316 800 Q.
1353 732 1512 786 Aelio
1552 733 1733 786 Tube-

101 804 222 856 roni
248 821 448 873 genero
476 821 573 856 suo
594 805 832 875 quinque
899 803 1042 858 ondo
1070 805 1285 874 argenti
1313 823 1383 857 ex
1403 804 1611 886 praeda
1638 804 1734 859 do·
1795 833 1801 839 ·

101 883 277 927 naret.
332 882 487 927 taceo
526 876 698 942 enim,
739 823 893 946 quoti)
910 876 1166 946 princeps
1206 875 1447 928 ciuitatis
1476 875 1653 928 filiam*
1682 876 1733 928 ei
1756 894 1797 927 10

101 953 337 1016 nuptum
363 944 540 1013 dedit,
577 946 732 998 cuius
759 946 994 1016 pecunia
1020 954 1135 998 tam
1161 947 1372 1000 ieiunos
1398 954 1623 1017 penates
1651 947 1732 998 ui-

103 1016 286 1070 debat.
347 1015 439 1087 qui
475 1017 594 1087 ipse
621 1034 835 1088 quoque
863 1017 998 1070 adeo
1034 1017 1191 1088 inops
1228 1017 1466 1070 decessit
1498 1026 1586 1086 ut,
1625 1018 1733 1070 nisi

100 1087 303 1140 fundus
320 1127 334 1154 ,
363 1105 524 1158 quem
548 1106 716 1140 unum
743 1087 1087 1159 reliquerat,
1108 1088 1382 1156 uenisset,
1420 1087 1565 1141 unde
1591 1106 1733 1141 uxor

102 1158 216 1211 eius
239 1158 424 1211 dotem
445 1157 714 1229 reciperet
738 1176 849 1210 non
875 1159 1166 1212 extitisset.
1212 1159 1381 1212 animi
1407 1160 1654 1213 uirorum
1679 1168 1734 1213 et

98 1228 431 1282 feminarum
447 1229 785 1298 uigebantin
797 1230 1039 1296 ciuitate,
1056 1249 1353 1301 eorumque
1369 1231 1534 1285 bonis
1556 1230 1731 1300 digni-
1756 1248 1797 1282 15

99 1299 231 1354 tatis
259 1300 571 1353 aestimatio
601 1301 812 1353 cunctis
839 1300 896 1351 in
923 1300 1086 1354 rebus
1114 1301 1546 1372 ponderabatur.
1597 1302 1734 1355 haec

98 1371 332 1442 imperia
351 1370 741 1438 conciliabant,
764 1370 898 1424 haec
915 1372 1218 1441 iungebant
1236 1371 1553 1426 adfinitates
1561 1413 1573 1439 ,
1596 1373 1733 1426 haec

99 1442 157 1494 in
182 1442 326 1508 foro,
363 1442 499 1495 haec
531 1443 678 1495 intra
712 1443 960 1513 priuatos
987 1443 1225 1514 parietes
1252 1443 1547 1514 plurimum
1582 1452 1732 1515 pote-

98 1520 242 1566 rant.
292 1513 507 1584 patriae
534 1513 679 1566 enim
707 1532 823 1566 rem
848 1533 987 1565 unus
1017 1515 1278 1585 quisque,
1319 1533 1430 1568 non
1458 1533 1612 1566 suam
1640 1534 1731 1567 au-

101 1602 228 1653 gere
255 1584 615 1655 properabat,
662 1603 978 1656 pauperque
1004 1587 1061 1637 in
1089 1585 1263 1639 diuite
1292 1604 1454 1657 quam
1481 1585 1635 1640 diues
1672 1587 1730 1639 in
1754 1602 1797 1636 20

100 1672 342 1725 paupere
387 1655 616 1732 imperio
662 1655 876 1708 uersari
909 1654 1166 1708 malebat.
1243 1663 1408 1727 atque
1445 1656 1570 1709 huic
1614 1667 1732 1710 tam

99 1723 383 1796 praeclaro
426 1725 742 1795 praeposito
780 1724 876 1777 illa
911 1745 1119 1778 merces
1166 1727 1530 1794 reddebatur,
1584 1728 1733 1798 quod

99 1795 238 1848 nihil
276 1813 490 1862 eorum,
537 1814 676 1866 quae
708 1797 904 1849 uirtuti
942 1797 1241 1863 debentur,
1290 1816 1468 1850 emere
1494 1800 1732 1868 pecunia

98 1866 328 1933 licebat,
364 1866 690 1936 inopiaeque
726 1865 1043 1919 inlustrium
1078 1867 1323 1920 uirorum
1349 1866 1572 1941 publice
1610 1887 1729 1922 suc·

98 1937 436 1991 currebatur.
1378 1941 1380 1943 ’
1752 1955 1793 1988 25

209 2007 292 2060 10.
333 2008 528 2078 Itaque
566 2025 689 2059 cum
726 2009 965 2062 secundo
995 2009 1202 2062 Punico
1241 2007 1385 2063 bello
1415 2009 1514 2062 Cn.
1542 2009 1728 2082 Scipio

101 2097 170 2131 ex
195 2078 471 2150 Hispania
511 2079 726 2133 senatui
765 2079 1105 2150 scripsisset,
1152 2088 1342 2150 petens
1378 2087 1440 2132 ut
1467 2080 1574 2134 sibi
1596 2099 1734 2134 ⁴sucq

105 2167 290 2204 cessor
315 2151 654 2218 mitteretur,
694 2151 824 2221 quia
850 2150 1016 2203 filiam
1053 2151 1326 2220 uirginem
1363 2150 1583 2205 adultae
1619 2153 1730 2205 iam

101 2269 225 2320 cula,
263 2271 428 2329 exiguo
456 2269 596 2315 fundo
635 2270 785 2316 minus
825 2269 993 2316 multos
1028 2270 1233 2316 cultores
1269 2270 1556 2317 desiderante
1590 2287 1726 2333 quam
1750 2278 1842 2314 Par.

100 2339 311 2386 dominos
338 2339 549 2386 habe-bat.
600 2342 641 2388 9.
678 2340 841 2387 Eadem
871 2355 985 2402 gens
1013 2341 1186 2387 nullum
1215 2348 1321 2386 ante
1348 2341 1597 2402 scripulum
1626 2346 1723 2390 auri
1751 2352 1793 2385 30

99 2408 281 2460 habuit,
321 2425 454 2470 quam
488 2410 653 2456 Paulus
679 2411 816 2457 Perse
855 2413 978 2458 uicto
1015 2412 1063 2467 Q.
1101 2411 1230 2457 Aelio
1259 2411 1486 2458 Tuberoni
1511 2414 1727 2475 'quinque

100 2479 242 2525 libras
269 2480 515 2526 (1111100110
538 2482 755 2527 mitteret.
811 2485 877 2528 10.
906 2482 983 2528 Cn.
1007 2482 1159 2543 Scipio
1189 2483 1387 2528 secundo
1410 2483 1580 2530 Punico
1602 2485 1725 2531 hello

101 2550 227 2596 misit
254 2563 304 2595 ex
332 2550 543 2612 Hispania
572 2550 773 2603 litteras,
802 2560 962 2614 petens
991 2567 1332 2605 successorem,
1370 2555 1491 2614 quod
1519 2570 1620 2600 011111
1648 2557 1726 2602 ha-

214 2663 238 2700 2
268 2661 415 2700 maria
445 2661 487 2700 B
557 2664 582 2702 3
613 2660 801 2716 fundus]
826 2662 888 2703 fd.
913 2663 956 2703 B
983 2660 1002 2716 l]
1030 2663 1173 2703 multo
1195 2664 1219 2703 b
1287 2665 1313 2703 4
1342 2663 1388 2702 in
1413 2665 1534 2705 circo
1557 2665 1599 2711 B
1620 2679 1725 2718 my..-

61 2749 67 2755 .
99 2717 170 2756 in*
198 2717 241 2757 B
272 2717 428 2770 (fuitne
450 2719 498 2758 in
522 2716 635 2770 c.?)‚
668 2719 761 2770 inq,
792 2719 833 2758 b.
884 2721 910 2760 5
939 2719 1044 2759 loca
1074 2720 1116 2759 B
1146 2733 1260 2761 corr.
1293 2734 1353 2760 ea:
1382 2720 1512 2762 locus
1579 2725 1604 2764 6
1633 2723 1724 2762 uir-

97 2777 196 2814 tute
219 2773 262 2814 B
331 2776 355 2829 'Z
387 2779 428 2815 et
451 2777 475 2815 9
507 2775 691 2828 argenti
713 2777 844 2815 dem:
877 2776 979 2816 auri
1000 2777 1040 2816 P
1059 2782 1101 2816 et
1122 2777 1164 2816 B
1185 2778 1227 2817 in
1249 2790 1360 2825 ras„
1394 2779 1450 2829 ef.
1475 2779 1587 2819 Plin.
1619 2793 1658 2820 η.
1683 2781 1724 2820 Ιῑ.

101 2832 176 2878 33,
196 2833 261 2876 11,
279 2831 303 2880 ξ
323 2833 407 2871 142
470 2833 522 2872 10
546 2832 587 2872 ei
604 2835 793 2884 nuptum
811 2831 853 2871 B
873 2845 989 2873 corr.
1010 2846 1067 2873 ecc
1090 2837 1306 2887 enuptam
1369 2837 1417 2876 11
1436 2837 1659 2888 pecunia*
1682 2836 1724 2875 B

11 2880 15 2888 ’
90 2888 152 2927 -13
174 2887 402 2928 ueniisset
421 2889 444 2928 b
504 2889 555 2928 21
579 2901 806 2941 paupere*
827 2888 869 2928 B

213 2945 266 2984 32
288 2943 406 2985 dono
427 2945 632 2986 mitteret
653 2958 755 2986 nos:
786 2944 1042 2987 dimitteret
1069 2939 1115 2986 V
