1936 3120
290 110 399 187 450
964 91 1065 163 ma.
1102 116 1227 163 vnn.
1258 159 1260 161 ,
1295 126 1298 129 ·
1339 75 1353 84 Χ
1497 78 1519 85 ”
1684 83 1695 98 ”

399 224 449 276 3.
493 222 747 275 Ceterum
791 223 1028 276 auaritia
1070 232 1195 278 ante
1246 243 1430 279 omnes
1469 225 1536 279 L.
1581 226 1900 298 Septimulei

335 293 620 346 raecordia
655 292 919 363 possedit.
971 294 1065 364 qui
1102 312 1226 347 cum
1253 294 1576 350 &Gracchi
1609 296 1897 351 familiaris

319 364 509 430 uisset,
539 371 703 444 caput
729 364 845 416 eius
874 364 1156 418 abscidere
1184 374 1237 419 et
1262 384 1360 436 per
1384 367 1576 420 urbem
1599 366 1710 439 pilo
1730 367 1899 421 fixum

294 435 440 487 ferre
478 435 766 502 sustmuit,
804 435 932 504 quia
960 434 1209 505 Opimius
1244 438 1431 490 consul
1465 456 1595 490 auro
1633 437 1691 490 id
1726 456 1784 491 se
1818 457 1899 491 re-

254 522 276 554 5
295 523 590 575 pensurum
616 504 881 557 edixerat.
933 512 1060 557 sunt
1085 506 1178 576 qui
1203 506 1426 561 tradant
1450 507 1657 579 liquato
1675 509 1902 580 plumbo

298 594 421 628 eum
447 582 698 627 cauatam
724 582 936 646 partem
962 576 1155 698 capitis
1169 617 1183 644 ,
1223 597 1328 648 quo
1354 578 1711 649 ponderosius
1740 586 1901 646 esset,

297 645 565 716 explesse.
639 647 807 698 fuerit
831 645 922 698 ille
949 665 1005 699 se
1048 647 1239 700 itiosus
1253 688 1268 715 ,
1306 647 1450 702 bono
1475 649 1699 719 perierit
1723 668 1900 703 exem-

295 716 406 788 plo,
435 715 645 768 clientis
674 725 855 769 tamen
883 717 1112 770 scelesta
1137 717 1310 771 fames
1337 719 1395 771 in
1418 719 1517 771 has
1537 737 1708 790 usque
1726 720 1902 773 iacen-

294 788 367 840 tis
394 787 626 839 iniurias
654 786 858 839 esurire
884 806 993 840 non
1019 787 1226 841 debuit.

233 875 275 907 10
404 861 526 910 Ext.
558 859 605 910 1.
646 858 847 911 Odium
873 858 1067 911 merita
1094 857 1412 930 Septimulei
1438 860 1699 926 auaritia,
1728 858 1904 912 Ptole-

298 929 438 982 maei
460 937 662 996 autem,
686 928 830 997 regis
845 929 1188 999 Cypriorum,
1211 929 1326 981 risu
1346 930 1739 1001 prosequenda.
1779 948 1906 982 nam

301 1018 424 1052 cum
449 999 628 1051 anxiis
657 999 912 1053 sordibus
940 1017 1166 1069 magnas
1203 1018 1331 1071 opes
1369 1000 1723 1072 corripuisset
1746 1018 1904 1082 prop-

299 1079 489 1141 terque
515 1089 606 1122 eas
633 1069 937 1140 periturum
962 1089 1020 1122 se
1045 1070 1258 1124 uideret
1285 1079 1339 1124 et
1364 1071 1486 1125 ideo
1509 1072 1655 1125 omni
1677 1088 1908 1142 pecuma

299 1142 541 1212 inposita
565 1140 800 1193 nauibus
828 1141 884 1191 in
910 1140 1083 1193 altum
1109 1143 1480 1212 processisset,
1507 1150 1569 1196 ut
1587 1143 1761 1195 classe
1786 1159 1904 1212 per-

240 1228 281 1261 15
303 1213 487 1266 forata
513 1230 610 1264 suo
638 1211 862 1265 arbitrio
890 1212 1093 1282 periret
1123 1219 1176 1264 et
1206 1212 1387 1265 hostes
1419 1212 1623 1283 praeda
1643 1219 1904 1278 carerent,

300 1302 411 1336 non
438 1283 697 1335 sustinuit
721 1300 964 1351 mergere
991 1301 1183 1334 aurum
1211 1290 1264 1335 et
1290 1291 1602 1351 argentum,
1641 1282 1738 1335 sed
1762 1281 1906 1335 futu-

302 1372 428 1406 rum
461 1354 611 1405 necis
650 1371 778 1404 suae
823 1353 1125 1423 praemium
1161 1353 1379 1406 domum
1414 1353 1642 1406 reuexit.
1715 1350 1908 1423 procul

304 1424 472 1477 dubio
500 1423 589 1476 hic
613 1441 722 1474 non
747 1423 992 1493 possedit
1019 1423 1263 1490 diuitias,
1292 1423 1388 1476 sed
1409 1442 1442 1476 a
1461 1423 1668 1476 diuitiis
1693 1441 1907 1494 posses·

305 1513 397 1547 sus
427 1502 529 1561 est,
557 1493 717 1547 titulo
744 1511 843 1546 rex
863 1492 1091 1561 insulae,
1119 1495 1295 1546 animo
1317 1494 1578 1564 pecuniae
1599 1491 1909 1546 miserabile

240 1583 283 1615 20
305 1564 656 1635 mancipium.

506 1719 574 1771 V.
615 1723 712 1771 DE
744 1722 1100 1772 SVPERBIA
1137 1723 1232 1771 ET
1263 1721 1708 1772 INPOTENTIA.

417 1822 464 1871 1.
504 1820 688 1889 Atque
714 1825 776 1870 ut
803 1818 1062 1888 superbia
1088 1836 1300 1939 quoffue
1321 1825 1373 1870 et
1391 1818 1695 1889 inpotentia
1714 1817 1771 1868 in
1791 1834 1911 1868 con-

309 1891 497 1962 spicuo
525 1896 775 1960 ponatur,
802 1889 878 1941 M.
907 1888 1137 1941 Fuluius
1164 1888 1210 1940 F
1233 1907 1390 1942 accus
1419 1888 1624 1956 consul,
1651 1887 1728 1940 M.
1754 1885 1912 1939 Plau-

193 2059 286 2095 Par-
313 2055 351 2098 3.
393 2052 713 2112 Septimuleius
751 2051 796 2096 C.
834 2050 1019 2097 Gracchi
1059 2049 1290 2095 familiaris
1327 2055 1460 2109 caput
1494 2049 1586 2109 pilo
1624 2048 1758 2094 fixum
1794 2047 1913 2097 tulit,

246 2130 289 2164 25
314 2124 419 2184 quia
447 2122 650 2183 Opimius
679 2121 837 2166 consul
866 2135 975 2166 auro
1003 2121 1046 2165 id
1074 2134 1121 2165 se
1147 2133 1446 2180 repensurum
1473 2119 1684 2164 edixerat.

419 2195 461 2238 1.
501 2191 786 2237 Ptolemaeus
822 2205 898 2236 rex
938 2190 1230 2251 Cypriorum,
1268 2203 1367 2235 cum
1407 2202 1455 2234 se
1486 2190 1738 2250 periturum
1766 2186 1823 2233 ob
1850 2188 1916 2231 ni-

311 2264 423 2310 mias
460 2263 641 2308 diuitias
677 2261 876 2312 uideret,
918 2261 1040 2322 quod
1076 2275 1150 2306 eas
1186 2260 1327 2307 anxiis
1355 2259 1564 2306 sordIbus
1592 2257 1915 2319 conquisierat,

314 2335 517 2395 inposita
545 2332 666 2378 omni
693 2332 884 2393 pecunia
911 2331 1103 2378 nauibus
1130 2332 1175 2376 in
1202 2331 1341 2377 altum
1367 2332 1618 2392 processit,
1647 2335 1698 2375 ut
1724 2329 1769 2374 in
1796 2341 1918 2374 mare

317 2405 536 2452 abiceret:
577 2403 738 2449 deinde
765 2403 994 2449 detractus
1022 2403 1210 2448 auaritia
1237 2402 1372 2448 insita
1399 2415 1490 2448 non
1511 2394 1919 2460 sustinuitfpropo-

249 2484 293 2517 30
317 2477 452 2522 situm
479 2475 678 2535 exsequi.

419 2546 514 2591 DE
555 2544 897 2591 SVPERBIA
938 2545 1032 2589 ET
1063 2542 1495 2590 IMPOTENTIA.
1564 2545 1600 2587 1.
1641 2541 1695 2586 Μ.
1733 2539 1918 2585 Fuluius

433 2699 456 2738 1
500 2699 543 2738 ei
562 2699 605 2738 in
627 2696 898 2750 Septimulei
918 2695 961 2736 B
984 2710 1042 2738 ex
1063 2709 1192 2744 corr„
1214 2698 1309 2737 item
1329 2710 1368 2736 u.
1394 2697 1447 2735 10
1524 2696 1550 2735 2
1590 2689 1857 2756 praecordia
1876 2688 1919 2729 B

215 2761 301 2807 Ν,
316 2758 343 2797 3
365 2754 460 2808 pilo
482 2753 524 2794 B
544 2767 659 2795 corr.
683 2767 705 2794 e
726 2753 822 2807 poli
878 2754 905 2793 4
927 2752 974 2792 id
996 2766 1044 2794 se
1065 2754 1107 2793 P
1125 2755 1229 2793 etin
1247 2766 1336 2794 ras.
1359 2751 1402 2792 B
1461 2752 1487 2791 6
1510 2746 1682 2792 cauatli
1699 2747 1741 2788 B
1803 2748 1829 2787 8
1850 2745 1919 2786 fa-

314 2812 403 2854 mis
423 2803 478 2850 B'
557 2812 610 2851 14
633 2810 810 2852 classe*
830 2809 873 2849 B
953 2811 1005 2850 15
1027 2810 1231 2863 perirent
1251 2809 1293 2849 B
1332 2806 1351 2863 Η
1389 2807 1535 2850 hostis
1555 2799 1610 2847 B'
1631 2811 1676 2848 ut
1694 2804 1862 2844 uidetur
1896 2799 1919 2856 Η

298 2870 534 2926 jcecarent
555 2867 596 2907 B
656 2868 708 2908 23
730 2866 957 2909 saluium*
979 2866 1021 2906 B

432 2925 486 2966 29
508 2923 759 2965 substinuit
786 2924 832 2965 V
