1872 3132
176 115 209 167 6
899 121 1000 166 LIB.
1027 121 1056 165 l.

175 246 300 280 nem
336 229 496 280 huius
533 227 701 280 officii
735 226 958 280 honoris
996 227 1262 282 beneficio
1299 227 1542 283 haberet.
1607 230 1791 283 omnia

174 317 409 369 namque
435 307 561 368 post
586 298 906 366 religionem.
931 298 1181 368 ponenda
1207 317 1422 370 semper
1447 307 1635 352 nostra
1659 300 1791 352 ciui-

174 375 259 420 tas
299 370 483 435 duxit,
522 369 686 421 etiam
722 369 779 420 in
813 368 1012 439 quibus
1053 387 1294 422 summae
1331 370 1632 423 maiestatis
1670 387 1791 422 con-

177 440 314 510 spici
352 439 513 491 decus
541 439 732 493 uoluit.
795 457 1002 509 quapro
1045 447 1127 492 ter
1152 458 1261 492 non
1288 440 1681 503 dubitauerunt
1707 459 1793 492 sa-

123 535 144 567 5
177 511 280 563 cris
308 510 538 580 imperia
565 510 789 576 seruire,
818 510 896 561 ita
923 528 981 561 se
1022 528 1368 562 iumanarum
1395 529 1577 563 rerum
1603 510 1792 563 futura

173 581 417 649 regimen
454 580 850 645 existimantia‚
898 580 943 631 si
970 580 1190 632 diuinae
1226 580 1501 651 potentiae
1537 581 1676 634 bene
1713 589 1791 633 at-

175 670 277 722 que
306 659 619 704 constanter
643 651 880 703 fuissent
905 649 1188 703 famulata.

218 797 222 801 ⁴
278 737 365 788 10.
416 735 577 801 Quod
615 735 780 786 animi
813 734 1073 786 iudicium
1107 735 1163 786 in
1198 735 1540 805 priuatorum
1576 753 1789 806 quoque

173 806 485 878 pectoribus
522 814 802 857 uersatum
839 814 939 857 est.
999 805 1135 857 urbe
1173 806 1314 857 enim
1351 824 1382 856 a
1410 805 1584 859 Gallis
1613 814 1792 876 capta,

109 897 150 928 10
174 896 297 928 culn
338 876 537 928 flamen
580 875 882 942 Quirinalis
930 876 1282 946 uirginesque
1326 875 1581 928 Vestales
1634 894 1792 928 sacra

173 966 332 999 onere
359 947 560 1017 partito
584 946 809 1010 ferrent,
839 964 1039 1015 easque
1067 955 1286 1015 pontem
1307 946 1596 998 sublicium
1618 955 1792 999 trans-

171 1035 389 1086 gressas
419 1026 471 1069 et
498 1017 718 1081 cliuum,
748 1016 841 1086 qui
869 1015 1022 1068 ducit
1050 1016 1120 1068 ad
1147 1015 1471 1083 Ianiculum,
1501 1016 1793 1069 escendere

170 1088 495 1158 incipientes
531 1088 596 1139 L.
623 1087 925 1152 Albanius,
962 1085 1210 1156 plaustro
1248 1087 1537 1155 coniugem
1572 1096 1625 1139 et
1659 1085 1794 1139 libe-

170 1178 260 1212 ros
303 1157 533 1223 uehens,
587 1158 921 1227 aspexisset,
982 1158 1204 1227 propior
1247 1156 1498 1226 publicae
1541 1155 1795 1225 religioni

108 1250 149 1282 15
173 1248 336 1299 quam
377 1229 629 1299 priuatae
665 1228 909 1291 caritati,
958 1228 1069 1278 suis
1115 1234 1174 1279 ut
1211 1226 1456 1297 plaustro
1497 1226 1792 1279 descende-

171 1307 294 1351 rent
318 1298 619 1369 inperauit,
659 1306 822 1367 atque
848 1297 904 1348 in
929 1297 987 1348 id
1014 1297 1254 1366 uirgines
1289 1305 1342 1348 et
1369 1315 1525 1349 sacra
1548 1298 1794 1366 inposita

173 1370 374 1423 omisso
410 1378 602 1438 coepto
637 1368 832 1421 itinere
868 1367 1037 1419 Caere
1074 1368 1335 1438 oppidum
1369 1367 1647 1437 peruexit‚
1695 1367 1794 1419 ubi

172 1459 295 1491 cum
322 1458 537 1491 summa
561 1439 916 1491 ueneratione
943 1446 1176 1508 recepta.
1239 1445 1399 1506 grata
1432 1438 1695 1490 memoria
1721 1438 1793 1490 ad

171 1510 275 1563 hoc
299 1529 472 1580 usque
502 1518 714 1578 tempus
742 1507 1072 1578 hospitalem
1106 1508 1501 1562 humanitatem
1537 1517 1788 1561 testatur.

106 1602 148 1634 20
172 1580 300 1632 inde
338 1580 482 1632 enim
517 1580 832 1631 institutum
877 1586 960 1630 est
997 1597 1154 1631 sacra
1190 1579 1548 1632 caerimonias
1584 1579 1790 1643 uocari⁷

172 1650 302 1722 quia
330 1650 619 1702 Caeretani
648 1668 711 1701 ea
737 1649 974 1701 infracto
1001 1650 1080 1701 rei
1107 1648 1360 1719 publicae
1389 1656 1539 1701 statu
1564 1647 1790 1719 perinde

169 1739 236 1772 ac
261 1719 487 1774 florente
515 1728 700 1773 sancte
726 1718 1023 1772 coluerunt.
1077 1738 1306 1790 quorum
1331 1727 1548 1788 agreste
1573 1718 1711 1770 illud
1738 1727 1794 1771 et

171 1791 446 1844 sordidius
475 1789 780 1860 plaustrum
806 1790 1131 1859 tempestiue
1160 1808 1336 1860 capax
1371 1788 1663 1842 cuiuslibet
1688 1788 1791 1840 ful-

170 1861 479 1930 gentissimi
505 1859 852 1930 triumphalis
881 1879 1069 1912 currus
1097 1859 1186 1912 uel
1212 1859 1532 1930 aequauerit
1558 1859 1790 1928 gloriam

107 1931 261 1986 291161
288 1932 656 1984 antecesserit.

61 2077 153 2112 Par.
180 2065 308 2109 noris
335 2063 556 2108 beneficio
586 2063 784 2108 haberet.
847 2065 914 2106 10.
942 2062 1059 2107 Vrbe
1088 2077 1111 2107 a
1139 2061 1277 2107 Gallis
1306 2068 1460 2122 capta,
1501 2076 1602 2107 cum
1629 2062 1790 2107 flamen

172 2133 416 2190 Quirinalis
462 2134 758 2193 uirginesque
802 2133 1005 2177 Vestales
1050 2146 1176 2178 sacra
1222 2146 1361 2177 onere
1397 2133 1565 2192 partito
1605 2134 1791 2183 ferrent,

171 2204 217 2250 L.
256 2204 473 2249 Albanius
515 2204 719 2263 plaustro
757 2203 1034 2249 domesticos
1072 2204 1265 2253 uehenS,
1325 2209 1573 2262 conspecto
1610 2203 1791 2249 flamine

172 2275 446 2320 descendere
484 2289 592 2319 suos
619 2275 754 2318 iussit
790 2275 1087 2333 receptisque
1118 2273 1256 2318 sacris
1285 2273 1490 2332 uirgines
1518 2274 1653 2318 Caere
1689 2287 1791 2333 per-

107 2357 149 2389 30
174 2347 321 2390 uexit:
361 2353 405 2390 et
433 2346 539 2405 quia
567 2358 785 2389 summam
813 2345 1156 2389 uenerationem
1185 2343 1420 2387 Caeretani
1449 2345 1789 2403 praestiterant,

287 2469 312 2508 8
334 2467 552 2508 indicium
574 2467 615 2507 B
675 2469 700 2507 9
732 2466 899 2519 agellis
919 2460 974 2505 B'
1037 2468 1088 2506 12
1119 2465 1399 2507 descendere
1423 2465 1477 2512 B,
1501 2478 1576 2506 em.
1600 2466 1788 2517 Lipsius,

175 2523 427 2564 ascendere
449 2527 503 2565 al.
568 2526 619 2564 13
650 2523 864 2564 albanius
887 2522 979 2562 Pb:
1011 2522 1224 2562 aluanius
1245 2522 1309 2572 B,
1336 2521 1558 2572 albinius,
1590 2521 1790 2569 albinus,

176 2581 349 2620 atinius
372 2582 498 2623 codd.
522 2581 633 2620 Livii
653 2583 692 2625 5,
717 2581 784 2624 40,
808 2581 845 2626 9,
867 2580 973 2631 fort.
1013 2579 1197 2619 Atinius
1212 2610 1223 2629 ‚
1255 2583 1298 2618 ut
1320 2579 1460 2618 codex
1483 2591 1646 2631 quoque
1667 2579 1793 2618 Florz'

174 2637 325 2676 Bamb.
349 2637 387 2684 I,
416 2641 438 2676 7
460 2636 558 2689 (13)
581 2637 604 2685 ξ
628 2638 680 2676 12
703 2636 827 2676 habet
889 2636 939 2674 15
961 2636 1031 2675 sui
1053 2635 1093 2674 B
1156 2637 1207 2675 16
1231 2634 1287 2674 ad
1309 2633 1355 2674 id
1375 2634 1430 2681 B,
1455 2635 1554 2674 add.
1578 2634 1594 2672 i
1614 2646 1710 2686 sup.
1732 2635 1793 2674 ad

234 2694 284 2731 17
310 2705 445 2733 caere
468 2693 509 2732 B
530 2695 573 2733 in
595 2695 723 2732 litura
744 2706 802 2733 em
823 2693 885 2732 P:
918 2695 1118 2732 ceretem
1140 2694 1208 2732 uel
1229 2693 1383 2731 cerete
1407 2691 1535 2741 dett„
1574 2689 1719 2730 Caere
1741 2689 1790 2728 in

175 2750 334 2798 Periz„
366 2747 561 2789 Caerete
585 2750 632 2788 in
660 2749 892 2790 Torrenius
953 2750 1004 2789 18
1026 2750 1161 2788 malim
1182 2751 1369 2799 recepta
1391 2750 1498 2786 sunt
1559 2747 1611 2786 19
1633 2758 1684 2783 *r*
1706 2746 1790 2785 hu-

175 2805 446 2845 manitatem
471 2804 511 2843 B
532 2802 552 2857 {l
579 2808 782 2845 testatur
802 2805 869 2844 B:
898 2805 990 2846 Vbi
1011 2818 1113 2845 cum
1143 2817 1177 2844 s.
1201 2817 1303 2844 uen.
1328 2805 1518 2854 recepta
1540 2805 1674 2867 grata
1697 2815 1787 2842 me-

175 2861 321 2902 moria
351 2883 407 2889 ——
438 2863 670 2901 testantur
700 2863 797 2901 edd.
859 2863 911 2900 21
943 2862 1150 2902 ceretani
1172 2860 1213 2900 B
1241 2857 1260 2914 ΙΙ
1290 2857 1479 2913 proinde
1511 2857 1553 2898 B
1625 2859 1678 2897 22
1709 2858 1791 2898 flo-

175 2921 331 2958 rentes
355 2921 462 2958 ante
486 2917 539 2967 B,
564 2931 638 2959 em.
662 2917 701 2957 I.
733 2918 910 2958 Vossius
929 2913 950 2971 [l
972 2930 1163 2969 quarum
1187 2912 1241 2956 B'

1605 3028 1629 3037 s
