1936 3120
388 129 509 177 GAP.
534 128 623 180 xn.
652 128 681 187 S
713 131 749 172 1.
781 127 879 173 Exi.
906 127 936 185 3
965 115 1102 172 1—3.
1142 127 1248 178 xm,
1278 127 1306 185 g
1337 129 1374 171 1.
1404 132 1445 170 2.
1627 124 1731 175 413

531 305 699 359 XIII.
738 310 837 358 BE
869 308 1304 359 SENECTVTE.

217 407 481 479 Senectus
518 422 731 476 quoque
766 403 838 456 ad
871 403 1127 456 ultimum
1164 406 1247 458 sui
1283 406 1445 458 finem
1472 414 1734 477 prouecta

104 480 165 531 in
198 479 303 531 hoc
336 476 530 530 eodem
565 494 729 546 opere
764 476 906 527 inter
944 475 1199 546 exempla
1223 476 1529 531 industriae
1554 478 1613 529 in
1639 476 1732 530 ali-

108 557 245 620 quot
270 547 434 601 claris
460 546 595 599 uiris
623 554 918 616 conspecta
945 555 1044 599 est.
1122 557 1435 616 separatum
1472 557 1655 601 tamen
1681 557 1734 601 et

106 619 395 690 proprium
419 616 642 670 titulum
666 617 884 681 habeat,
912 636 981 669 ne
1007 618 1096 669 cui
1115 617 1342 670 deorum
1361 619 1733 672 inmortalium
1755 635 1776 668 5

105 690 408 763 praecipua
440 687 790 758 indulgentia
822 687 1029 754 adfuit,
1078 698 1266 742 nostra
1302 698 1494 743 ornata
1527 690 1732 744 mentio

108 760 354 814 defuisse
382 759 752 825 existimetur,
782 766 836 812 et
863 758 1026 811 simul
1053 760 1171 830 spei
1199 760 1557 814 diuturnioris
1584 761 1733 814 uitae

109 831 265 902 quasi
301 829 640 883 adminicula
675 830 944 900 quaedam
982 830 1205 896 dentur,
1245 833 1442 902 quibus
1470 832 1731 884 insistens

108 901 432 955 alacriorem
459 920 517 954 se
543 909 796 971 respectu
822 909 1075 954 uetustae
1102 900 1385 956 felicitatis
1405 903 1589 955 facere
1609 921 1732 974 pos-

109 974 210 1040 sit,
248 971 816 1043 tranquillitatemque
844 971 1049 1024 saeculi
1075 973 1278 1040 nostri,
1308 992 1416 1044 qua
1442 973 1594 1025 nulla
1619 992 1732 1026 um·
1757 989 1800 1020 10

109 1061 272 1115 quam
297 1043 513 1096 beatior
537 1042 671 1108 fuit,
704 1042 938 1096 subinde
964 1042 1168 1095 fiducia
1193 1044 1505 1110 confirmet,
1534 1043 1734 1097 saluta·
1808 1102 1811 1106 Α

108 1116 185 1167 ris
212 1114 478 1185 principis
515 1113 954 1167 incolumitatem
990 1114 1062 1166 ad
1087 1113 1434 1184 longissimos
1462 1115 1733 1167 humanae

110 1184 450 1239 condicionis
478 1185 739 1238 terminos
769 1184 1134 1254 prorogandO.

222 1257 268 1307 1.
306 1254 668 1309 M.²Valerius
691 1254 964 1308 Coruinus
992 1256 1351 1307 centesimum
1380 1275 1584 1308 annum
1611 1273 1733 1308 con-

95 1326 303 1398 pleuit.
380 1327 535 1378 cuius
574 1327 716 1379 inter
759 1326 1000 1396 primum
1038 1336 1092 1380 et
1135 1334 1348 1378 sextum
1391 1326 1735 1380 consulatum
1759 1340 1799 1371 15

109 1413 189 1450 XL
237 1405 292 1450 et
336 1411 398 1449 VI
445 1397 572 1448 anni
623 1398 1083 1463 intercesserunt,
1137 1397 1461 1467 suffecitque
1506 1398 1735 1466 integris

110 1468 328 1522 uiribus
374 1467 614 1538 corporis
661 1486 771 1519 non
815 1466 991 1519 solum
1036 1467 1455 1537 speciosissimis
1500 1467 1735 1538 publicis

111 1538 457 1605 ministeriiS,
498 1537 596 1590 sed
622 1539 787 1591 etiam
816 1538 1201 1591 exactissimae
1228 1556 1485 1608 agrorum
1513 1557 1736 1591 suorum

113 1608 388 1676 culturae,
437 1617 492 1661 et
521 1609 659 1661 ciuis
698 1616 752 1661 et
788 1608 961 1677 patris
1001 1608 1245 1662 familiae
1281 1608 1521 1680 optabile
1557 1627 1735 1661 exem-

114 1678 281 1750 plum.
1760 1693 1802 1724 20

221 1749 271 1801 2.
313 1749 484 1802 Cuius
509 1748 659 1801 uitae
696 1750 936 1818 spatium
970 1751 1230 1819 aequauit
1255 1749 1539 1815 Metellus,
1578 1767 1736 1819 quar-

113 1830 277 1891 toque
303 1838 447 1873 anno
473 1826 598 1890 post
625 1819 939 1872 consularia
971 1819 1202 1889 imperia
1238 1839 1405 1887 senex
1441 1819 1737 1873 admodum

114 1891 369 1961 pontifex
410 1890 682 1942 maximus
723 1898 971 1957 creatuS,
1015 1890 1247 1943 tutelam
1282 1890 1737 1942 caerimoniarum

155 1981 213 2014 er
239 1961 346 2014 duo
374 1970 428 2014 et
461 1976 543 2012 XX
573 1979 743 2013 annos
771 1979 947 2030 neque
973 1978 1066 2012 ore
1092 1961 1150 2012 in
1176 1962 1320 2014 uotis
1353 1961 1734 2030 nuncupandis

113 1979 425 2085 {aesitante
444 2050 620 2102 neque
641 2032 700 2082 in
721 2030 1002 2083 sacrificiis
1025 2031 1295 2084 faciendis
1315 2030 1546 2084 tremula
1571 2049 1737 2082 manu
1761 2044 1803 2074 ‘25

118 2103 310 2173 gessit.

223 2264 320 2309 DE
344 2241 783 2310 SENECTVTE*
810 2266 848 2309 1.
876 2264 930 2308 M.
952 2263 1157 2308 Valerius
1185 2263 1410 2309 Coruinus
1439 2264 1738 2308 centesimum
1766 2267 1851 2300 Par·

119 2349 286 2380 annum
314 2333 588 2394 compleuit,
629 2335 758 2379 cuius
797 2335 918 2378 inter
952 2337 1148 2393 primum
1177 2340 1222 2378 et
1249 2341 1424 2378 sextum
1454 2333 1738 2379 consulatum

119 2418 245 2451 XLVI
282 2405 386 2448 anni
425 2405 811 2454 intercesserunt,
850 2418 950 2449 cum
987 2411 1137 2448 tamen
1174 2403 1251 2448 ille
1287 2403 1462 2448 uiribus
1489 2402 1737 2448 sufficeret.

119 2478 159 2520 2.
200 2474 410 2520 Metellus
447 2480 492 2518 et
528 2475 627 2534 ipse
654 2474 697 2519 C.
727 2487 871 2518 annos
909 2473 1133 2533 expleuit,
1177 2480 1221 2518 et
1258 2475 1345 2518 iam
1373 2487 1510 2518 senex
1536 2473 1736 2532 pontifex
1764 2484 1805 2514 30

121 2552 302 2591 creatus
329 2558 576 2604 numquam
602 2545 648 2588 in
676 2543 899 2589 sacrificio
927 2543 1165 2588 tremulam
1193 2556 1372 2587 manum
1402 2545 1558 2601 gessit.
1621 2546 1661 2587 3.
1688 2542 1739 2597 Q.

236 2713 261 2750 2
298 2706 523 2763 prouectu
547 2702 603 2748 B'
682 2711 708 2749 3
746 2708 932 2760 aliquod
955 2701 1009 2747 B'
1088 2710 1113 2748 6
1151 2711 1292 2748 onata
1315 2701 1386 2759 B',
1411 2708 1618 2748 oratione
1640 2709 1735 2749 cod.

122 2767 354 2808 Sambueae
378 2766 474 2817 (sed
493 2770 612 2806 orat.
634 2765 834 2815 nostra);
865 2765 970 2816 fort.
993 2764 1234 2810 honorata,
1258 2765 1314 2815 ef,
1337 2767 1379 2809 3,
1401 2767 1440 2811 8,
1465 2767 1489 2804 6
1510 2764 1738 2804 honorata

121 2823 343 2864 memoria
424 2825 446 2863 7
469 2835 548 2875 spe
571 2822 626 2868 B,
651 2835 726 2861 em.
751 2822 927 2873 Lipsius
1005 2822 1057 2861 10
1079 2833 1167 2872 quo
1192 2814 1247 2859 B'
1323 2822 1372 2860 11
1398 2820 1566 2861 fiduci-‘i
1584 2820 1625 2859 B
1687 2822 1740 2860 14

124 2881 359 2920 cominius
382 2879 423 2919 B
504 2881 555 2919 16
578 2879 657 2918 XL
684 2882 728 2918 et
750 2878 835 2918 VII
857 2879 896 2917 D
977 2879 1027 2917 17
1050 2877 1248 2929 publicis
1273 2878 1332 2917 P:
1366 2879 1434 2919 rei
1455 2878 1672 2929 publicae
1696 2877 1739 2916 B

121 2937 166 2976 in
186 2949 274 2979 ras.
335 2938 388 2976 21
413 2939 578 2987 quarto
601 2935 677 2987 qui
701 2948 819 2974 anno
843 2935 983 2975 Periz.
1045 2934 1098 2973 23
1123 2934 1275 2976 cerim.
1301 2933 1341 2972 B
1409 2936 1463 2974 25
1486 2947 1621 3000 manu
1643 2947 1692 2972 se
1714 2933 1737 2971 b
