1936 3120
453 107 455 110 ⁴
555 131 790 191 cAP.1‚§
816 133 958 179 6—9.
983 131 1139 191 πως
1169 134 1208 178 1.
1236 137 1275 178 2.

15 244 17 246 ’
55 289 58 293 .
104 259 235 294 nam
276 258 516 294 uaesano
564 258 748 294 amore
786 238 1046 293 Aureliae
1087 238 1378 293 Orestillae
1423 247 1726 308 correptus,

109 330 235 365 cum
259 328 431 364 unum
454 310 905 382 impedimentum
939 310 1155 364 uideret
1181 330 1287 382 quo
1315 311 1492 364 minus
1519 312 1727 383 nuptiis

107 385 252 436 inter
279 400 338 435 se
362 383 743 452 iungerentur,
785 381 960 434 filium
986 401 1171 449 suum,
1207 401 1370 454 quem
1397 390 1450 434 et
1476 381 1650 436 solum
1677 391 1731 437 et

110 461 290 507 aetate
314 453 426 505 iam
450 453 714 523 puberem
748 452 1018 519 habebat,
1055 471 1264 506 ueneno
1305 452 1526 506 sustulit
1563 453 1730 524 proti-

108 541 322 596 nusque
348 541 420 576 ex
443 540 577 592 rogo
605 525 719 575 eius
748 521 1057 576 maritalem
1083 523 1260 576 facem
1282 524 1532 576 accendit
1552 543 1616 577 ac
1635 541 1728 577 no·
1751 538 1772 572 5

107 613 212 649 uae
246 593 479 646 maritae
516 593 810 647 orbitatem
846 613 1001 646 suam
1037 593 1156 648 loco
1192 595 1431 647 muneris
1462 595 1726 666 erogauit.

111 665 302 718 eodem
328 664 526 717 deinde
553 666 731 717 animo
769 666 946 718 ciuem
982 684 1179 734 gerens
1214 683 1319 737 quo
1355 675 1570 736 patrem
1607 684 1729 736 ege-

110 743 226 804 rat,
265 734 365 787 filii
392 736 599 806 pariter
633 737 886 789 manibus
916 743 968 788 et
994 737 1201 789 nefarie
1239 736 1608 808 adtemptatae
1635 756 1729 808 pa-

111 807 250 859 triae
274 824 479 877 poenas
509 806 674 860 dedit.

220 881 342 930 Ext.
385 878 432 929 1.
485 878 563 930 At
592 877 873 948 Campana
907 876 1126 930 luxuria
1161 897 1424 949 perquam
1459 878 1607 931 utilis
1635 896 1728 931 no·
1751 892 1795 925 10

113 957 260 1001 strae
286 947 503 1000 ciuitati
529 947 657 1000 fuit:
699 949 968 1002 inuictum
996 950 1140 1000 enim
1165 949 1331 1000 armis
1359 948 1732 1003 Hannibalem

111 1017 403 1072 inlecebris
443 1019 555 1071 suis
602 1019 871 1090 conplexa
910 1020 1243 1072 uincendum
1276 1019 1522 1073 Romano
1568 1019 1732 1074 militi

114 1089 363 1143 tradidit.
428 1088 523 1141 illa
547 1089 1029 1159 uigilantissimum
1056 1091 1273 1153 ducem,
1309 1090 1403 1143 illa
1429 1091 1731 1144 exercitum

114 1159 439 1214 acerrimum
466 1161 701 1232 dapibus
728 1160 923 1230 largiS,
962 1161 1267 1214 abundanti
1292 1162 1420 1213 uino
1435 1202 1448 1228 ,
1487 1180 1730 1231 unguen-

114 1239 297 1286 torum
323 1231 658 1301 fragrantia,
696 1233 914 1284 ueneris
940 1251 1044 1284 usu
1069 1233 1357 1285 lasciuiore
1385 1235 1457 1283 ad
1483 1251 1730 1285 somnum
1754 1246 1798 1279 15

115 1311 172 1356 et
197 1300 423 1355 delicias
452 1301 720 1355 euocauit.
772 1321 835 1354 ac
853 1312 969 1356 tum
991 1303 1210 1354 demum
1229 1303 1406 1355 fracta
1427 1311 1481 1355 et
1500 1312 1733 1357 contusa

115 1374 325 1427 Punica
361 1372 552 1425 feritas
590 1382 699 1440 est,
746 1392 868 1426 cum
907 1372 1154 1444 Seplasia
1191 1383 1244 1427 et
1286 1373 1505 1426 Albana
1549 1383 1731 1427 castra

118 1463 237 1497 esse
272 1452 589 1514 coeperunt.
666 1444 798 1516 quid
839 1445 906 1496 iis
954 1462 1082 1514 ergo
1127 1445 1278 1497 uitiis
1314 1444 1555 1511 foediuS‚
1600 1446 1733 1517 quid

117 1515 285 1568 etiam
324 1513 666 1581 damnosius,
705 1515 902 1586 quibus
941 1517 1116 1567 uirtus
1155 1515 1430 1581 atteritur,
1467 1516 1732 1570 uictoriae

116 1584 568 1654 relanguescunt,
598 1587 779 1656 sopita
805 1585 981 1655 gloria
1006 1587 1063 1637 in
1088 1587 1371 1638 infamiam
1397 1587 1733 1639 conuertitur
1754 1602 1796 1634 20

118 1656 396 1726 animique
414 1658 621 1726 pariter
643 1665 697 1708 et
717 1658 959 1726 corporis
982 1657 1126 1708 uires
1150 1658 1567 1727 expugnantur?
1596 1657 1732 1710 adeo

117 1735 180 1778 ut
203 1728 414 1779 nescias
443 1726 513 1779 ab
540 1725 863 1780 hostibusne
889 1746 958 1779 an
985 1727 1054 1780 ab
1081 1726 1188 1779 illis
1217 1728 1340 1798 capi
1375 1728 1731 1798 perniciosius

122 1797 440 1851 habendum
468 1797 557 1850 sit.

227 1868 279 1919 2.
321 1867 474 1934 Quae
503 1868 668 1920 etiam
694 1867 1129 1921 Volsiniensium
1165 1869 1356 1922 urbem
1390 1870 1653 1939 grauibus
1682 1879 1736 1923 et

123 1938 510 1992 erubescendis
538 1938 787 1991 cladibus
816 1938 1236 2010 inplicauerunt.
1314 1950 1429 1994 erat
1457 1941 1733 2011 opulenta,
1759 1958 1801 1990 25

122 2017 242 2062 erat
267 2009 512 2064 moribus
541 2017 595 2062 et
620 2009 834 2078 legibus
864 2010 1143 2077 ordinata,
1172 2011 1429 2063 Etruriae
1456 2019 1621 2082 caput
1645 2011 1737 2064 ha-

120 2080 379 2135 bebatur:
423 2080 521 2133 sed
547 2089 839 2152 postquam
864 2080 1084 2134 luxuria
1110 2081 1368 2152 prolapsa
1395 2091 1504 2148 est,
1532 2082 1589 2134 in
1614 2101 1736 2154 pro-

123 2229 335 2274 Aureliae
362 2228 602 2275 Orestillae
641 2233 904 2289 correptus,
943 2244 1043 2276 cum
1082 2245 1221 2275 unum
1259 2230 1609 2290 inpedimentum
1647 2245 1736 2291 quo
1763 2239 1855 2274 Par.

125 2301 277 2345 minus
303 2299 477 2359 nuptiis
505 2301 771 2359 iungeretur
798 2301 975 2346 uideret
1002 2300 1144 2346 filium
1173 2315 1319 2352 suum,
1348 2315 1523 2347 ueneno
1551 2301 1739 2347 sustulit

125 2370 433 2429 protinusque
460 2383 556 2415 eam
584 2371 709 2415 duxit
735 2385 934 2416 uxorem.
1761 2383 1804 2416 30

236 2442 275 2485 1.
317 2439 538 2499 Campana
575 2441 750 2485 luxuria
778 2447 901 2486 tanta
929 2442 1039 2492 suit,
1078 2450 1128 2487 ut
1166 2444 1384 2488 inuictum
1413 2444 1548 2488 armis
1575 2443 1741 2489 Hanni-

127 2509 275 2556 balem
313 2510 367 2555 ad
403 2524 611 2556 somnum
658 2511 918 2557 deliciarum
966 2513 1234 2558 resolueret.
1307 2518 1347 2558 2.
1390 2513 1740 2560 Volsiniensium

246 2664 267 2702 1
291 2675 468 2703 uesana
490 2656 544 2702 B'
623 2665 648 2703 9
671 2676 814 2718 ponas
836 2663 878 2703 B
960 2666 1009 2704 11
1035 2666 1246 2706 ciuitatis
1271 2665 1361 2706 fuit
1381 2664 1558 2707 inuicta
1575 2661 1630 2707 B'
1693 2669 1745 2707 14

131 2718 327 2773 dapidus
349 2719 391 2759 B
435 2721 486 2760 15
508 2719 763 2772 fraglantia
787 2714 841 2760 B'
888 2722 938 2762 17
964 2721 1059 2761 etB
1079 2736 1192 2763 corr.
1218 2716 1344 2774 eiB'‚
1370 2724 1414 2764 ei
1435 2727 1481 2763 et
1501 2733 1551 2774 ς;
1585 2724 1641 2775 cf.
1657 2723 1744 2764 cic.

130 2777 185 2817 de
207 2778 234 2816 l.
247 2789 341 2829 αρν.
355 2779 395 2824 2,
410 2777 501 2825 §94
562 2777 613 2816 18
637 2777 713 2829 qui
734 2776 822 2817 diis
846 2777 1005 2830 ergoB
1056 2781 1108 2819 22
1132 2792 1214 2819 ne*
1236 2780 1293 2820 ab
1316 2780 1412 2820 illis
1424 2772 1480 2820 B?
1503 2779 1577 2832 (ab
1600 2781 1747 2821 hosti-

129 2831 276 2874 busne
300 2846 361 2873 an
381 2833 479 2873 illis
502 2832 723 2884 Foertselz)
785 2835 841 2874 24
861 2834 1202 2877 uoluniensium
1226 2829 1279 2877 B'
1302 2843 1346 2878 ut
1365 2838 1534 2878 uidetur
1593 2839 1647 2879 26
1672 2850 1745 2878 or-

131 2891 246 2929 nata
277 2890 300 2930 b

246 2947 300 2987 32
322 2946 608 3000 deliciasque
634 2950 854 2988 euocaret
882 2948 1056 2991 Vcorr.
1569 2959 1574 2962 ’
1661 2958 1684 2979 ⁶

218 3027 324 3059 vu.
350 3029 458 3062 qu.
1426 3019 1511 3073 28*
