1924 3152
602 152 723 197 uAP.
749 152 818 203 111,
843 150 940 197 Ext.
969 151 998 210 g
1018 153 1189 196 7—-10,
1225 151 1313 196 uu.
1665 145 1771 198 349

24 262 32 302 2
136 259 234 314 usi·
265 259 648 332 simplicitate,
699 260 962 330 quoniam
997 259 1180 330 aptius
1218 276 1337 311 esse
1381 257 1770 312 intellexerant

26 327 29 331 ’
141 340 351 386 metum
377 330 576 385 officiis
606 330 954 382 dissimulare
979 348 1143 400 quam
1170 330 1335 381 armis
1363 339 1671 401 protegere.

114 402 118 404 Ἴ
257 405 337 456 10.
362 403 441 456 At
449 401 783 455 Volscorum
794 401 949 453 ducis
963 399 1111 452 Tulli
1132 400 1442 454 execrabile
1463 400 1765 452 consilium.

139 476 239 546 qui
272 473 345 526 ad
382 471 586 527 bellum
620 472 972 524 inferendum
999 471 1262 524 Romanis
1291 473 1532 524 maxima
1558 471 1768 542 cupidi-

140 553 258 599 tate
285 561 566 609 accensus,
594 561 717 595 cum
742 542 824 593 ali
856 551 952 595 uot
979 542 1226 594 aduersis
1254 544 1478 613 proeliis
1507 551 1765 595 contusos
1787 559 1809 592 5

139 615 358 668 animos
387 632 610 667 suorum
637 622 690 666 et
717 614 786 667 ob
814 614 831 664 i
899 615 1022 684 paci
1047 614 1332 684 proniores
1367 613 1767 665 animaduerte-

143 694 242 753 ret,
268 685 539 738 insidiosa
563 685 776 741 ratione
802 704 908 756 quo
935 683 1159 737 uolebat
1177 684 1439 755 conpulit.
1490 703 1618 736 nam
1645 702 1768 736 cum

142 756 568 829 spectandorum
587 755 839 808 ludorum
861 756 1041 824 gratia
1061 774 1264 825 magna
1286 755 1612 809 Volscorum
1631 754 1767 806 mul-

142 827 323 882 titudo
367 827 599 880 Romam
644 828 1019 892 conuenisset,
1065 827 1381 880 consulibus
1426 826 1567 879 dixit
1607 826 1767 878 uehe-

144 907 359 951 menter
395 917 453 950 se
486 898 678 950 timere
720 917 789 950 ne
825 897 956 968 quid
991 896 1187 950 hostile
1228 898 1406 950 subito
1444 897 1768 950 molirentur
1791 915 1851 960 ιοι

143 969 462 1040 monuitque
496 978 558 1022 ut
595 978 779 1022 essent
815 970 1084 1021 cautiores
1123 977 1177 1020 et
1211 970 1461 1039 protinus
1487 971 1604 1039 ipse
1630 967 1768 1020 urbe

27 1086 35 1110 ς
143 1059 400 1110 egressus
428 1049 530 1093 est.
606 1059 768 1110 quam
803 1058 921 1092 rem
955 1038 1209 1092 consules
1238 1040 1309 1091 ad
1337 1049 1587 1093 senatum
1616 1040 1767 1091 detu-

27 1110 35 1167 ‘s
145 1112 344 1164 lerunt.
419 1111 539 1182 qui,
567 1111 786 1163 tametsi
812 1109 964 1162 nulla
991 1111 1231 1180 suspicio
1261 1113 1505 1178 suberat,
1533 1109 1767 1163 auctori-

28 1184 30 1191 ’
142 1190 257 1236 tate
291 1191 478 1235 tamen
514 1181 662 1234 Tulli
702 1190 1007 1247 ‘commotus
1050 1191 1112 1233 ut
1155 1190 1279 1234 ante
1324 1190 1543 1235 noctem
1575 1180 1769 1234 Volsci

144 1253 362 1307 abirent
402 1249 672 1305 decreuit:
733 1271 840 1322 qua
874 1252 1206 1305 contumelia
1241 1252 1451 1305 inritati
1486 1250 1650 1304 facile
1688 1251 1767 1302 in-
1791 1269 1833 1301 15

142 1323 274 1395 pelli
300 1331 597 1394 potuerunt
622 1323 693 1376 ad
720 1322 1119 1376 rebellandum.
1170 1323 1249 1375 ita
1276 1323 1622 1375 mendacium
1647 1341 1767 1374 uer-

144 1395 256 1448 suti
283 1395 437 1448 ducis
477 1394 825 1447 simulatione
860 1392 1267 1446 beniuolentiae
1293 1393 1601 1447 inuolutum
1631 1394 1766 1446 duos

142 1465 307 1518 simul
333 1466 564 1536 populos
583 1465 799 1533 fefellit,
827 1464 1155 1531 Romanum,
1183 1473 1245 1516 ut
1265 1466 1508 1518 insontes
1532 1473 1766 1530 notaret,

143 1535 421 1601 Volscum,
450 1545 513 1588 ut
539 1536 783 1607 deceptis
809 1536 1156 1588 irasceretur.

571 1677 708 1730 IIII.
749 1681 788 1729 S
793 1681 928 1730 TRA
939 1681 1025 1729 TE
1026 1682 1220 1730 GEMA
1231 1682 1330 1730 ΤΑ.
1789 1694 1831 1726 20

253 1774 358 1828 Illa
390 1793 522 1828 uero
561 1795 690 1846 pars
731 1776 1051 1830 calliditatis
1081 1778 1305 1846 egregia
1331 1785 1385 1830 et
1411 1777 1480 1831 ab
1509 1777 1659 1830 omni
1685 1794 1766 1827 re-

145 1845 509 1916 prehensione
534 1846 727 1918 procul
752 1857 988 1914 remota,
1018 1848 1168 1900 cuius
1197 1867 1391 1918 opera,
1429 1848 1556 1919 quia
1583 1845 1766 1918 appel-

144 1917 351 1971 latione
378 1922 562 1970 Lalz‘na
588 1918 687 1970 uix
713 1928 840 1989 apte
867 1919 1102 1989 exprimi
1128 1928 1374 1989 possunt,
1405 1919 1620 1972 Graeca
1645 1936 1766 1988 pro-

143 1989 488 2041 nuntiatione
516 1992 909 2059 strategemata
937 1989 1205 2042 dicantur.

144 2152 309 2196 stantia
337 2151 392 2196 ad
420 2153 785 2197 communionem
814 2152 1013 2197 ciuitatis
1035 2166 1182 2212 usque
1203 2159 1514 2213 penetrarunt.
1567 2154 1635 2195 10.
1662 2151 1766 2196 Tul·
1790 2161 1832 2194 25

142 2221 233 2266 lius
270 2221 359 2266 dux
384 2221 678 2274 Volscorum,
729 2237 828 2268 cum
867 2223 1044 2283 aliquot
1080 2223 1284 2275 aduersis
1320 2223 1508 2283 proeliis
1546 2229 1765 2268 contusos
1789 2204 1881 2236 Par.

144 2293 320 2337 animos
348 2307 538 2338 suorum
565 2294 972 2345 animaduerteret,
1001 2295 1217 2339 insidiosa
1244 2295 1423 2340 ratione
1452 2308 1531 2339 eos
1560 2293 1767 2353 conpulit

145 2375 236 2421 quo
274 2362 472 2413 uolebat.
524 2377 628 2407 nam
664 2379 765 2408 cum
805 2365 1155 2424 spectandorum
1193 2365 1402 2410 ludorum
1431 2366 1575 2424 gratia
1602 2377 1767 2424 magna

143 2431 412 2477 Volscorum
449 2433 695 2479 multitudo
734 2435 924 2480 Romam
961 2436 1190 2494 uenisset,
1240 2435 1451 2480 consules
1499 2435 1678 2479 monuit
1715 2440 1767 2478 ut

146 2509 301 2547 essent
338 2503 581 2549 cautiores.
651 2517 700 2548 re
737 2505 921 2564 cognita
958 2511 1142 2550 senatus
1181 2505 1317 2550 edixit
1352 2511 1402 2549 ut
1440 2511 1544 2549 ante
1582 2511 1764 2548 noctem
1788 2515 1829 2546 30

144 2572 297 2618 Volsci
324 2572 526 2619 abirent:
567 2588 655 2634 qua
693 2575 966 2620 contumelia
1003 2575 1176 2620 inritati
1214 2575 1344 2619 facile
1382 2574 1550 2634 inpulsi
1576 2580 1683 2618 sunt
1710 2573 1765 2618 ad

143 2643 470 2689 rebellandum.

258 2798 283 2836 2
306 2795 450 2837 officii
473 2790 542 2847 B'‚
566 2796 720 2838 officio
742 2798 845 2837 dett.
925 2799 950 2838 3
973 2796 1040 2836 Ad
1063 2791 1117 2836 B'
1198 2798 1224 2837 5
1255 2795 1439 2849 aliquod
1463 2795 1685 2836 aduersus
1707 2790 1762 2836 B'

147 2852 351 2904 S‘gratia
372 2875 426 2882 —-
448 2854 577 2894 mult.
601 2867 679 2895 om.
702 2853 756 2902 B,
781 2855 825 2894 in
845 2867 923 2906 my.
947 2855 1047 2896 add.
1071 2868 1121 2897 m.
1148 2856 1174 2893 2
1197 2854 1352 2906 gratia
1432 2855 1457 2894 9
1485 2851 1662 2895 roman
1685 2866 1764 2894 ue·

144 2908 292 2949 nisset
313 2910 368 2961 B,
391 2923 563 2950 romam
585 2911 792 2951 uenisset
816 2910 878 2950 Pb
956 2912 1010 2951 23
1052 2911 1223 2950 Latina
1245 2912 1383 2962 suppl.
1407 2912 1450 2950 in
1469 2912 1621 2963 paucis
1641 2914 1761 2958 deu„

13 2956 39 3152 ἰ
147 2965 317 3018 appell.
339 2970 499 3007 nostra
520 2967 544 3007 b
563 2964 584 3022 ss
606 2968 800 3020 exprimi
821 2967 876 3015 B,
898 2969 979 3008 sed
998 2981 1054 3008 ex
1075 2971 1118 3008 in
1139 2980 1228 3007 ras.
1249 2963 1268 3021 ΙΙ
1289 2979 1457 3020 graece
1479 2960 1535 3006 B'
