1924 3152
381 5 391 23 Ἰ,
476 0 744 31 ³2¹³T'·5‘³¹,⁷³3'‹‘*W
754 0 806 33 ῑ-Γ,
839 0 907 28 ,ιι-..Ξ
936 0 964 18 “f.
977 0 1065 16 „ry
1106 0 1123 11 ³
1138 1 1142 3 Δ
1231 0 1235 3 -
1299 0 1306 6 .
1331 0 1340 6 .

739 144 860 191 CAP.
888 143 985 196 V11;
1025 143 1054 202 3
1081 147 1222 188 2—4.
1673 133 1780 188 205

64 268 67 269 ’
145 256 223 310 ali
262 261 429 308 uanto
473 251 825 307 laudabilius,
899 269 1231 333 recogn-osce
1276 252 1421 304 enim
1465 268 1570 322 quo
1606 269 1781 322 usque

149 328 235 382 Vo
258 326 411 379 umni
447 332 794 379 constantem
827 341 961 392 erga
1006 341 1245 375 amlcum
1290 341 1450 375 suum
1490 322 1782 376 caritatem

149 399 271 452 sine
305 395 420 450 ulla
446 395 526 449 rei
551 394 807 467 publicae
841 394 1044 447 iniuria
1072 413 1100 447 e
1142 393 1269 447 eris.
1321 394 1415 465 qui
1442 401 1592 446 ortus
1621 411 1780 465 eque-

151 468 255 523 stri
274 466 411 534 locO,
433 485 558 519 cum
575 465 654 519 M.
667 464 960 518 Lucullum
979 465 1116 517 fami
1138 465 1332 518 iariter
1353 464 1613 520 coluisset
1632 483 1781 518 eum·

187 557 258 593 ue
280 536 358 592 M.
386 536 683 604 AntoniuS,
713 536 843 607 quia
869 537 1029 589 Bruti
1057 545 1111 590 et
1138 535 1319 589 Cassii
1345 545 1531 607 partes
1559 543 1779 589 secutus
1804 545 1825 579 5

149 559 361 676 guerat,
397 607 801 674 interemisset,
836 608 895 660 in
918 626 1121 677 magna
1145 607 1396 677 fugiendi
1430 607 1654 660 licentia
1689 625 1782 660 ex·

150 680 324 735 animi
350 679 523 732 amico
552 678 830 745 adhaesit,
858 679 1139 749 hucusque
1164 679 1223 730 in
1249 678 1505 732 lacrimas
1534 687 1588 732 et
1614 678 1781 748 gemi-

149 761 240 806 tus
286 749 548 822 profusus
564 790 579 818 ,
628 758 691 803 ut
725 750 896 803 nimia
939 751 1146 822 pietate
1181 768 1405 803 causam
1449 750 1558 803 sibi
1590 749 1781 803 mortis
1853 768 1863 771 ·

148 829 472 876 arcesseret.
521 838 653 873 nam
686 828 912 892 propter
945 821 1301 892 praecipuam
1337 829 1392 874 et
1426 839 1782 892 perseueran-

151 903 263 948 tem
290 892 738 947 lamentationem
773 891 845 944 ad
871 893 1177 946 Antonium
1203 900 1511 964 pertractus
1541 900 1642 946 est.
1694 909 1782 946 cu·
1807 902 1848 934 10

151 965 235 1017 ius
272 971 565 1035 postquam
601 963 659 1015 in
694 971 992 1034 conspectu
1019 964 1197 1031 stetit,
1245 963 1405 1017 ‘iube
1430 968 1570 1031 me',
1606 963 1785 1035 inquit

151 1036 476 1105 ‘imperator
487 1074 501 1101 ,
554 1034 803 1105 protinus
843 1033 917 1086 ad
951 1034 1169 1087 Luculli
1204 1053 1402 1106 corpus
1440 1035 1664 1087 ductum
1697 1052 1784 1087 oc-

150 1106 289 1160 cidi:
317 1123 495 1176 neque
521 1106 669 1157 enim
695 1105 987 1176 absumpto
1013 1105 1108 1159 illo
1129 1124 1414 1176 superesse
1438 1105 1633 1173 debeo,
1661 1124 1786 1158 cum

152 1177 204 1231 ei
227 1175 466 1228 infelicis
494 1174 727 1228 militiae
764 1183 958 1229 auctor
994 1177 1314 1229 extiterim'.
1365 1176 1499 1248 quid.
1523 1177 1628 1230 hac
1654 1177 1783 1229 fide-

153 1247 263 1300 lius
287 1245 703 1301 beniuolentia‘?
752 1254 986 1301 mortem
1014 1247 1175 1302 amici
1200 1248 1374 1302 hostis
1404 1248 1530 1300 odio
1557 1247 1783 1314 leuauit,
1810 1256 1850 1290 15

150 1319 327 1372 uitam
352 1335 512 1371 suam
538 1317 754 1371 consilii
789 1319 1017 1371 crimine
1054 1318 1341 1386 astrinxit,
1379 1337 1594 1390 quoque
1632 1318 1786 1371 illum

154 1388 613 1442 miserabiliorem
634 1388 908 1457 redderet,
938 1408 996 1443 se
1016 1390 1152 1443 fecit
1176 1390 1519 1444 inuisiorem.
1559 1408 1661 1443 nec
1681 1389 1785 1442 dif-

153 1459 326 1514 ficiles
355 1459 565 1514 Antoni
592 1478 753 1513 aures
781 1461 1004 1528 habuit,
1048 1461 1357 1533 ductusque
1384 1480 1490 1533 quo
1516 1461 1784 1526 uoluerat,

150 1530 443 1584 dexteram
467 1530 686 1584 Luculli
712 1531 877 1585 auide
905 1532 1207 1598 osculatuS,
1247 1541 1439 1603 caput,
1513 1531 1626 1586 uod
1662 1532 1784 1585 abs-

153 1603 330 1655 cisum
374 1602 622 1668 iacebat,
679 1602 959 1656 sublatum
993 1604 1203 1674 pectori
1241 1623 1339 1657 suo
1385 1552 1688 1674 adplicauit
1724 1621 1787 1654 ac
1811 1613 1851 1645 20

152 1671 354 1726 deinde
393 1671 687 1724 demissam
726 1675 994 1726 ceruicem
1037 1674 1236 1728 uictori
1278 1673 1466 1743 gladio
1510 1675 1785 1745 praebuit.

153 1743 412 1814 loquatur
437 1742 676 1796 Graecia
698 1744 932 1811 Thesea,
960 1744 1216 1797 nefandis
1244 1745 1478 1798 Pirithoi
1503 1745 1786 1798 amoribus

157 1813 574 1880 suscribentem,
602 1813 751 1866 Ditis
781 1833 839 1866 se
858 1816 1032 1885 patris
1054 1816 1240 1883 regnis
1262 1816 1628 1869 commisisse:
1658 1815 1788 1868 uani

156 1891 243 1937 est
276 1883 428 1937 istud
464 1902 716 1951 narrare,
757 1885 912 1939 stulti
948 1886 1190 1938 credere.
1266 1887 1500 1938 mixtum
1534 1904 1786 1939 cruorem

154 1955 461 2008 amicorum
489 1963 544 2008 et
569 1954 890 2009 uulneribus
919 1956 1123 2009 innexa
1148 1956 1381 2010 uulnera
1407 1957 1678 2028 mortique
1703 1957 1783 2010 in·
1808 1964 1849 1998 25

154 2025 474 2079 haerentem
510 2033 742 2079 mortem
780 2028 992 2091 uidere,
1031 2030 1168 2080 haec
1194 2036 1321 2080 sunt
1344 2046 1479 2081 uera
1505 2029 1786 2080 Romanae

154 2096 433 2150 amicitiae
468 2097 698 2163 indicia,
746 2097 843 2151 illa
878 2099 1058 2167 gentis
1096 2100 1166 2152 ad
1205 2099 1522 2169 fingendum
1557 2108 1785 2170 paratae

152 2176 400 2222 monstro
429 2167 627 2220 similia
652 2169 955 2222 mendacia.

157 2328 316 2362 comes
343 2315 479 2376 fugae
507 2316 606 2362 eius
633 2320 838 2363 accessit.
901 2321 939 2363 4.
979 2318 1246 2364 Volumnius
1275 2320 1478 2379 equestri
1506 2319 1607 2365 loco
1636 2327 1782 2368 natus,
1809 2319 1900 2352 Par·

155 2400 262 2432 cum
286 2386 342 2431 M.
368 2386 608 2432 Lucullum
645 2387 931 2434 familiariter
965 2388 1207 2440 coluisset,
1246 2391 1449 2436 occisum
1488 2389 1542 2436 ab
1569 2391 1782 2439 Antonio,
1809 2391 1850 2423 30

158 2455 284 2516 quod
309 2462 464 2516 partes
491 2457 618 2502 Bruti
656 2464 702 2503 et
727 2457 871 2504 Cassii
907 2458 1058 2505 fuerat
1095 2467 1343 2520 sequutus,
1386 2460 1601 2506 flebiliter
1628 2461 1786 2519 lugere

159 2527 324 2586 coepit.
378 2532 422 2570 et
459 2525 517 2572 ob
553 2527 642 2572 hoc
675 2528 924 2588 perductus
961 2530 1015 2575 ad
1039 2530 1290 2576 Antonium
1326 2526 1461 2576 ‘iube
1495 2532 1595 2576 me'
1635 2532 1787 2590 inquit

155 2597 245 2643 ‘ad
267 2595 446 2643 Luculli
484 2610 654 2658 corpus
681 2598 868 2645 ductum
895 2600 1064 2646 occidi:
1104 2614 1251 2661 neque
1287 2602 1404 2645 enim
1432 2600 1573 2646 debeo
1602 2600 1681 2646 illo
1709 2601 1786 2647 ab·

275 2737 298 2776 1
322 2747 631 2788 recognosces
654 2735 678 2776 b
738 2737 763 2777 3
785 2735 956 2777 iniuria
979 2739 1129 2791 egeris
1150 2740 1330 2791 scripsi:
1362 2738 1561 2781 iniuriae
1585 2740 1705 2780 ceris
1728 2738 1785 2786 B,

157 2791 332 2833 iniuria
354 2792 527 2834 feceris
549 2792 587 2841 b,
621 2792 793 2833 iniuria
816 2794 1028 2835 euexeris
1052 2795 1155 2836 dett.
1225 2797 1251 2837 8
1280 2795 1458 2849 pietate
1491 2809 1659 2838 causas
1685 2794 1785 2848 (sic)

150 2848 252 2890 <sibi
270 2849 432 2890 mortis
455 2871 509 2878 -—
532 2873 585 2879 —
615 2849 748 2891 illum
777 2849 948 2892 misera
971 2849 1032 2904 (u.
1056 2851 1130 2905 17)
1158 2851 1263 2893 haec
1292 2855 1429 2894 omnia
1455 2854 1498 2894 in
1521 2853 1563 2893 B
1594 2855 1635 2893 in
1658 2855 1787 2893 litura

159 2905 326 2958 scripta
345 2911 443 2948 sunt
503 2908 553 2946 11
577 2907 623 2946 in
648 2908 905 2960 conspectu
930 2907 972 2948 B
1034 2908 1085 2949 18
1109 2909 1300 2951 antonia
1324 2907 1398 2964 (-ii
1414 2907 1547 2961 corr.)
1573 2921 1708 2951 aures
1733 2901 1785 2948 B'

155 2961 214 3002 21
236 2961 471 3005 dimissam
491 2958 548 3004 B'
607 2965 660 3005 22
682 2964 840 3017 piritoi
859 2963 901 3005 B
1210 2962 1212 2964 ’
1681 2972 1700 2988 ·
