1936 3120
815 121 931 170 cAP.
956 122 1006 174 11,
1046 122 1077 181 g
1103 123 1143 168 1.
1168 102 1208 168 2.
1712 117 1815 171 437

53 219 56 222 ⁴
124 265 130 270 -
206 229 635 311 strinxit,·quasi
660 247 854 301 parum
880 229 1409 283 caedibusxuirorum
1437 229 1686 284 satiatus.
1759 230 1818 283 id

205 318 420 373 quoque
456 301 808 372 mexplebilis
844 300 1079 353 feritatis
1124 299 1387 353 indicium
1425 309 1522 353 est.
1600 301 1818 355 abscisa

203 373 531 426 miserorum
557 373 767 443 capita,
805 371 967 425 modo
994 388 1103 424 non
1128 370 1340 423 uultum
1367 390 1428 424 ac
1456 372 1710 442 spiritum
1734 391 1814 424 re-

205 442 456 508 tinentia,
483 442 542 494 in
568 450 919 513 conspectum
947 461 1102 494 suum
1131 442 1314 494 afferri
1339 442 1528 508 uoluit,
1556 451 1620 494 ut
1645 441 1816 496 oculis

204 513 318 579 illa,
345 513 475 584 quia
500 531 592 565 ore
619 514 775 566 nefas
805 522 938 580 erat,
965 512 1265 566 manderet.
1317 532 1479 584 quam
1505 531 1671 584 porro
1698 532 1815 567 cru·
1838 529 1860 563 5
1892 575 1896 580 ἱ

206 583 401 637 deliter
429 602 486 636 se
511 583 568 635 in
593 584 668 636 M.
698 583 874 637 Mario
903 591 1153 654 praetore
1179 584 1375 653 gessit!
1416 603 1574 655 quem
1600 603 1697 655 per
1724 602 1819 638 ora
1894 582 1897 587 ’

203 653 357 723 uulgi
399 653 470 706 ad
506 654 816 725 sepulcrum
841 655 1096 707 Lutatiae
1134 655 1312 723 gentis
1389 663 1682 708 ertractum
1708 674 1819 708 non

202 726 354 796 prius
381 725 498 777 uita
522 726 790 796 priuauit,
830 745 992 796 quam
1029 725 1213 778 oculos
1250 675 1497 778 infelliees
1529 733 1740 778 erueret
1765 733 1820 778 et

206 795 450 864 singulas
480 797 724 867 corporis
752 806 935 867 partes
965 796 1348 866 confringeret.
1418 798 1515 849 uix
1538 796 1672 847 mihi
1698 796 1818 849 ueri

205 866 406 919 similia
438 885 662 919 narrare
695 867 913 920 uideor:
957 875 1012 919 at
1051 866 1142 918 ille
1170 869 1333 919 etiam
1358 867 1432 919 M.
1460 866 1814 934 Plaetorium,
1839 883 1882 915 ιο

239 937 349 989 uod
377 937 447 990 ad
474 937 939 1008 eius'supplicium
961 938 1225 990 exanimis
1246 938 1532 1005 ceciderat,
1562 938 1817 991 continuo

204 1008 222 1059 i
265 1009 283 1059 i
302 1009 588 1074 mactauit,
606 1027 779 1062 nouus
801 1010 1022 1079 punitor
1042 1008 1469 1076 misericordiae,
1492 1007 1640 1079 apud
1660 1027 1819 1080 quem

202 1079 387 1151 iniquo
417 1079 598 1131 animo
627 1077 800 1132 scelus
832 1079 1033 1131 intueri
1055 1079 1228 1131 scelus
1253 1079 1539 1132 admittere
1559 1079 1683 1132 fuit.
1723 1080 1819 1131 sed

203 1159 542 1203 mortuorum
579 1150 788 1203 umbris
828 1149 1019 1202 saltem
1055 1151 1336 1220 pepercit?
1410 1150 1651 1202 minime:
1691 1167 1819 1202 nam

204 1220 265 1273 C.
293 1220 486 1286 Marii,
524 1222 705 1288 cuiuS,
742 1221 844 1273 etsi
879 1230 1072 1291 postea
1107 1220 1306 1287 hostiS,
1346 1229 1599 1292 quaestor
1634 1227 1818 1272 tamen
1841 1235 1883 1268 15

205 1290 499 1362 aliquando
538 1291 718 1344 fuerat
731 1331 745 1358 ,
785 1301 968 1344 erutos
1006 1293 1212 1344 cineres
1250 1292 1305 1342 in
1340 1291 1568 1344 Anienis
1606 1289 1818 1343 alueum

204 1362 424 1432 sparsit.
487 1380 554 1413 en
588 1362 785 1432 quibus
823 1363 957 1415 actis
994 1361 1270 1415 felicitatis
1297 1381 1493 1415 nomen
1520 1361 1818 1433 adsequen-

205 1433 335 1486 dum
359 1433 607 1503 putauit!

310 1503 361 1555 2.
403 1501 569 1555 Cuius
606 1512 790 1556 tamen
826 1503 1169 1555 crudelitatis
1213 1503 1273 1556 C.
1311 1503 1519 1555 Marius
1555 1502 1819 1554 inuidiam

203 1574 370 1626 leuat.
433 1591 559 1625 nam
588 1582 640 1626 et
667 1573 757 1626 ille
784 1575 954 1626 nimia
990 1574 1291 1644 cupiditate
1328 1572 1695 1687 persequendi
1719 1573 1818 1623 ini·
1842 1589 1884 1621 20

202 1645 373 1697 micos
400 1643 540 1695 iram
569 1663 720 1696 suam
747 1644 957 1696 nefarie
987 1645 1296 1711 destrinxit,
1338 1677 1388 1696 a.
1418 1644 1668 1696 Caesaris
1698 1661 1817 1695 con-

204 1714 398 1767 sularis
429 1722 481 1766 et
507 1715 739 1767 censorii
777 1714 1177 1767 nobilissimum
1214 1732 1408 1785 corpus
1446 1713 1676 1783 ignobili
1703 1732 1817 1765 sae-

202 1785 340 1838 uitia
385 1784 738 1850 trucidando,
786 1794 838 1838 et
874 1785 1093 1856 quidem
1129 1785 1276 1855 apud
1321 1783 1727 1837 seditiosissimi
1765 1791 1819 1836 et
1855 1838 1869 1847 ,
1934 1822 1936 1824 ·

204 1855 564 1909 abiectissimi
590 1855 821 1908 hominis
850 1856 1089 1908 bustum.
1166 1856 1223 1907 id
1251 1857 1394 1907 enim
1430 1854 1695 1907 malorum
1721 1855 1816 1906 mi-

203 1927 463 1979 serrimae
508 1934 636 1978 tunc
670 1926 750 1979 rei
787 1925 1040 1997 publicae
1087 1926 1277 1979 deerat
1311 1934 1372 1978 ut
1405 1925 1575 1978 Vario
1613 1924 1816 1977 Caesar
1837 1939 1908 1973 25>

207 1996 425 2068 piaculo
456 1997 697 2049 caderet.
748 2016 922 2068 paene
958 1997 1096 2051 tanti
1131 1997 1394 2049 uictoriae
1428 1996 1542 2049 eius
1570 2015 1678 2048 non
1703 1995 1817 2048 fue-

202 2167 461 2221 praetorem
500 2173 583 2220 per
611 2173 687 2204 ora
726 2159 854 2220 uulgi
882 2160 934 2205 ad
974 2158 1264 2219 sepulchrum
1291 2158 1494 2204 Lutatiae
1522 2159 1669 2217 gentis
1699 2164 1811 2204 trac·
1839 2151 1930 2200 Pa'r.

205 2239 299 2276 tum
328 2244 411 2290 per
438 2229 647 2290 singulos
677 2238 800 2276 artus
828 2233 1018 2290 puniens
1045 2231 1159 2275 mori
1188 2230 1353 2289 coegit.
1406 2229 1522 2273 idem
1550 2229 1604 2273 M.
1632 2229 1815 2274 Praeto-

204 2301 347 2350 rium,
389 2299 509 2360 quod
537 2300 590 2344 ad
616 2299 740 2345 Marii
769 2300 1042 2360 supplicium
1070 2299 1286 2345 exanimis
1314 2299 1557 2350 ceciderat,
1595 2300 1811 2345 continuo

201 2370 264 2415 ibi
290 2371 519 2416 mactauit.
595 2374 634 2414 2.
676 2370 795 2415 Idem
822 2378 957 2430 caput
982 2370 1037 2414 M.
1066 2371 1249 2414 Antonii
1288 2369 1509 2414 abscisum
1549 2371 1666 2414 inter
1702 2383 1811 2429 epu·
1835 2372 1877 2403 30

202 2441 270 2486 las
296 2440 443 2486 laetus
472 2442 644 2491 tenuit,
672 2447 808 2500 atque
836 2442 967 2485 etiam
994 2441 1041 2484 P.
1069 2439 1285 2489 Annium,
1316 2441 1392 2499 qui
1421 2439 1463 2483 id
1491 2439 1736 2489 adtulerat,
1765 2440 1811 2483 in

316 2594 341 2632 5
363 2590 605 2631 mandaret
625 2584 682 2630 B'
741 2592 766 2631 8
788 2592 935 2631 uita**
957 2591 998 2630 B
1038 2588 1056 2644 Η
1095 2590 1299 2631 infelicis
1322 2590 1344 2629 b
1415 2592 1466 2630 10
1487 2589 1730 2642 pletorium
1751 2589 1807 2635 B,

201 2648 481 2703 praetorium
503 2649 544 2688 P
602 2650 654 2688 14
674 2648 864 2689 sal*tem
889 2645 1106 2702 (salutem
1128 2645 1166 2699 ἓ)
1191 2640 1245 2687 Β’
1290 2648 1340 2686 16
1364 2646 1531 2686 cineris
1554 2638 1607 2685 B'
1628 2642 1647 2699 ΙΙ
1667 2645 1804 2686 Anie-

200 2709 273 2747 nis
296 2706 361 2746 ed.
392 2704 497 2747 Ven.
523 2706 658 2745 1478:
689 2705 836 2745 amnis
857 2704 899 2743 B
979 2706 1031 2744 17
1061 2716 1225 2744 nomen
1246 2702 1395 2742 BEF:
1428 2715 1679 2754 cognomen
1701 2703 1805 2742 dett.

202 2768 244 2803 et
265 2763 364 2803 edd.
390 2760 580 2811 (Felicis
605 2773 736 2814 cogn.
760 2759 951 2813 Lipsius)
995 2762 1046 2799 21
1069 2760 1120 2802 L.
1148 2759 1280 2799 Caes.
1303 2760 1478 2812 Piylzius
1520 2760 1572 2799 23
1597 2758 1806 2810 equidem

201 2820 244 2860 B
302 2820 357 2859 24
379 2818 585 2858 bustrum
606 2811 660 2856 B'
682 2814 701 2872 ΙΙ
722 2818 766 2858 id
790 2817 909 2858 enim
932 2816 973 2855 B
992 2818 1147 2869 partim
1169 2818 1210 2856 in
1233 2829 1320 2858 ras.
1380 2817 1433 2856 25
1457 2816 1577 2855 uarii
1599 2815 1621 2855 b
1662 2817 1714 2855 26
1736 2813 1804 2866 pi·

204 2875 390 2918 aculum
413 2875 517 2915 dett.
535 2875 664 2926 pauci
683 2874 702 2928 Η
724 2874 908 2915 cederet
928 2867 982 2912 B'

314 2934 368 2973 30
389 2933 675 2985 exemplumne
694 2938 795 2985 post
813 2930 1038 2971 maetauit
1058 2930 1306 2970 intercidit?
1626 2968 1646 2986 ⁶
