1878 3132
205 114 273 166 66
914 118 1012 162 LIB.
1053 118 1103 163 ll.

206 226 371 278 duam
407 226 699 277 stationem
736 242 798 275 eo
827 223 929 276 loci
955 224 1281 292 peragebat,
1319 226 1413 295 qui
1438 225 1708 299 hodieque
1733 247 1814 280 se-

205 296 459 348 naculum
486 293 807 363 appellatur.
834 312 935 346 nec
961 295 1290 363 expectabat
1315 302 1378 348 ut
1403 295 1581 350 edicto
1603 307 1814 352 contra-

204 367 434 430 heretur,
464 365 560 416 sed
586 363 714 414 inde
740 364 938 415 citatus
960 365 1208 434 protinus
1231 366 1289 416 in
1309 367 1517 418 curiam
1534 369 1814 435 ueniebat,

206 437 494 503 ambiguae
530 433 709 485 laudis
748 434 926 485 ciuem
969 435 1317 502 existimans,
1366 438 1458 507 qui
1494 437 1696 492 debitis
1732 440 1814 491 rei

87 536 90 540 ‚
163 527 182 557 5
205 505 454 577 publicae
490 504 685 557 officiis
722 522 833 556 non
869 523 967 556 sua
1006 513 1197 575 sponte
1233 507 1329 559 sed
1355 508 1535 561 iussus
1563 509 1813 578 fungere·

204 586 316 641 tur,
363 575 490 645 quia
525 573 790 644 quidquid
825 575 1052 644 imperio
1089 577 1304 645 cogitur
1348 578 1590 647 exigenti
1636 580 1812 649 magis

204 664 365 716 quam
391 645 694 715 praestanti
721 653 1006 714 acceptum
1031 646 1285 699 refertur.

310 731 356 782 7.
396 728 542 781 Illud
575 745 786 798 quoque
823 730 1086 782 memoria
1119 731 1476 800 repetendum
1510 740 1621 800 est,
1665 733 1812 803 quod

203 800 436 853 tribunis
481 798 553 869 pl.
602 799 805 851 intrare
850 800 1059 851 curiam
1102 819 1214 853 non
1260 801 1488 869 licebat,
1538 811 1663 856 ante
1697 803 1812 855 ual-

140 890 180 921 10
202 890 298 923 uas
328 879 507 923 autem
533 869 725 939 positis
765 869 1038 922 subselliis
1074 870 1293 923 decreta
1317 879 1539 942 patrum
1564 875 1812 926 attentis-

205 942 342 993 sima
368 959 499 992 cura
525 940 936 1006 examinabant,
971 949 1055 1007 ut,
1094 942 1142 992 si
1179 960 1285 1012 qua
1311 959 1381 994 ex
1406 943 1483 995 eis
1509 944 1811 1014 improbas-

205 1019 342 1078 sent,
375 1019 495 1062 rata
522 1028 639 1062 esse
664 1029 775 1063 non
801 1011 1058 1064 sinerent.
1121 1012 1306 1082 itaque
1340 1013 1624 1067 ueteribus
1659 1032 1810 1066 sena-

203 1091 289 1134 tus
319 1080 578 1133 consultis
608 1081 653 1132 T
684 1080 870 1133 littera
897 1082 1170 1134 subscribi
1197 1082 1432 1146 solebat,
1475 1102 1645 1154 eaque
1679 1092 1813 1137 nota

205 1151 614 1220 significabatur
657 1150 752 1202 illa
795 1152 1044 1205 tribunos
1095 1170 1308 1223 quoque
1357 1155 1652 1206 censuisse.
1717 1155 1810 1224 qui

142 1241 179 1271 15
204 1222 452 1293 quamuis
479 1240 578 1291 pro
607 1222 908 1274 commodis
945 1222 1120 1292 plebis
1149 1224 1499 1276 excubabant
1523 1224 1688 1294 inque
1713 1225 1812 1275 im-

201 1292 365 1362 periis
403 1292 793 1362 conpescendis
822 1293 1070 1363 occupati
1095 1302 1275 1360 erant,
1312 1295 1509 1347 instrui
1536 1303 1722 1348 tamen
1748 1309 1812 1347 ea

203 1362 474 1431 argenteis
500 1364 648 1414 uasis
677 1371 730 1415 et
756 1362 931 1415 anulis
960 1363 1138 1416 aureis
1174 1363 1392 1435 publice
1427 1365 1691 1435 praebitis
1717 1384 1810 1436 pa·

201 1433 498 1500 tiebantur,
545 1433 691 1502 quod
727 1432 917 1486 talium
954 1452 1136 1486 rerum
1172 1453 1275 1486 usu
1314 1436 1612 1488 auctoritas
1640 1436 1810 1505 magi-

205 1511 474 1556 stratuum
501 1511 642 1555 esset
668 1505 928 1557 ornatior.

142 1605 183 1637 20
313 1587 360 1639 8.
404 1588 646 1653 Quorum
673 1589 1131 1659 quemadmodum
1157 1590 1414 1642 maiestas
1442 1589 1810 1660 amplificaba-

204 1665 319 1722 tur,
364 1658 444 1709 ita
479 1659 812 1712 abstinentia
846 1659 1118 1712 artissime
1158 1661 1648 1730 constringebatur.
1712 1660 1809 1711 im—

203 1727 529 1781 molatarum
556 1731 700 1781 enim
728 1731 797 1783 ab
824 1730 891 1782 iis
919 1729 1223 1783 hostiarum
1251 1737 1380 1783 exta
1406 1731 1477 1783 ad
1497 1737 1810 1801 quaestores

204 1799 400 1850 aerarii
428 1798 609 1852 delata
634 1800 914 1867 uenibant,
943 1800 1338 1871 sacrificiisque
1363 1802 1551 1871 populi
1577 1801 1810 1854 Romani

0 1884 27 1950 l

89 1936 181 1971 Par·
208 1932 446 1976 stationem
473 1946 524 1978 eo
552 1932 639 1978 loci
666 1933 932 1993 peragebat,
972 1933 1049 1993 qui
1076 1933 1300 1993 hodieque
1328 1933 1589 1979 senaculum
1616 1932 1811 1994 adpella-

141 2009 182 2041 25
208 2008 304 2045 tur:
345 2015 424 2047 nec
451 2003 713 2062 expectabat
740 2009 790 2048 ut
817 2003 964 2048 edicto
992 2003 1365 2054 contraheretur,
1405 2003 1482 2048 sed
1518 2003 1619 2048 iude
1645 2005 1810 2049 citatus

205 2073 411 2130 protinus
434 2072 477 2117 in
498 2074 668 2120 curiam
690 2073 914 2124 ueniebat,
936 2073 1170 2133 ambiguae
1189 2073 1334 2118 laudis
1350 2074 1495 2119 ciuem
1517 2075 1810 2124 existumans,

205 2141 282 2200 qui
318 2141 478 2187 debitis
516 2146 579 2189 rei
617 2160 658 2204 p.
700 2144 862 2189 officiis
899 2144 1052 2189 iussus
1080 2143 1364 2203 fungeretur.
1428 2147 1467 2187 7.
1509 2143 1721 2189 Tribunis
1749 2144 1810 2204 pl.

204 2212 373 2256 intrare
409 2215 575 2258 curiam
610 2229 701 2260 non
728 2214 917 2265 licebat,
957 2214 1036 2260 sed
1062 2220 1166 2260 ante
1191 2212 1349 2259 ualuas
1376 2214 1541 2273 positis
1579 2213 1809 2260 subselliis

205 2281 384 2327 decreta
420 2291 596 2342 patrum
632 2284 958 2331 examinabant.
1017 2286 1171 2344 itaque
1206 2283 1441 2330 ueteribus
1478 2290 1665 2330 senatus
1703 2298 1811 2330 con-

143 2357 184 2390 30
209 2351 339 2396 sultis
367 2351 396 2396 C
423 2352 571 2400 littera
599 2355 823 2401 subscribi
850 2355 1039 2406 solebat,
1067 2367 1208 2414 eaque
1234 2361 1344 2400 nota
1369 2353 1710 2413 significabatur
1735 2353 1810 2399 illa

208 2420 415 2466 trilmnos
452 2438 631 2484 quoque
666 2427 912 2472 censuisse.
982 2428 1020 2470 8.
1058 2423 1392 2470 Immolatarum
1418 2438 1442 2469 a
1468 2423 1810 2484 magistratibus

208 2492 454 2537 hostiarum
482 2501 579 2539 exta
606 2496 659 2541 ad
687 2504 957 2556 quaestores
983 2495 1183 2541 aerarios
1210 2494 1357 2541 delata
1383 2494 1613 2541 uenibant.
1657 2496 1810 2554 itaque

321 2630 342 2666 1
379 2632 666 2683 peragebant
692 2634 734 2673 B
795 2636 819 2674 5
857 2634 1129 2687 fungeretur
1158 2633 1200 2672 B
1228 2634 1270 2672 in
1299 2646 1388 2676 ras.
1449 2634 1474 2672 6
1512 2629 1732 2683 quicquid
1767 2630 1810 2669 B

210 2683 260 2722 10
291 2683 503 2725 subseliis
526 2681 578 2726 B'
659 2691 710 2729 12
740 2690 973 2730 ueteribus
1003 2702 1066 2730 sc.
1098 2702 1137 2732 e.
1166 2689 1327 2729 littera
1357 2687 1449 2739 (sc.
1482 2700 1520 2729 c.
1551 2689 1594 2727 in
1619 2684 1735 2736 ras.)
1768 2685 1810 2724 B

209 2739 260 2778 16
292 2743 590 2790 capescendis
611 2745 672 2790 B,
703 2748 782 2786 sed
810 2759 895 2799 cap
924 2747 966 2786 in
986 2759 1075 2788 raa.
1138 2745 1189 2784 18
1212 2744 1331 2796 quod
1349 2743 1413 2784 B:
1447 2755 1533 2795 quo
1556 2744 1660 2783 dect.
1682 2742 1813 2794 pauci

208 2800 248 2833 et
278 2804 305 2838 ς
371 2797 424 2835 20
452 2802 685 2849 magestas
715 2795 768 2839 B'
836 2804 889 2842 22
919 2803 991 2842 his
1021 2802 1092 2845 Βς
1159 2803 1213 2842 23
1243 2800 1446 2841 aerarios
1479 2801 1520 2839 P
1542 2795 1561 2852 Η
1587 2798 1812 2838 uenibant

209 2863 306 2890 nos:
337 2852 589 2892 ueniebant
609 2855 662 2901 B,
696 2858 979 2899 uaeniebant
1000 2859 1198 2910 Lipsius;
1228 2857 1286 2908 ef.
1311 2859 1350 2904 2,
1375 2858 1413 2902 4,
1437 2857 1462 2895 2

322 2910 376 2948 30
399 2906 450 2960 C]
479 2910 593 2949 immo
616 2911 652 2949 T
712 2914 765 2952 32
787 2910 1039 2954 ueniebant
1067 2914 1107 2953 V
