1924 3152
898 0 926 18 Γ,
951 0 986 9 ¹¹*
1051 0 1396 23 ”tw'22-s-·;“mrqff.=-:z
1423 1 1436 6 Τ
1479 2 1502 5 ··
1548 1 1582 15 κγ
1608 8 1635 22 ,ἦ

225 118 328 171 160
925 123 1025 169 LlB.
1064 122 1132 168 111.

221 230 520 283 temeritati
555 247 713 281 casus
751 229 913 296 facit,
963 230 1060 284 ubi
1094 248 1265 301 prauo
1304 231 1530 284 consilio
1564 233 1839 304 propitius-

221 301 455 371 aspirat,
516 317 731 369 quoque
787 299 1165 353 uehementius
1225 309 1447 369 noceat,
1506 304 1833 375 insperatius

219 371 458 441 prodest.
507 368 712 440 placidi
739 377 794 421 et
818 371 1197 424 misericordes
1223 379 1277 424 et
1301 371 1556 426 liberales
1583 374 1838 444 omnique·

220 440 490 493 suauitate
533 441 823 511 temperati
866 460 1042 494 mores
1078 442 1398 510 PhocioniS‚
1449 462 1585 514 quos
1631 444 1833 515 optime

177 523 197 556 5
219 511 463 582 profecto
490 508 786 564 consensus
823 512 1062 563 omnium
1087 513 1350 566 bonitatis
1387 514 1708 583 cognomine
1745 514 1835 566 de'-

218 581 484 635 corandos
513 582 741 633 censuit.
790 582 977 652 itaque
1005 583 1339 651 constantia7
1377 603 1516 654 quae
1541 593 1739 637 natura
1763 585 1836 635 ri-

217 652 398 720 gidior
446 651 692 716 uidetur,
743 651 880 704 lenis
934 672 1002 706 ex
1052 662 1339 706 mansueto
1390 662 1609 724 pectore
1654 653 1831 706 fluxit.

218 722 456 776 Socratis
483 730 666 775 autem
692 721 972 783 uirilitatis
1003 725 1202 777 robore
1231 723 1470 776 uallatus
1500 725 1710 776 animus
1738 724 1834 776 ali-

218 801 422 864 quanto
449 793 810 862 praefractius
837 795 1274 864 perseuerantiae
1307 793 1617 864 exemplum
1643 794 1831 847 edidit.

154 877 195 907 10
323 865 374 916 3.
414 863 688 915 Vniuersa
714 864 908 915 ciuitas
927 864 1368 931 Atheniensium,
1399 865 1740 935 iniquissimo
1769 882 1833 917 ac

216 932 680 994 truculentissimo
734 953 915 986 errore
966 935 1252 1001 instincta,
1307 934 1373 987 de
1418 934 1597 1005 capite
1648 934 1834 987 decem

215 1011 557 1075 praetorum,
610 1004 702 1074 qui
754 1005 902 1074 apud
952 1005 1290 1074 Arginussas
1339 1004 1832 1058 Lacedaemoniam

216 1074 449 1127 classem
469 1074 801 1140 deleuerant,
830 1075 1043 1128 tristem
1071 1075 1396 1128 sententiam
1425 1074 1642 1128 tulerat.
1690 1075 1832 1127 forte

214 1155 345 1198 tunc
382 1145 496 1196 eius
533 1146 819 1214 potestatis
859 1145 1109 1198 Socrates
1122 1187 1135 1213 ‚
1189 1147 1340 1198 cuius
1389 1146 1616 1199 arbitrio
1653 1145 1833 1215 plebei

152 1227 194 1260 15
217 1216 355 1268 scita
375 1216 774 1279 ordinarentur,
806 1216 1092 1285 indignum
1117 1216 1364 1268 iudicans
1385 1224 1466 1269 tot
1489 1224 1674 1268 ettam
1693 1216 1832 1269 bene

214 1287 433 1340 meritos
461 1305 547 1353 ex·
565 1285 795 1355 indigna
820 1305 986 1338 causa
1009 1286 1217 1357 impetu
1242 1286 1485 1338 inuidiae
1511 1286 1718 1356 abripi,
1756 1293 1831 1337 te-

213 1357 453 1409 meritati
477 1355 844 1408 multitudinis
883 1357 1244 1410 constantiam
1274 1375 1428 1408 suam
1456 1356 1682 1422 obiecit,
1720 1374 1830 1408 ma-

212 1428 363 1480 ximo
404 1445 473 1478 ue
525 1426 795 1479 contionis
846 1428 1064 1496 fragore
1115 1435 1169 1479 et
1224 1427 1620 1479 incitatissimis
1671 1426 1830 1477 minis

216 1516 392 1567 conpu
417 1515 508 1548 sus
532 1514 645 1554 non
672 1504 754 1548 est
779 1504 840 1548 ut
867 1515 924 1549 se
945 1497 1196 1567 publicae
1225 1497 1528 1549 dementiae
1557 1504 1830 1549 auctorem

151 1579 194 1611 20
217 1567 570 1620 adscriberet.
647 1586 787 1637 quae
838 1569 1100 1638 oppositu*
1141 1567 1256 1619 eius
1301 1567 1543 1637 legitima
1592 1567 1831 1636 grassari

213 1639 306 1690 uia
339 1637 618 1707 prohibita
650 1637 855 1691 iniusto
891 1646 1206 1708 praetorum
1243 1656 1436 1690 cruore
1472 1655 1666 1688 manus
1705 1654 1829 1688 suas

214 1709 588 1762 contaminare
630 1709 1022 1778 perseuerauit.
1098 1727 1199 1761 nec
1242 1708 1425 1761 timuit
1470 1706 1722 1760 Socrates
1764 1725 1831 1758 ne
1857 1739 1874 1750 κ

214 1780 593 1831 consternatae
642 1780 852 1848 patriae
903 1779 1224 1831 undecimus
1273 1778 1426 1831 furor
1468 1796 1611 1829 mors
1658 1778 1829 1847 ipsius

214 1851 490 1902 existeret.
1721 1892 1724 1894 .

150 1929 191 1961 25
319 1920 371 1971 4.
410 1920 746 1986 Proximum,
776 1921 880 1971 etsi
904 1939 1014 1972 non
1041 1919 1286 1972 eiusdem
1314 1918 1619 1990 splendoris
1648 1925 1748 1984 est,
1776 1925 1831 1969 at

213 2009 384 2060 aeque
419 1998 627 2042 certum
662 1991 1001 2043 constantiae
1045 1990 1237 2043 haberi
1270 1997 1453 2060 potest
1496 1989 1831 2058 experimen-

212 2068 345 2112 tum.
424 2059 662 2126 efficacis
714 2079 911 2129 operae
961 2060 1223 2126 forensiS‚
1275 2060 1403 2111 fidei
1452 2078 1561 2111 non
1610 2058 1831 2110 latentis

213 2130 445 2183 Athenis
466 2128 753 2199 Ephialtes
782 2148 1037 2182 accusare
1055 2129 1273 2199 publice
1299 2131 1479 2181 iussus
1502 2138 1554 2181 et
1579 2130 1722 2180 inter
1749 2146 1830 2178 ce-

212 2208 359 2253 teros
394 2200 736 2254 Demostrati
770 2219 968 2252 nomen
1007 2200 1220 2252 deferre
1266 2205 1482 2252 coactus
1522 2206 1605 2250 est
1617 2238 1631 2264 7
1678 2198 1829 2248 cuius

329 2303 350 2340 1
376 2313 511 2341 casus
534 2301 650 2340 iacit
669 2301 713 2339 B
773 2303 797 2340 2
820 2303 1051 2354 speratius
1073 2299 1115 2339 B
1176 2302 1203 2340 4
1225 2300 1392 2352 optime
1415 2300 1623 2350 profecto
1646 2298 1688 2337 B
1709 2299 1830 2337 addi-

213 2359 267 2398 tis
294 2358 426 2409 siqnis
456 2358 801 2409 transpositionis
879 2359 902 2397 7
932 2356 1117 2397 uidetur
1143 2356 1206 2404 B,
1247 2357 1327 2396 sed
1356 2359 1431 2394 tur
1457 2357 1501 2395 in
1528 2369 1617 2395 ras.
1648 2356 1830 2394 maiore.-

211 2413 458 2454 uidebatur
487 2416 557 2454 uel
582 2413 818 2454 uideretur
846 2415 948 2454 dett.
981 2410 999 2462 ΙΙ
1029 2411 1104 2466 ex]
1137 2416 1183 2453 et
1211 2410 1266 2459 Β,
1300 2425 1323 2452 e
1355 2412 1378 2451 b
1445 2413 1470 2452 8
1499 2411 1704 2451 uallatus
1735 2411 1828 2450 eod.

212 2470 399 2511 Sekottz':
438 2470 647 2523 pallatus
676 2470 740 2517 B,
781 2470 1005 2523 palliatus
1036 2469 1059 2508 b
1139 2471 1164 2509 9
1202 2468 1509 2522 praefractius
1540 2468 1582 2507 B
1619 2470 1662 2507 z'n
1689 2468 1830 2512 litura,

211 2527 547 2579 praestructius
570 2541 610 2567 u.
635 2530 665 2567 l.
686 2529 730 2567 in
749 2539 827 2579 my.
846 2527 881 2566 B
945 2528 996 2566 10
1019 2539 1073 2566 ac
1094 2525 1261 2565 trucul.
1284 2538 1361 2567 om.
1384 2524 1426 2564 B
1487 2526 1538 2564 12
1562 2524 1830 2585 arginussas

214 2584 276 2624 Γ.·
310 2584 619 2636 arriginussas
650 2583 693 2623 B
761 2585 812 2623 16
836 2579 911 2636 ex]
939 2586 986 2623 et
1005 2583 1061 2630 B,
1095 2584 1174 2622 secl
1194 2595 1359 2622 erasum
1380 2586 1467 2621 est*
1512 2580 1563 2620 18
1591 2580 1738 2618 mimis
1761 2577 1829 2637 B,

214 2641 379 2679 animis
410 2640 452 2679 B
485 2639 563 2693 my.
625 2642 677 2680 21
712 2652 895 2680 cruore*
924 2639 960 2678 B
1029 2639 1082 2679 25
1106 2642 1154 2678 at
1176 2650 1324 2689 aeque
1356 2635 1541 2688 Kempf:
1581 2635 1741 2685 adeaq.
1773 2633 1829 2682 B,

214 2695 375 2747 adeoq.
409 2697 453 2743 b,
497 2709 643 2748 aeque
673 2697 1027 2741 tamen‘Periz.,·
1066 2709 1121 2735 an
1159 2696 1358 2735 Valerius
1386 2692 1582 2732 Plautino
1622 2690 1828 2740 adaeque

211 2765 311 2792 usus
340 2754 435 2792 est?
495 2754 548 2793 27
578 2757 732 2793 tamen
763 2752 972 2793 efficacis
1002 2751 1048 2800 b,
1089 2764 1188 2791 cum
1221 2749 1340 2791 effic.
1370 2761 1441 2800 op.
1475 2747 1695 2797 forensis,
1734 2750 1830 2785 tum

211 2807 318 2848 fidei
338 2809 537 2860 Piyhz'us;
569 2809 737 2860 Kempf
750 2810 937 2849 seiunoeit
956 2822 1024 2848 uu.
1049 2807 1254 2848 efficacis
1277 2826 1330 2832 —
1351 2803 1544 2844 latentis
1574 2816 1600 2842 α
1620 2803 1830 2842 sententia

213 2866 510 2912 antecedente,
543 2866 623 2904 sed
650 2878 778 2918 aegre
808 2871 905 2905 ante
934 2863 1040 2904 fidei
1068 2863 1303 2905 coniunctio
1335 2861 1605 2902 desideratur
1666 2860 1725 2900 *29
1754 2857 1830 2898 de*-

213 2921 488 2962 monstranti
508 2913 562 2959 B'
