1936 3120
0 0 135 70 W..

235 134 340 188 500
755 139 794 185 N
797 138 1049 185 EPOTIANI
1073 137 1316 186 ΕΡΙΤΟΜΑ
1666 99 1670 108 ·

66 268 216 304 vum.
238 267 337 299 cum
363 267 438 298 rea
466 251 710 296 haberetur
746 252 934 302 incesti,
971 251 1132 312 ligauit
1166 266 1348 312 proram
1383 253 1545 299 zonula
1582 255 1631 299 et'
1662 255 1725 300 ait
1769 254 1837 300 ‘si

236 325 367 382 uirgo
397 336 509 371 sum,
539 335 731 381 sequere
750 321 790 366 ἐ
819 336 1014 382 moxque
1041 323 1172 368 nauis
1200 330 1320 368 mota
1343 324 1642 384 ingressaque
1656 323 1837 370 Romam

236 400 304 439 est
340 407 440 437 cum
475 392 714 438 simulacro
751 392 903 437 Matris
941 393 1097 443 deum,
1143 393 1265 453 quod
1301 409 1323 439 a
1359 394 1629 440 Pessinunte
1665 401 1836 440 motum

238 464 344 509 naui
371 462 692 508 aduehebatur.

93 543 133 589 8,
162 541 212 580 12
340 535 408 578 13.
448 534 495 578 L.
527 533 676 578 Lamia
705 535 776 578 uir
810 535 1067 594 praetorius
1103 540 1312 579 mortuus
1347 548 1557 595 rogoque
1593 536 1834 595 impositus
1857 548 1877 580 5

236 603 517 658 exclamauit,
548 603 627 648 sed
652 617 839 649 accensa
868 605 1070 664 extingui
1098 604 1272 650 flamma
1300 619 1390 650 non
1418 606 1581 665 potuit.

66 691 106 743 g,
125 690 211 733 ΕΑ
343 677 409 718 14.
450 674 687 719 Pheretem
715 674 1008 735 pamphylum
1032 676 1185 719 uirum
1211 675 1337 720 Plato
1377 675 1537 720 scribit
1571 677 1616 720 in
1643 677 1738 721 acie
1766 690 1836 722 ce-

236 745 398 790 cidisse
435 751 480 789 et
514 751 619 804 post
657 745 811 790 decem
847 745 941 790 dies
979 744 1218 790 collectum
1245 745 1382 790 biduo
1418 745 1626 794 iacuisse.
1676 746 1838 792 dehinc

235 817 280 860 in
307 829 419 876 rogo
448 818 676 875 recepisse
704 816 843 860 uitam
870 815 1157 875 plurimaque
1195 815 1398 861 locutum
1435 829 1550 876 quae
1575 815 1767 862 uidisset
1792 818 1837 861 in

235 892 398 932 morte·
1864 900 1904 930 ιο

65 966 214 1012 3,E‚2
343 959 409 1002 15.
448 957 637 1001 Athenis
675 956 879 1016 quidam,
917 958 989 1001 uir
1024 956 1160 1016 longe
1199 956 1515 1007 doctissimus,
1551 957 1666 1001 ictus
1692 956 1840 1017 lapide

240 1041 397 1073 omnes
425 1041 587 1072 sensus
614 1028 826 1078 retinuit,
866 1026 1035 1072 oblitus
1063 1034 1131 1072 est
1157 1027 1435 1078 litterarum,
1475 1026 1634 1072 durum
1669 1027 1840 1072 homini

235 1099 505 1158 praesertim
533 1098 787 1143 atheniensi
814 1098 1039 1143 damnum.

65 1179 216 1232 3‚E‚3
344 1171 413 1216 16.
450 1168 734 1213 Nausimenis
785 1169 1061 1214 atheniensis
1098 1182 1212 1213 uxor
1247 1169 1292 1213 in
1330 1169 1507 1213 incestu
1546 1167 1842 1228 deprehendit

234 1239 368 1284 filiam
395 1238 628 1298 filiumque
655 1240 917 1299 permixtos.
970 1246 1092 1284 muta
1121 1240 1219 1283 exin
1247 1245 1471 1299 perpetuo
1498 1237 1599 1283 suit.
1860 1248 1900 1281 15

65 1320 215 1374 &1⁴24
343 1312 412 1353 17.
448 1309 481 1354 E
502 1311 730 1355 contrario
753 1309 966 1355 Echecles
994 1310 1159 1355 samius
1190 1309 1380 1359 athleta,
1418 1322 1518 1354 cum
1549 1309 1734 1353 uicisset
1759 1322 1843 1353 nec

234 1381 482 1441 praemium
510 1381 550 1424 ei
578 1380 782 1430 daretur,
811 1387 940 1424 antea
967 1387 1116 1424 mutus
1144 1379 1452 1437 indignatione
1479 1377 1660 1423 locutus
1688 1384 1769 1423 est.

66 1465 216 1518 8‚E,5
347 1452 414 1494 18.
453 1450 666 1510 Gorgias,
705 1450 821 1509 apud
849 1450 1058 1509 Epirotas
1084 1450 1220 1508 longe
1248 1451 1442 1508 primus,
1482 1448 1526 1492 in
1556 1448 1723 1494 feretro
1751 1462 1841 1493 ma—

234 1522 317 1566 tris
343 1527 477 1566 natus
505 1527 596 1564 est:
638 1534 738 1565 nam
767 1521 870 1565 dum
899 1521 1101 1565 mulieris
1130 1519 1321 1564 cadauer
1345 1519 1557 1569 effertur,
1586 1518 1738 1563 subito
1766 1532 1842 1563 ua-

236 1591 364 1651 gitus
392 1590 572 1636 auditus
601 1597 683 1635 est.
1862 1603 1903 1634 20

67 1671 108 1723 8,
125 1669 215 1710 101.ss
344 1663 410 1705 19.
449 1661 647 1706 Pheraeo
667 1661 816 1707 Iasoni
843 1663 1018 1707 uomica
1046 1661 1166 1706 uitae
1193 1660 1445 1720 periculum
1473 1672 1606 1719 saepe
1633 1658 1838 1704 faciebat.

235 1732 357 1777 hunc
385 1732 565 1791 quidam
592 1731 742 1791 gladio
772 1746 823 1776 ex
850 1732 1026 1776 insidiis
1063 1731 1288 1791 percussit
1325 1737 1371 1775 et
1397 1729 1586 1775 uulnere
1612 1729 1736 1789 rupit
1761 1743 1842 1774 uo·

237 1803 398 1848 micam
428 1805 695 1862 sanauitque
724 1804 918 1848 occisuri
945 1802 1197 1847 uoluntate.

71 1881 220 1934 8‚E,7
350 1875 419 1917 20.
460 1872 715 1918 Simonides
744 1873 930 1919 cenabat
957 1873 1073 1933 apud
1102 1872 1291 1933 Scopam
1319 1872 1363 1916 in
1393 1870 1648 1916 Thessaliae
1676 1869 1839 1930 oppido

237 1944 454 1989 Cranone.
483 1944 572 1989 duo
594 1944 782 1990 iuuenes
803 1944 1161 2004 ingressispecie
1182 1944 1342 1988 decora
1364 1955 1554 2002 exegere
1568 1939 1842 1985 Simonidem
1866 1952 1908 1985 25

238 2022 290 2060 ut
324 2014 554 2075 prodiret:
595 2028 780 2072 egresso
820 2029 872 2060 eo
914 2014 1159 2059 triclinium
1197 2012 1390 2058 concidit
1428 2013 1736 2070 conuiuasque
1764 2009 1843 2056 ob·

239 2086 344 2130 ruit.
375 2098 567 2144 cumque
595 2085 790 2130 discerni
818 2085 868 2129 ad
899 2084 1176 2144 sepulturam
1206 2097 1396 2142 corpora
1418 2081 1607 2127 confusa
1627 2095 1716 2126 non
1738 2094 1845 2139 pos·

240 2162 366 2206 sent,
404 2155 656 2200 Simonides
686 2155 887 2200 ordinem
917 2169 1006 2214 quo
1036 2155 1137 2214 quis
1166 2153 1434 2198 accubuerat
1460 2152 1571 2196 dixit
1597 2150 1843 2209 laudesque

238 2225 434 2271 Pollucis
463 2231 507 2270 et
534 2224 730 2270 Castoris
759 2225 918 2270 salutis
947 2238 1053 2269 suae
1081 2225 1226 2283 gratia
1253 2221 1527 2268 carminibus
1555 2219 1817 2266 celebrauit.

70 2306 218 2358 8‚E,9
345 2298 413 2342 21.
454 2295 719 2340 Consulenti
754 2295 962 2355 Philippo
999 2294 1161 2354 Apollo
1209 2293 1445 2353 respondit
1479 2298 1530 2337 ut
1565 2306 1589 2336 a
1625 2290 1841 2351 quadriga
1865 2304 1905 2335 30

239 2373 449 2412 caueret:
490 2381 569 2411 rex
596 2366 729 2411 iussit
758 2380 901 2426 equos
928 2379 1173 2425 numquam
1201 2365 1364 2424 iugari.
1429 2363 1594 2408 uitauit
1621 2362 1755 2406 etiam
1781 2359 1848 2406 lo·

242 2451 345 2482 cum
382 2439 426 2482 in
452 2438 663 2487 Boeotia,
701 2438 773 2482 cui
800 2436 959 2481 Harma
989 2450 1154 2481 nomen
1183 2442 1265 2480 est.
1331 2434 1408 2479 sed
1433 2434 1643 2494 princeps
1670 2431 1742 2476 uel
1771 2445 1847 2476 rex

242 2508 479 2568 Bithyniae
505 2508 765 2558 Pausanias,
796 2508 873 2567 qui
902 2521 1002 2551 eum
1030 2508 1154 2556 uicit,
1184 2507 1228 2550 in
1256 2506 1421 2565 uagina
1448 2503 1597 2564 gladii,
1627 2516 1727 2548 cum
1755 2515 1845 2562 quo

240 2579 476 2639 Philippus
505 2580 683 2624 occisus
712 2585 795 2628 est,
825 2577 1039 2623 caelatam
1068 2577 1332 2637 quadrigam
1360 2575 1530 2620 habuit.

71 2660 176 2709 8,Ε,
193 2661 245 2701 10
352 2653 422 2694 22.
460 2649 650 2694 Calanus
675 2649 810 2694 Indus
836 2649 986 2693 uictus
1007 2647 1059 2693 ab
1079 2647 1330 2692 Alexandro
1354 2645 1591 2691 Macedone
1610 2656 1710 2688 cum
1730 2655 1842 2701 rogo
1867 2652 1907 2684 35

355 2774 381 2812 5
403 2772 590 2812 lammia
613 2772 644 2812 C
704 2773 727 2811 7
749 2771 972 2824 pamphili
995 2771 1026 2811 C
1083 2773 1108 2811 9
1130 2767 1416 2823 plurimaque
1440 2768 1474 2809 C
1531 2767 1582 2807 19
1606 2764 1755 2806 elatus
1777 2767 1846 2804 est

246 2829 387 2869 Christ
445 2831 499 2870 25
522 2830 707 2882 exigere
732 2829 765 2868 C
821 2829 875 2867 26
900 2827 1098 2867 concidit
1120 2839 1221 2867 nos:
1253 2825 1422 2866 cecidit
1445 2825 1479 2864 C
1525 2823 1578 2863 28
1596 2822 1702 2873 fort.
1726 2819 1846 2872 quis-

245 2898 331 2937 que
351 2882 371 2939 [l
391 2884 519 2925 duxit
543 2885 575 2925 C
632 2887 686 2926 30
709 2883 963 2936 quadrigua
987 2884 1020 2924 C
1068 2885 1122 2924 32
1142 2883 1310 2924 boecia.
1335 2882 1407 2921 cui
1429 2892 1554 2921 arma
1579 2872 1650 2932 CH
1669 2875 1743 2917 uel
1765 2888 1845 2917 rex

240 2943 386 2993 ylossa
406 2944 575 2982 uidetur
625 2943 678 2982 33
700 2940 952 2994 pausianas
976 2939 1054 2992 qui
1075 2952 1175 2980 eum
1196 2939 1344 2978 uiciat
1366 2937 1537 2990 uagina
1560 2934 1593 2974 G
