1924 3152
0 2801 6 2827 k

864 0 899 15 lc.-
908 0 1276 38 ηιΨ-ἓτΑιιῖ-ἚἋηᾱψνξεὲ
1283 16 1296 28 ,ι
1311 17 1326 41 ἶ·
1335 9 1353 22 ¹-
1362 12 1382 26 -J
1390 13 1397 17 ⁴
1411 26 1419 30 Δ

170 98 275 171 278
877 105 976 150 ΜΒ.
1014 106 1080 151 vi.

170 212 439 264 humanae
464 212 613 262 uitae
631 220 814 280 partes
842 213 1098 282 persequi
1118 213 1461 283 propositum
1473 222 1573 281 est,
1594 222 1786 270 nostra

171 282 278 335 fide
304 282 526 352 propria
551 282 931 335 aestimatione
957 283 1240 336 referatur.

280 354 325 403 1.
365 352 629 404 Priuerno
668 360 826 422 capto
860 352 1270 424 interfectisque
1303 355 1395 424 qui
1431 355 1490 407 id
1525 356 1787 426 oppidum

169 421 241 474 ad
282 421 660 474 rebellandum
702 422 1093 491 incitauerant,
1147 433 1367 477 senatus
1410 424 1787 494 indignatione

124 509 145 541 5
170 511 432 545 accensus
461 491 745 544 consilium
772 493 1015 563 agitabat
1042 495 1305 565 quidnam
1334 495 1440 549 sibi
1466 497 1534 548 de
1560 495 1784 567 reliquis

167 580 382 633 quoque
409 563 821 616 Priuernatibus
851 573 996 616 esset
1022 565 1350 617 faciendum.
1433 567 1660 636 ancipiti
1686 567 1783 636 igi-

167 644 256 685 tur
282 651 413 685 casu
440 632 585 685 salus
615 652 803 686 eorum
829 633 1212 701 fluctuabatur,
1241 635 1431 688 eodem
1458 645 1703 707 tempore
1731 644 1786 688 et

166 704 468 757 uictoribus
496 713 549 756 et
574 705 729 757 iratis
758 705 1020 763 subiecta.
1082 706 1340 758 Ceterum
1366 725 1489 758 cum
1515 707 1785 759 auxilium

164 775 389 826 unicum
412 775 471 825 in
496 775 750 845 precibus
778 783 986 828 restare
1012 775 1534 842 animaduerterent,
1562 777 1785 846 ingenui

99 862 143 892 ιο
168 853 221 896 et
247 844 427 898 Italici
453 845 736 914 sanguinis
766 845 1018 898 obliuisci
1044 865 1155 898 non
1179 854 1489 916 potuerunt.
1532 848 1784 917 princeps

166 916 311 967 enim
337 933 525 968 eorum
549 916 607 967 in
633 917 784 967 curia
809 916 1176 985 interrogatus
1204 935 1368 988 quam
1387 935 1618 987 poenam
1638 918 1785 970 ciues

167 986 283 1038 eius
310 987 427 1056 pati
452 996 804 1053 mererentur,
833 987 1138 1057 respondit:
1182 993 1371 1068 equarn
1397 996 1674 1040 merentur
1693 987 1787 1058 qui

167 1074 225 1108 se
252 1056 445 1125 dignos
472 1055 725 1109 libertate
751 1057 1044 1109 iudicant'.
1086 1058 1270 1110 uerbis
1299 1076 1451 1110 arma
1477 1066 1788 1127 sumpserat

166 1136 631 1197 exasperatosque
682 1137 901 1197 patrum
961 1129 1172 1180 conseri
1214 1136 1393 1180 torum
1444 1129 1652 1181 animos
1706 1129 1795 1188 in·-

99 1212 142 1245 15
165 1195 558 1249 flammauerat.
611 1199 709 1250 sed
737 1197 985 1250 Plautius
1014 1217 1183 1250 consu
1220 1238 1232 1264 ‚
1272 1198 1466 1251 fauens
1495 1198 1785 1254 Priuerna-

165 1267 303 1320 tium
339 1286 565 1334 causae,
612 1287 923 1336 regressum
959 1268 1204 1320 animoso
1241 1269 1355 1320 eius
1395 1269 1543 1323 dicto
1591 1267 1788 1322 obtulit

165 1339 543 1408 quaesiuitque
570 1338 786 1407 qualem
813 1356 936 1389 cum
963 1339 1041 1390 eis
1067 1338 1303 1390 Romani
1327 1357 1517 1409 pacem
1543 1337 1786 1391 habituri

165 1416 350 1460 essent
373 1409 681 1478 inpunitate
709 1408 929 1461 donata.
981 1417 1038 1460 at
1070 1409 1117 1460 is
1156 1409 1601 1471 constantissimo
1628 1407 1785 1460 uultu

168 1478 245 1528 ‘si
281 1479 484 1530 bonam
511 1477 817 1545 dederitis’,
857 1479 1033 1549 inquit
1072 1484 1450 1549 eperpetuam,
1493 1480 1539 1530 si
1565 1478 1782 1545 malam,

98 1568 142 1600 20
164 1565 274 1600 non
309 1549 671 1601 diuturnam’.
733 1568 840 1620 qua
888 1567 1023 1601 uoce
1058 1548 1361 1619 perfectum
1407 1558 1490 1601 est
1524 1558 1587 1600 ut
1620 1549 1783 1601 uictis

164 1635 274 1669 non
300 1618 475 1671 solum
500 1620 680 1684 uenia,
710 1620 806 1672 sed
833 1620 996 1671 etiam
1021 1620 1104 1671 ius
1134 1628 1186 1671 et
1212 1619 1540 1672 beneficium
1565 1628 1786 1672 nostrae

162 1688 405 1741 ciuitatis
434 1688 673 1742 daretur.

270 1759 320 1810 2.
377 1759 467 1812 Sic
504 1761 563 1811 in
600 1770 792 1813 senatu
838 1759 988 1830 loqui
1025 1760 1318 1812 Priuernas
1356 1778 1521 1813 ausus
1568 1767 1668 1812 est.
1719 1760 1783 1812 L.

50 1919 141 1954 Par.
276 1909 314 1950 1.
351 1906 611 1951 LIBERE
633 1906 833 1951 DICTA
859 1908 899 1950 A
917 1907 1000 1951 VT
1021 1907 1247 1952 FACTA.
1309 1907 1531 1952 Priuerno
1558 1913 1691 1966 capto
1718 1907 1785 1951 in-

98 1991 141 2024 25
165 1976 462 2036 terfectisque
510 1980 587 2037 qui
627 1978 670 2022 id
714 1978 928 2037 oppidum
978 1978 1031 2022 ad
1072 1977 1380 2022 rebellandum
1427 1978 1782 2026 concitatiorem,

163 2053 347 2091 senatus
384 2047 576 2092 consilia
626 2048 827 2107 agitabat
869 2048 1081 2106 quidnam
1118 2049 1173 2092 de
1211 2046 1400 2107 reliquis
1438 2045 1782 2091 Priuernatibus

163 2117 348 2162 faceret.
409 2119 658 2177 principem
685 2117 930 2178 legationis
968 2118 1368 2177 interrogauerant
1406 2116 1620 2161 consules
1647 2129 1780 2175 quam

162 2200 353 2248 poenam
382 2189 505 2232 ciues
533 2189 628 2232 eius
656 2189 749 2247 pati
777 2194 1078 2232 mererentur.
1121 2195 1212 2232 tum
1241 2187 1317 2231 ille
1346 2187 1496 2246 ‘quam
1527 2184 1780 2231 merentur'

163 2259 312 2317 inquit
354 2259 459 2317 ‘qui
486 2271 533 2302 se
561 2258 722 2317 dignos
751 2258 949 2302 iudicant
974 2257 1199 2302 libertate.
1262 2257 1376 2301 idem
1411 2258 1720 2316 interrogatus
1760 2269 1783 2300 a

100 2340 143 2373 30
164 2327 341 2373 Plautio
378 2341 499 2378 cos„
540 2328 809 2388 impunitate
846 2329 945 2372 data
976 2328 1153 2388 qualem
1179 2340 1334 2388 pacem
1373 2333 1494 2372 esset
1529 2326 1782 2376 habiturus,

166 2398 429 2458 respondit:
460 2397 527 2443 ‘si
548 2399 712 2444 honam
734 2399 966 2448 dederitis,
995 2406 1277 2459 perpetuam,
1307 2397 1541 2447 simulam,
1569 2411 1659 2441 non
1687 2397 1786 2441 diu-

163 2469 392 2514 turnam'.
453 2474 493 2513 2.
532 2468 578 2513 L.
607 2468 844 2530 Philippus
872 2483 964 2515 cos.
1003 2470 1224 2515 aduersus
1250 2469 1472 2528 collegam
1510 2481 1622 2513 usus
1649 2468 1783 2512 nimia

129 2603 169 2638 ο
277 2622 305 2659 4
328 2622 680 2661 concitauerant
702 2621 742 2660 P
798 2623 823 2661 5
847 2621 1047 2661 consilia
1072 2621 1112 2659 P
1170 2622 1194 2660 7
1219 2632 1354 2660 casus
1378 2612 1435 2659 B'
1463 2619 1508 2658 ἃ9
1533 2615 1780 2670 ingeniiB,

161 2676 364 2728 ingeniti
393 2677 416 2716 b
499 2679 545 2717 11
591 2690 745 2718 eorum
774 2679 907 2718 dett..·
939 2691 1018 2717 om.
1049 2677 1115 2728 B,
1149 2677 1401 2729 legationis
1425 2676 1464 2714 P
1482 2674 1596 2720 haud
1614 2674 1704 2712 scio
1727 2685 1784 2711 an

165 2739 281 2773 recte
303 2730 321 2786 ΙΙ
345 2734 471 2772 ciues
494 2735 593 2774 eius
616 2735 718 2786 pati
740 2747 815 2774 om.
837 2734 893 2780 B,
917 2735 1068 2774 addidi
1087 2747 1144 2774 eoe
1166 2734 1206 2772 P
1265 2735 1317 2773 13
1338 2731 1549 2772 iudicant
1569 2730 1634 2769 P.-
1666 2727 1781 2767 iudi-

169 2791 332 2828 carent
351 2788 407 2840 B,
431 2790 683 2830 iudicarint
704 2790 726 2829 b
747 2787 765 2843 ΙΙ
788 2793 1082 2842 sumpserant
1102 2811 1156 2816 -
1176 2788 1575 2828 inflammauerant
1589 2784 1648 2842 ,B
1731 2786 1783 2825 15

166 2845 395 2898 plau*tius
412 2845 469 2895 B,
493 2846 724 2898 plaustius
747 2849 850 2887 dett.

282 2903 336 2942 32
354 2902 462 2951 fort.
488 2901 694 2956 collegas
