1924 3152
152 139 261 192 204
565 127 567 130 ’
850 143 947 189 Lm.
988 143 1074 190 1111.

154 251 273 305 fata
308 251 547 316 inuitUS,
584 249 753 303 dedit.
827 250 1118 304 Laetorius
1158 259 1340 306 autem
1373 253 1431 305 in
1446 261 1621 325 *ponte
1645 255 1790 318 sub--

153 322 279 375 licio
306 320 555 375 constitit
591 330 644 374 et
671 339 817 387 eum,
856 320 1031 375 donec
1057 322 1341 376 Gracchus
1368 325 1653 392 transiret,
1688 343 1772 379 ar*-

156 392 286 443 dore
315 391 538 462 spiritus
577 392 662 443 sui
689 393 924 462 saepsit,
965 411 1027 444 ac
1060 394 1119 444 ui
1143 394 1252 446 iam
1278 392 1643 448 multitudinis
1679 397 1772 450 ob-

154 470 308 514 rutus
345 479 609 514 conuerso
651 462 710 513 in
744 481 803 516 se
838 461 1022 532 gladio
1059 463 1222 516 celeri
1258 463 1404 518 saltu
1438 464 1774 535 profundum

112 555 132 587 5
158 531 374 585 Tiberis
413 532 600 602 petiit,
653 551 925 604 quamque
959 534 1016 586 in
1053 553 1115 587 eo
1149 544 1316 605 ponte
1350 536 1637 590 caritatem
1670 537 1774 590 toti

152 604 365 674 patriae
390 603 655 656 Horatius
684 602 875 657 Cocles
913 604 1262 671 exhibuerat,
1298 605 1458 659 unius
1496 607 1775 659 amicitiae

154 672 370 725 adiecta
427 673 739 726 uoluntaria
785 683 959 727 morte
1007 677 1301 745 praestitit.
1386 694 1551 748 quam
1599 676 1772 730 bonos

154 745 420 811 Gracchi,
460 744 506 797 si
539 752 634 797 aut
666 745 839 814 patris
875 754 971 798 aut
997 747 1230 798 materni
1265 746 1592 799 aui-nectam
1625 747 1773 800 uitae

152 814 371 883 ingredi
405 814 734 881 uoluissent,
786 815 991 869 habere
1024 815 1591 886 milites-potuerant!
1666 836 1773 887 quo

89 906 131 938 10
154 886 299 938 enim
341 885 575 955 impetn,
628 904 735 956 qua
778 886 1190 956 perseuerantia
1233 887 1403 939 animi
1435 886 1683 940 Blossius
1720 896 1776 940 et

154 956 490 1026 Pomponius
518 964 572 1009 et
595 956 886 1010 Laetorius
914 965 1141 1028 tropaea
1166 975 1239 1010 ac-
1254 956 1556 1028 triumphos
1586 976 1774 1012 eorum

154 1026 520 1093 adiuuissent,
560 1025 756 1079 furiosi
783 1035 1011 1080 conatus
1037 1035 1150 1080 tam
1177 1028 1387 1081 strenui
1412 1028 1667 1096 comites,
1705 1029 1774 1080 si-

152 1096 343 1150 nistris
365 1096 583 1168 quidem
605 1098 863 1168 auspiciis
892 1098 1164 1151 amicitiae
1186 1099 1559 1152 condicionem
1581 1098 1773 1165 secuti,

155 1169 251 1220 sed
278 1186 383 1238 quo
410 1168 723 1236 miseriora,
761 1168 864 1223 hoc
891 1169 1126 1223 certiora
1151 1168 1387 1222 fideliter
1413 1169 1592 1222 cultae
1616 1169 1773 1224 nobi-

88 1258 130 1291 15
151 1237 327 1291 litatis
356 1239 624 1308 exempla.

257 1310 325 1361 3„
346 1309 551 1362 Lucius
590 1316 774 1362 autem
799 1310 1069 1379 Reginus,
1107 1311 1153 1362 si
1188 1310 1258 1362 ad
1285 1310 1527 1364 debitam
1551 1309 1773 1381 publico

151 1380 457 1432 ministerio
480 1380 851 1432 sinceritatem
873 1380 1142 1448 exigatur,
1164 1381 1500 1450 posteritatis
1522 1380 1772 1433 conuicio

151 1449 501 1515 lacerandUS,
549 1450 597 1501 si
631 1450 902 1502 amicitiae
928 1450 1037 1502 fido
1063 1452 1293 1521 pignore
1328 1450 1670 1517 aestimetur,
1714 1451 1773 1503 in

152 1520 358 1591 optimo
380 1519 672 1572 laudabilis
696 1521 1059 1573 conscientiae
1079 1530 1241 1591 portu
1262 1520 1648 1592 relinquendus
1669 1528 1769 1574 est.

85 1610 128 1643 20
151 1591 406 1643 tribunus
454 1590 596 1642 enim
678 1590 812 1643 lebis
859 1591 1191 1661 Caepionem
1232 1591 1291 1642 in
1334 1609 1608 1644 carcerem
1650 1609 1773 1644 con·

149 1661 377 1727 iectum‚
415 1660 568 1731 quod
596 1609 743 1713 illius
772 1661 935 1731 culpa
968 1663 1240 1714 exercitus
1267 1669 1451 1714 noster
1477 1679 1510 1713 a
1535 1661 1773 1715 Cimbris
1801 1695 1804 1698 ·

151 1739 207 1784 et
233 1731 495 1784 Teutonis
522 1730 817 1785 uidebatur
846 1732 1058 1785 deletus
1074 1771 1088 1799 ,
1127 1733 1331 1785 ueteris
1361 1738 1618 1802 artaeque
1643 1732 1773 1784 ami·

152 1802 311 1854 citiae
338 1819 544 1854 memor
567 1801 791 1872 publica
818 1803 1068 1856 custodia
1089 1802 1364 1868 liberauit,
1391 1820 1491 1854 nec
1508 1801 1772 1856 hactenus

151 1872 387 1925 amicum
413 1873 591 1941 egisse
618 1881 923 1940 contentUS,
952 1874 1119 1925 etiam
1145 1873 1311 1942 fugae
1338 1875 1452 1925 eius
1481 1890 1659 1926 comes
1687 1890 1772 1925 ac-

85 1962 127 1995 25
152 1943 334 1996 cessit.
395 1960 493 2013 pro
529 1961 789 2013 magnum
826 1953 880 1997 et
912 1942 1329 2014 inexuperabile
1365 1952 1518 1996 tuum
1553 1961 1773 2009 numen,

152 2012 420 2066 amicitia!
470 2031 593 2064 cum
642 2033 711 2066 ex
747 2015 920 2066 altera
955 2022 1112 2084 parte
1156 2032 1242 2066 res
1283 2012 1510 2084 'publica
1549 2031 1772 2065 manum

149 2083 405 2150 iniceret,
445 2101 515 2135 ex
539 2083 714 2136 altera
737 2092 833 2137 tua
856 2083 1009 2135 illum
1037 2084 1263 2136 dextera
1287 2085 1556 2151 traheret,
1595 2092 1649 2136 et
1674 2082 1772 2135 illa

148 2151 212 2206 ut
239 2161 616 2206 sacrosanctus
645 2172 766 2206 esse
791 2153 959 2206 uellet
985 2155 1254 2222 exigeret,
1291 2162 1351 2206 tu
1379 2153 1605 2206 exilium
1629 2151 1770 2204 indi-

152 2242 302 2276 ceres
342 2254 410 2262 -
446 2223 581 2276 adeo
616 2223 824 2277 blando
861 2225 1032 2277 uteris
1070 2224 1299 2294 imperio
1340 2254 1403 2261 ——
1441 2221 1770 2293 supplicium

86 2312 128 2347 30
150 2294 343 2348 honori
368 2294 647 2364 praetulit.

256 2365 307 2417 4.
349 2363 698 2418 Admirabile
723 2366 824 2418 hoc
851 2382 987 2435 opus
1014 2372 1198 2430 tuum,
1228 2363 1325 2417 sed
1351 2363 1498 2434 quod
1525 2363 1775 2433 sequitur

35 2509 128 2543 Par.
155 2500 336 2560 gemina
361 2511 507 2558 usque
533 2497 588 2543 ad
606 2504 799 2544 mortem
818 2499 1056 2559 pugnauit,
1081 2497 1318 2545 Laetorius
1346 2498 1392 2542 in
1411 2503 1552 2557 ponte
1578 2495 1773 2542 sublicio
1833 2519 1837 2522 ⁴

154 2576 199 2616 et
224 2571 323 2630 ipse
349 2582 559 2629 pugnans
586 2569 765 2615 occisus
792 2576 876 2615 est.
938 2571 978 2615 3.
1012 2569 1060 2614 L.
1096 2568 1298 2627 Reginus
1327 2574 1382 2612 tr.
1412 2566 1473 2628 pl.
1500 2567 1771 2627 Caepionem

152 2642 198 2685 in
224 2652 453 2686 carcerem
480 2641 763 2697 coniectum,
805 2640 928 2700 quod
954 2639 1079 2685 illius
1107 2639 1240 2699 culpa
1265 2637 1432 2684 Cimbri
1469 2643 1514 2682 et
1540 2637 1771 2682 Teutones

87 2720 130 2755 35
153 2713 357 2756 uictores
385 2712 641 2761 extiterant,
669 2711 890 2757 amicitiae
916 2723 1090 2756 memor
1116 2709 1348 2756 custodiae
1374 2707 1567 2768 eripuit:
1606 2705 1770 2751 deinde

264 2834 292 2875 3
317 2831 392 2874 υἱὲ
410 2831 451 2873 Β
522 2834 571 2872 11
601 2833 792 2887 trophea
812 2833 855 2874 B
922 2835 973 2874 12
996 2833 1206 2874 strennui
1225 2831 1267 2872 B
1336 2832 1388 2872 16
1408 2829 1644 2883 Rheginus
1666 2828 1767 2868 edd.

153 2891 205 2931 17
229 2889 431 2943 conuitio
453 2882 508 2928 B'
572 2891 623 2930 19
648 2891 938 2931 constantiae
962 2889 1148 2944 Stanqer
1206 2889 1261 2928 20
1281 2885 1430 2939 plebis
1451 2886 1490 2928 k.
1515 2888 1542 2928 l.
1563 2885 1627 2934 B,
1660 2885 1772 2925 alias

149 2959 318 3000 semper
336 2945 400 3000 pl.
423 2948 490 2987 uel
509 2945 663 2999 plebei
683 2943 703 2999 {l
725 2949 993 2999 coepionem
1015 2946 1058 2986 B
1116 2947 1168 2986 27
1193 2948 1239 2985 et
1261 2956 1337 2985 om.
1361 2942 1384 2982 b
1434 3002 1440 3011 ·
