1924 3152
0 517 14 540 χ

196 129 302 183 212
892 133 993 179 ΜΒ.
1031 132 1118 178 1111.
1719 116 1729 119 '⁷

195 261 326 296 nam
368 240 460 312 qui
503 258 647 293 nunc
691 240 987 311 praecipue
1029 240 1413 308 negotiatione
1431 239 1813 309 delectantur,

199 331 323 366 cum
347 310 638 381 pecuniam
665 309 885 362 domum
928 318 1208 363 cruentam
1249 309 1607 378 rettulerunt,
1651 329 1816 382 quam

197 380 541 453 inprobando
569 379 773 450 gaudio
801 380 1050 434 exultent
1074 389 1423 450 cognoscent,
1452 381 1499 433 si
1526 380 1815 452 diligenter

200 459 422 506 senatus
450 450 787 518 consultum,
834 471 941 523 quo
964 451 1223 505 Considio
1249 452 1461 521 gratiae
1488 460 1644 511 actae
1670 459 1814 520 sunt,

157 539 178 571 5
200 525 380 593 legere
406 540 515 574 non
539 521 894 576 fastidierint.
1647 580 1653 583 ,

305 594 357 646 4.
397 593 570 660 Queri
614 610 826 646 mecum
870 596 983 644 iam
1018 591 1229 645 dudum
1264 591 1497 664 populus
1533 592 1813 646 Romanus

199 664 447 731 uidetur,
485 663 659 735 quod,
699 682 823 716 cum
859 662 1199 732 singulorum
1233 662 1659 716 munificentiam
1693 681 1818 716 con-

203 743 406 802 secter,
444 734 511 787 de
547 753 648 787 sua
683 743 912 788 taceam.
977 733 1050 786 ad
1087 752 1355 786 summam
1389 734 1536 785 enim
1561 733 1676 785 eius
1702 732 1816 786 lau-

202 806 328 859 dem
370 805 610 876 pertinet
652 823 812 875 quem
856 805 1099 857 animum
1142 804 1366 872 regibus
1403 810 1458 855 et
1493 802 1724 857 urbibus
1763 811 1818 855 et

137 891 178 923 10
200 875 456 947 gentibus
477 875 812 947 praestiterit
837 873 1175 943 recognosci,
1203 873 1351 944 quod
1376 891 1533 926 omne
1551 872 1821 944 praeclari

201 947 338 1000 facti
383 946 550 1000 decus
602 945 796 999 crebra
838 943 1103 998 memoria
1143 944 1199 996 in
1249 963 1306 997 se
1348 944 1469 1015 ipso
1514 942 1817 997 reuirescit.

202 1018 398 1072 Asiam
421 1016 567 1071 bello
607 1025 826 1085 captam
853 1015 1042 1068 Attalo
1080 1015 1198 1084 regi
1231 1015 1470 1067 muneris
1497 1014 1617 1068 loco
1643 1014 1818 1084 possi-

202 1088 441 1142 dendam
465 1086 726 1154 tradidit,
765 1105 826 1139 eo
853 1085 1124 1139 excelsius
1159 1092 1214 1138 et
1251 1084 1550 1156 speciosius
1575 1085 1702 1138 urbi
1725 1103 1818 1138 no-

203 1167 350 1212 strae
375 1159 623 1211 futurum
647 1158 939 1228 imperium
964 1155 1207 1220 credenS,
1239 1157 1284 1208 si
1305 1156 1634 1209 ditissimam
1658 1162 1820 1225 atque

140 1242 181 1275 15
207 1229 645 1292 amoenissimam
685 1235 899 1298 partem
941 1235 1211 1280 terrarum
1255 1226 1401 1280 orbis
1446 1226 1504 1278 in
1552 1225 1816 1279 beneficio

205 1319 368 1371 quam
394 1300 453 1351 in
478 1299 663 1351 fructu
691 1317 788 1351 suo
826 1315 1092 1366 reponere
1127 1295 1427 1349 maluisset.
1490 1296 1614 1367 ipsa
1646 1295 1816 1349 uicto-

201 1372 285 1424 ria
311 1371 515 1424 donum
540 1368 783 1435 felicius,
821 1369 949 1439 quia
974 1366 1204 1420 multum
1231 1385 1528 1437 occupasse
1552 1364 1817 1417 inuidiam

201 1441 405 1494 habere
453 1439 661 1510 potuit,
705 1446 917 1492 tantum
959 1438 1219 1492 tribuisse
1262 1436 1438 1507 gloria
1482 1453 1667 1490 carere
1711 1454 1820 1489 non

201 1510 398 1582 potuit.

139 1596 181 1628 20
309 1582 358 1634 5.
398 1579 556 1633 Illius
612 1597 741 1631 uero
795 1579 1073 1631 Romanae
1127 1577 1475 1631 liberalitatis
1530 1575 1819 1630 caelestem

206 1651 460 1722 spiritum
486 1649 668 1702 nullae
707 1648 919 1702 litterae
957 1649 1088 1701 satis
1129 1647 1307 1717 dignis
1344 1646 1600 1702 laudibus
1636 1665 1819 1717 prose-

205 1730 458 1793 quentur.
522 1719 775 1790 Philippo
813 1720 959 1773 enim
991 1718 1349 1772 Macedoniae
1383 1736 1512 1787 rege
1547 1725 1818 1788 superatO,

206 1811 331 1845 cum
357 1792 430 1844 ad
455 1790 779 1845 Isthmicum
814 1810 837 1843 s
883 1789 1188 1842 ectaculum
1219 1798 1338 1843 tota
1364 1789 1601 1842 Graecia
1626 1805 1820 1841 conue-

203 1863 403 1930 nisset,
442 1862 507 1914 T.
537 1861 795 1928 Quintius
881 1859 1172 1913 lamininus
1208 1859 1375 1913 tubae
1412 1860 1566 1928 signo
1605 1857 1819 1911 silentio

138 1948 183 1981 >25
205 1933 355 1986 facto
392 1951 491 2002 per
526 1950 853 2003 praeconem
888 1931 1023 1984 haec
1058 1930 1233 1985 uerba
1264 1931 1484 1983 recitari
1516 1930 1701 1982 iussit:
1744 1927 1820 1980 (Β.

206 2004 270 2056 Ρ.
299 2004 367 2070 Q.
394 2004 460 2055 R.
489 2010 543 2055 et
569 2003 635 2054 T.
665 2002 923 2068 Quintius
948 2001 1287 2054 Flamininus
1315 2001 1610 2080 imperator
1635 2016 1818 2051 omnes

208 2074 475 2128 Graeciae
500 2073 665 2126 urbes
679 2113 693 2139 ,
735 2091 872 2143 quae
901 2072 1001 2125 sub
1031 2071 1242 2124 dicione
1268 2069 1510 2140 Phihppi
1534 2068 1678 2138 regis
1705 2067 1818 2120 fue-

88 2213 181 2251 Par.
206 2207 349 2258 beret,
378 2206 496 2265 exigi
522 2205 566 2250 id
586 2219 609 2249 a
631 2204 915 2250 debitoribus
937 2205 1099 2249 uetuit.
1136 2207 1175 2248 4.
1203 2202 1404 2263 Populus
1425 2202 1651 2247 Romanus
1670 2200 1820 2246 Asiam

209 2276 330 2323 bello
377 2282 553 2337 captam
590 2275 742 2319 Attalo
788 2275 886 2334 regi
932 2275 1132 2319 muneris
1176 2273 1278 2319 loco
1316 2272 1638 2333 possidendam
1683 2271 1817 2316 dedit,

143 2354 186 2386 30
208 2352 248 2393 5.
275 2343 486 2408 Philippo
511 2346 805 2392 Macedonum
841 2359 948 2405 rege
976 2351 1215 2404 superato,
1254 2358 1357 2389 cum
1384 2343 1438 2388 ad
1471 2343 1515 2388 id
1542 2350 1632 2388 tam
1660 2344 1822 2387 mirum

208 2418 517 2479 spectaculum
543 2422 641 2463 tota
666 2415 850 2462 Graecia
876 2415 1180 2467 conuenisset,
1208 2414 1419 2470 Quintius
1438 2413 1715 2460 Flamininus
1743 2413 1823 2456 im-

208 2495 395 2550 perator
419 2502 502 2549 per
527 2499 796 2548 praeconem
824 2486 1003 2532 silentio
1032 2486 1175 2536 sacto,
1215 2486 1325 2531 haec
1350 2484 1490 2531 uerba
1516 2483 1697 2530 recitari
1732 2484 1824 2528 ius-

210 2561 293 2606 sit:
346 2561 358 2581 ‘
376 2560 418 2605 S.
446 2559 494 2604 P.
522 2558 571 2614 Q.
598 2559 647 2604 R.
686 2565 731 2602 et
765 2558 814 2602 T.
850 2556 1060 2612 Quintius
1086 2556 1364 2602 Flamininus
1390 2557 1640 2616 imperator
1666 2565 1821 2599 omnes

211 2630 421 2677 Graeciae
446 2629 596 2681 urbes,
626 2642 741 2690 quae
764 2628 846 2674 sub
872 2628 1061 2689 imperio
1083 2627 1279 2688 Philippi
1302 2633 1444 2713 erant,
1473 2638 1573 2672 esse
1599 2625 1821 2670 immunes

327 2769 349 2806 1
381 2767 690 2819 negotiationi
718 2766 760 2805 B
828 2769 852 2807 3
883 2765 1038 2819 gladio
1061 2758 1116 2805 B'
1185 2767 1237 2805 10
1258 2763 1513 2817 praeclari*
1533 2762 1575 2802 B
1644 2762 1694 2800 17
1718 2772 1821 2812 qnm

215 2823 262 2876 (n
282 2825 325 2863 in
345 2822 453 2875 ras.)
478 2823 670 2862 multum
691 2823 732 2861 B
792 2825 846 2863 20
866 2835 1006 2863 uerae
1027 2821 1083 2871 B,
1106 2834 1216 2862 uere
1239 2821 1276 2869 b,
1299 2833 1412 2862 corr.
1433 2820 1475 2858 in
1495 2831 1573 2870 my.
1634 2818 1688 2857 23
1709 2816 1823 2856 isth-

213 2882 383 2920 micum
412 2880 507 2922 cod.
529 2878 708 2921 Atrea:
740 2878 786 2918 id
815 2877 866 2919 ta
883 2878 1003 2918 miri]
1021 2879 1064 2918 B
1091 2880 1134 2918 in
1155 2890 1243 2918 ras.
1274 2890 1332 2918 ex
1352 2877 1394 2916 P
1416 2871 1437 2929 H
1463 2873 1639 2928 gratia*
1670 2873 1710 2913 Β
1769 2874 1824 2912 24

214 2938 399 2989 quintus
420 2928 488 2983 B',
521 2937 600 2976 sed
618 2937 745 2987 paulo
764 2942 865 2987 post
887 2935 1119 2987 quinctius
