1936 3120
888 55 897 66 1
1204 46 1207 53 ν
1223 47 1225 51 ι
1243 32 1295 45 '¹
1308 58 1316 64 ..
1336 34 1413 58 :f-'s
1440 49 1450 59 -κ
1479 44 1481 46 ·

885 67 897 74 1-
1093 63 1110 77 ’ἡ
1138 62 1146 74 .’
1181 70 1184 71 r
1254 63 1262 68 ·“
1278 67 1281 70 ·
1295 67 1299 73 ι
1321 61 1357 75 .-,”’

855 87 862 95 .
947 74 1064 99 »iffi
1089 71 1213 96 .ῆ1τ>-
1258 66 1312 95 „42

445 113 469 149 '⁴
559 123 573 131 ’
639 110 665 113 ⁷,
716 114 1198 205 xv·1',5.'-xv1111,·2.
1298 147 1299 150 ’
1656 143 1760 198 511

441 331 630 386 XVII.
670 332 768 386 De
803 333 953 384 iure
990 318 1470 402 triumphandi.
1762 345 1935 375 vanu.

259 441 298 484 1.
338 438 459 500 Lege
494 444 676 484 cautum
712 437 799 483 suit
831 451 888 483 ne
927 437 1028 497 quis
1068 436 1393 498 triumpharet,
1439 436 1528 481 nisi
1564 435 1764 481 hostium
1787 441 1830 491 8,
1853 439 1878 480 1

152 510 275 557 milia
300 511 335 555 V
360 523 450 556 una
476 510 571 555 acie
599 509 856 555 strauisset.
1102 564 1105 567 γ
1744 518 1753 523 ·

257 585 300 628 2.
341 580 390 626 G.
416 579 607 626 Fuluius
633 579 836 631 Flaccus,
864 592 965 625 cum
994 593 1090 624 rem
1117 577 1231 625 bene
1259 579 1496 640 gessisset,
1524 577 1722 623 delatum
1743 591 1767 622 a
1788 584 1829 636 8,
1853 584 1880 624 3

108 665 128 696 5
152 659 313 699 senatu
342 651 622 712 triumphum
651 652 842 711 spreuit.

259 726 299 768 3.
340 723 389 779 Q.
417 722 605 768 Fuluius
646 729 691 767 et
727 721 776 767 L.
805 721 1037 782 Opimius,
1074 735 1193 766 unus
1221 720 1370 782 Capua
1405 727 1614 781 recepta,
1652 719 1768 765 alter
1789 726 1830 777 8,
1852 726 1882 766 4
1926 769 1930 773 ,

152 795 290 840 uictis
315 793 614 854 Fregellanis,
644 799 801 839 contra
828 794 1023 854 petitum
1052 792 1332 853 triumphum
1361 790 1668 852 triumphandi
1695 792 1767 836 ius

151 879 243 912 non
271 870 544 915 tenuerunt,
581 877 673 910 non
701 864 825 924 quod
853 865 1030 910 strenui
1055 877 1147 909 non
1175 863 1368 914 fuerint,
1397 862 1476 908 sed
1498 863 1768 923 pronuntia-

153 944 248 982 tum
278 943 349 982 est
378 936 448 981 his
479 935 963 996 triumphumdeberi,
1001 935 1079 995 qui
1106 936 1346 995 imperium
1373 949 1417 995 p.
1445 934 1493 979 R.
1522 934 1766 983 auxissent,

88 1022 129 1052 10
152 1021 243 1054 non
271 1008 350 1067 qui
376 1013 725 1067 recuperassent
752 1020 866 1066 quae
894 1006 1088 1052 fuissent
1112 1006 1179 1051 rei
1205 1005 1429 1066 publicae.
1914 1060 1918 1066 Ἰ,

256 1082 298 1123 4.
338 1077 446 1123 Belli
489 1077 637 1123 ciuilis
676 1078 829 1123 uictor
863 1091 1013 1137 neque
1059 1077 1349 1137 imperatoris
1388 1076 1830 1135 nome112meruit8,
1854 1083 1880 1124 7

151 1163 301 1210 neque
333 1149 629 1209 triumphauit
655 1162 804 1208 neque
832 1148 917 1193 diis
943 1148 1112 1207 gratias
1141 1149 1259 1206 egit:
1301 1147 1508 1207 quamuis
1536 1147 1656 1193 enim
1683 1147 1767 1191 im-

150 1219 461 1280 peratorIbus‚
479 1220 653 1281 ciuium
683 1226 830 1265 tamen
859 1218 1114 1265 uictoribus
1141 1219 1275 1264 inuiti
1303 1218 1529 1264 fauerunt.

491 1354 711 1407 XVIII.
757 1354 853 1407 De
893 1354 1210 1408 censoria
1248 1361 1427 1407 nota.

87 1473 128 1507 15
258 1459 368 1506 Post
406 1473 681 1506 cannensem
718 1459 889 1506 cladem
923 1459 977 1504 Μ.
1016 1459 1253 1505 Marcellus
1293 1466 1511 1520 quaestor
1547 1459 1769 1519 multique
1791 1469 1832 1518 9,
1856 1467 1883 1507 8

149 1532 328 1591 equites
364 1532 540 1576 romani
575 1531 797 1591 dignitate
837 1531 999 1576 deiecti
1037 1538 1082 1576 et
1117 1532 1162 1575 iu
1201 1532 1402 1576 aerarios
1439 1530 1568 1576 relati
1610 1537 1719 1576 sunt
1746 1545 1768 1575 a

154 1602 209 1647 M.
238 1601 377 1647 Atilio
406 1601 579 1661 Regulo
608 1608 653 1646 et
679 1602 726 1647 L.
754 1602 889 1648 Furio
917 1602 1046 1648 Philo
1075 1601 1361 1652 censoribus,
1391 1601 1449 1647 ol)
1477 1602 1521 1647 id
1549 1601 1671 1662 quod
1698 1603 1767 1647 iu-

150 1679 367 1718 rauerant
394 1687 442 1717 se
468 1671 595 1717 ltalia
621 1671 840 1718 abituros.

507 1807 758 1860 XVIIII.
799 1807 896 1860 De
932 1809 1402 1861 ueneratione.

87 1926 130 1956 20
260 1916 300 1958 l.
340 1913 600 1972 Superioris
626 1912 823 1959 Africani
861 1912 1002 1958 filium
1037 1920 1220 1973 captum
1257 1927 1335 1958 rex
1359 1913 1615 1958 Antiochus
1644 1919 1690 1959 et
1714 1913 1768 1958 li·
1791 1923 1856 1971 10,
1883 1924 1910 1963 -2

151 1983 370 2030 beraliter
395 1983 554 2029 habuit
581 1990 626 2028 et
652 1985 957 2030 maturissime
984 1985 1038 2029 ad
1064 1992 1241 2044 patrem
1269 1984 1469 2035 remisit,
1499 1999 1520 2028 a
1550 1998 1641 2044 quo
1670 1983 1768 2029 fini·

151 2054 236 2100 hus
263 2054 532 2115 pellebatur.

258 2129 300 2172 2.
359 2126 476 2171 idem
521 2125 760 2172 Africanus
803 2127 1011 2186 priuatus
1057 2126 1100 2171 in
1145 2127 1363 2172 liternino
1408 2141 1514 2172 rure
1557 2126 1763 2187 degebat.
1790 2137 1855 2187 10,
1879 2138 1906 2176 ⁶2

151 2196 307 2243 subito
334 2196 530 2243 aduertit
557 2197 611 2242 ad
637 2197 790 2242 uillam
818 2199 1101 2243 uenientium
1128 2197 1464 2243 multitudinem
1491 2199 1765 2258 piratarum:

88 2279 129 2311 25
152 2274 270 2313 tecta
297 2283 380 2328 per
399 2268 676 2314 domesticos
697 2269 831 2313 iussit
853 2270 1028 2314 armari.
1077 2269 1201 2329 quod
1227 2282 1328 2314 cum
1356 2268 1493 2314 duces
1520 2271 1767 2329 piratarum

153 2338 475 2389 aduertissent,
503 2340 692 2384 remotis
721 2340 858 2384 sociis
886 2339 1167 2399 abiectisque
1196 2341 1331 2385 armis
1360 2354 1488 2385 orare
1517 2348 1767 2400 coeperunt

153 2422 208 2453 ne
248 2408 355 2468 quid
393 2409 439 2453 in
475 2422 554 2453 eos
592 2423 750 2469 aspere
786 2410 988 2455 facerent
1025 2418 1103 2455 aut
1138 2425 1194 2456 ne
1229 2410 1283 2455 ab
1311 2411 1381 2455 his
1409 2411 1648 2456 timerent:
1688 2425 1767 2456 ue-

153 2480 299 2530 nisse,
336 2486 387 2524 ut
413 2479 574 2525 liceret
601 2479 670 2524 his
698 2479 787 2524 srui
816 2487 1065 2540 conspectu
1092 2482 1207 2526 tanti
1234 2482 1338 2526 uiri.
1393 2481 1515 2540 quod
1542 2496 1643 2526 cum
1671 2480 1765 2527 Sci-

154 2551 231 2610 pio
260 2550 486 2599 audisset,
527 2549 731 2610 patefieri
759 2552 938 2595 ianuam
966 2552 1339 2611 introuocarique
1367 2565 1446 2597 eos
1475 2550 1615 2598 iubet.
1671 2559 1763 2597 tum

89 2632 133 2665 30
156 2622 353 2681 piratae,
393 2627 620 2680 tamquam
657 2620 813 2681 templi
850 2622 1059 2682 postibus
1087 2622 1312 2673 adoratis,
1350 2623 1548 2682 ingressi
1589 2630 1695 2668 sunt
1720 2630 1764 2668 et

267 2746 292 2786 3
314 2742 463 2798 milia]
491 2744 558 2784 .N.
585 2744 618 2785 C
694 2748 719 2786 6
741 2742 876 2799 unus]
903 2745 1079 2786 fuluius
1100 2759 1216 2787 unus
1242 2746 1275 2787 0
1293 2743 1311 2800 Π
1333 2746 1453 2787 alter
1475 2746 1546 2787 ide
1568 2747 1763 2800 opimius

152 2801 290 2842 uictis
304 2801 339 2842 C
373 2803 399 2843 8
410 2814 501 2844 non
515 2800 633 2853 quod
647 2823 698 2831 —
709 2802 882 2843 fuerint
904 2816 980 2844 om.
992 2803 1090 2843 Mai
1099 2817 1175 2844 nec
1185 2805 1252 2843 Du
1262 2804 1370 2844 Rieu
1389 2816 1447 2844 ecc
1463 2804 1607 2845 codice
1625 2806 1765 2844 attulit

155 2859 208 2899 13
229 2858 367 2898 inuiti
388 2857 446 2898 C:
476 2858 624 2897 minus
646 2858 742 2898 Mai
799 2861 852 2900 16
874 2858 1045 2900 delecti
1068 2860 1111 2910 C,
1136 2874 1210 2901 em.
1236 2862 1303 2901 Du
1324 2861 1430 2902 Rieu
1492 2862 1543 2901 17
1565 2860 1659 2914 pilo
1684 2861 1717 2901 C
1740 2858 1759 2913 ῘΙ

153 2913 371 2956 iurauer5.
393 2914 426 2955 C
483 2916 538 2955 ‘23
558 2912 692 2955 litsno
717 2915 751 2955 C
776 2911 796 2971 Η
825 2916 995 2969 egebat
1018 2916 1062 2968 C,
1088 2918 1261 2971 agebat
1282 2917 1379 2958 Mai
1436 2919 1490 2959 25
1514 2917 1633 2969 quod
1657 2916 1763 2970 ciust

153 2968 293 3012 duces
317 2971 350 3012 C
406 2973 460 3012 26
484 2975 706 3024 ceperunt
726 2985 783 3012 ne
807 2972 926 3024 quod
950 2973 984 3013 C
