1878 3132
186 118 254 170 62
896 121 994 164 LIB.
1034 121 1080 165 ΙΙ.

186 230 525 300 superiorum
567 245 730 296 opera
774 226 1008 278 carmine
1053 227 1424 297 conprehensa
1457 229 1790 298 pangebant,

186 319 291 370 quo
314 299 385 350 ad
405 317 468 350 ea
486 297 753 348 imitanda
777 296 1114 348 iuuentutem
1138 295 1404 350 alacriore
1483 298 1793 351 redderent.

185 369 313 440 quid
341 369 441 420 hoc
472 366 838 437 splendidius,
884 367 1016 437 quid
1051 367 1217 419 etiam
1249 317 1461 420 utilitgl
1463 370 1792 422 certamine?

186 440 442 510 pubertas
472 438 620 489 canis
651 456 809 489 suum
836 437 1000 489 decus
1028 437 1312 505 reddebat,
1343 438 1602 492 defuncta
1627 439 1662 503 ἦ·
1686 440 1794 491 uiri

135 532 154 563 5
186 528 344 560 cursu
370 515 521 560 aetas
549 506 916 575 ingredientes
954 515 1234 560 actuosam
1267 509 1440 561 uitam
1464 509 1671 563 fauoris
1697 529 1792 562 nu-

184 579 448 630 trimentis
476 579 923 648 prosequebatur.
1011 597 1110 630 uas
1138 578 1410 646 Athenas,
1448 599 1612 651 quam
1640 579 1791 632 scho-

182 648 314 714 lam,
367 667 504 718 quae
540 648 846 717 alienigena
881 598 1064 700 studia
1098 649 1224 701 huic
1270 649 1599 703 domesticae
1635 650 1791 703 disci-

182 718 362 789 plinae
388 717 776 789 praetulerim?
826 718 953 771 inde
981 719 1296 772 oriebantur
1316 719 1551 787 Camilli,
1589 721 1791 792 Scipio-

183 808 304 855 nes,
333 789 603 856 Fabricii,
631 788 908 855 Marcelli,
937 789 1122 853 Fabii,
1154 808 1218 842 ac
1233 796 1310 842 ine
1338 790 1554 861 singula
1577 791 1795 862 imperii

122 883 162 913 10
185 860 356 912 nostri
390 858 595 911 lumina
631 858 792 910 simul
825 859 1190 929 percurrendo
1228 861 1331 911 sim
1363 860 1604 930 longior,
1645 861 1791 928 inde,

182 931 427 1000 inquam,
475 930 609 982 caeli
645 930 949 982 clarissima
985 949 1142 1001 pars,
1193 931 1309 983 diui
1351 930 1624 985 fulserunt
1660 931 1793 985 Cae-

185 1019 351 1052 sares.

288 1085 362 1136 II.
406 1086 451 1135 1.
491 1084 647 1137 Adeo
687 1094 868 1137 autem
902 1103 1103 1154 magna
1138 1085 1367 1138 caritate
1402 1088 1612 1156 patriae
1646 1095 1792 1139 tene-

180 1156 398 1220 bantur,
425 1163 484 1206 ut
505 1173 702 1206 arcana
723 1155 952 1207 consilia
970 1163 1186 1225 patrum
1208 1157 1640 1226 conscriptorum
1659 1157 1792 1208 mul-

118 1246 158 1278 15
181 1226 250 1277 tis
287 1224 515 1277 saeculis
561 1243 717 1277 nemo
765 1234 984 1278 senator
1031 1226 1412 1279 enuntiauerit.
1481 1228 1548 1293 Q.
1585 1227 1790 1279 Fabius

179 1295 454 1347 Maximus
490 1296 866 1350 tantummodo
878 1337 891 1363 ,
930 1305 983 1348 et
1008 1297 1054 1348 is
1082 1298 1200 1367 ipse
1235 1316 1332 1367 per
1365 1297 1790 1367 inprudentiam,

182 1366 248 1418 de
273 1367 432 1418 tertio
453 1367 656 1419 Punico
677 1366 822 1420 bello
843 1366 1132 1420 indicendo
1161 1367 1306 1438 quod
1332 1377 1538 1421 secreto
1558 1369 1615 1419 in
1642 1369 1793 1420 curia

182 1445 299 1488 erat
333 1445 514 1488 actum
547 1437 609 1489 P.
648 1436 849 1490 Crasso
884 1456 975 1489 rus
1014 1446 1202 1508 petens
1242 1438 1464 1496 domum
1497 1438 1794 1492 reuertenti

180 1507 239 1558 in
272 1507 465 1559 itinere
498 1508 767 1576 narrauit,
821 1527 1027 1560 memor
1063 1527 1185 1560 eum
1221 1508 1451 1562 triennio
1480 1517 1606 1561 ante
1632 1527 1792 1580 quae-

119 1598 160 1629 20
184 1587 383 1629 storem
417 1578 648 1644 factum,
694 1578 1024 1648 ignarusque
1060 1577 1299 1630 nondum
1327 1598 1358 1631 a
1385 1580 1704 1632 censoribus
1735 1579 1792 1630 in

182 1647 426 1700 ordinem
463 1649 792 1700 senatorium
831 1648 1130 1714 adlectum,
1174 1668 1278 1719 quo
1306 1668 1410 1702 uno
1437 1648 1599 1703 modo
1627 1650 1794 1702 etiam

184 1718 278 1783 iis,
317 1718 409 1788 qui
434 1719 543 1770 iam
568 1719 797 1771 honores
824 1728 1132 1788 gesserant,
1170 1719 1351 1772 aditus
1383 1719 1441 1771 in
1467 1721 1673 1772 curiam
1701 1720 1790 1772 da-

179 1788 355 1840 batur.
394 1788 491 1840 sed
518 1790 766 1859 quamuis
794 1790 1053 1842 honestus
1082 1808 1232 1842 error
1257 1788 1606 1857 Fabisesset,
1632 1790 1792 1843 uehe-

179 1867 388 1910 menter
414 1867 597 1911 tamen
623 1880 655 1912 a
675 1861 991 1914 consulibus
1019 1860 1340 1930 obiurgatus
1369 1869 1470 1914 est.
1497 1879 1793 1931 numquam

118 1950 158 1981 25
182 1928 322 1979 enim
347 1930 790 1997 taciturnitatem,
820 1931 1085 2001 optimum
1114 1949 1177 1982 ac
1203 1931 1538 1983 tutissimum
1565 1931 1790 1983 admini-

183 2000 526 2051 strandarum
552 2020 733 2053 rerum
758 2002 1055 2068 uinculum,
1084 2000 1408 2054 labefactari
1433 2000 1708 2054 uolebant.

67 2157 157 2192 Par.
184 2142 355 2188 riorum
398 2159 533 2205 opera
569 2148 833 2198 cantabant,
879 2154 929 2193 ut
970 2147 1025 2192 ad
1062 2161 1112 2191 ea
1142 2147 1356 2192 imitanda
1393 2149 1607 2193 iuuentus
1632 2149 1791 2194 incita-

181 2221 319 2259 retur.
905 2217 910 2219 ’

290 2287 327 2328 1.
383 2287 555 2332 Arcana
582 2289 769 2334 consilia
797 2294 981 2333 senatus
1008 2288 1162 2333 multis
1198 2287 1391 2333 saeculis
1419 2287 1571 2332 nullus
1610 2295 1793 2333 senator

118 2372 158 2403 30
182 2355 457 2402 enuntiabat.
517 2357 566 2412 Q,
603 2359 769 2404 Fabius
797 2360 1034 2409 Maximus,
1081 2359 1202 2418 quod
1237 2372 1319 2418 per
1355 2357 1701 2418 imprudentiam
1737 2358 1791 2403 de

182 2423 318 2469 tertio
352 2425 471 2471 bello
506 2427 671 2474 Punico
711 2430 884 2475 dixerat
917 2430 966 2473 P.
1007 2428 1190 2479 Crasso,
1244 2442 1418 2473 memor
1453 2441 1556 2473 eum
1590 2430 1787 2480 tri'ennio

183 2501 284 2540 ante
317 2504 606 2554 quaestorem
642 2499 810 2545 factum
847 2499 1126 2559 ignarusque
1153 2499 1352 2544 nondum
1379 2513 1482 2544 eum
1515 2493 1561 2543 in
1588 2499 1789 2544 ordinem

299 2632 320 2668 l
343 2632 608 2682 pandebant
630 2637 741 2676 coni.
770 2636 1019 2680 Torrenius,
1053 2637 1308 2676 cantabant
1329 2636 1388 2683 P,
1423 2635 1655 2675 canebant
1679 2635 1788 2686 Nep.

185 2698 291 2736 quae
321 2699 423 2726 uera
453 2691 574 2729 lectio
604 2693 773 2730 uidetur
831 2694 856 2732 2
889 2705 944 2732 ea
966 2693 1191 2731 imitanda
1213 2693 1501 2731 iuuentutem
1521 2691 1564 2730 B
1591 2692 1635 2730 in
1663 2692 1791 2730 litura

180 2741 210 2779 4
231 2740 484 2781 reddebant
506 2738 559 2782 B'
588 2743 606 2798 Η
636 2748 725 2786 uiri
746 2748 813 2787 B:
845 2749 1011 2788 uirium
1041 2749 1085 2796 b,
1118 2748 1242 2787 uirili
1279 2748 1426 2793 Torr„
1459 2747 1588 2786 uitae
1625 2745 1789 2786 Vahlen

178 2810 227 2847 p.
257 2798 359 2842 591,
400 2799 481 2838 nisi
508 2813 594 2840 ηοω
625 2815 711 2841 cum
741 2804 935 2856 Kempfi‘o
971 2806 1209 2844 inducenda
1237 2809 1301 2844 est
1377 2805 1428 2843 17
1457 2805 1587 2843 secro
1617 2801 1660 2842 B
1735 2804 1789 2842 20

182 2852 462 2904 ignarusque
489 2855 569 2894 Pb:
594 2856 757 2908 ignaru
776 2860 815 2897 Β
875 2863 926 2899 21
951 2861 1172 2901 allectum
1194 2859 1236 2899 B
1296 2861 1349 2898 22
1371 2860 1409 2898 is
1432 2858 1486 2907 B,
1509 2859 1579 2898 his
1601 2859 1624 2898 b
1647 2854 1665 2912 [l
1686 2859 1788 2911 ge's-

182 2911 308 2949 serat
330 2908 481 2949 aditus
502 2910 681 2951 incuria
703 2913 744 2951 B
805 2917 858 2954 24
878 2922 1032 2956 tamen
1054 2918 1101 2956 b:
1133 2919 1323 2955 tamnu
1342 2915 1385 2955 B
