1878 3100
1441 0 1498 11 ·‡‘:=
1518 0 1558 15 ,vas
1572 0 1580 8 ¹
1594 0 1782 17 annam-wa
1798 4 1799 7 =
1819 8 1822 11 .
1860 6 1866 9 -

1458 22 1477 31 Η
1499 13 1593 28 ..VJ-⁴
1619 13 1713 29 ·.³„-*⁴¹·
1796 15 1821 24 ff...
1842 20 1850 23 Α
1868 15 1878 24 ,-

205 131 298 176 xvl
852 132 1175 178 PRAEFA'rlo.
1546 104 1549 106 ’
1647 146 1667 169 ι
1720 98 1723 101 ’

192 277 311 317 -estz
352 273 447 315 cui.-
478 268 530 331 (i.
563 285 605 316 e.
635 267 784 330 cicius)
814 266 817 329 Α
842 285 907 316 ιιι*
928 284 1086 329 opera.
1124 297 1193 303 —-
1227 271 1273 330 4,
1314 273 1358 326 1,
1399 273 1462 318 12
1490 288 1528 320 s.
1552 273 1588 320 f.
1623 273 1666 321 B
1704 291 1811 322 non

202 338 362 386 habet
387 346 442 386 ut
468 339 654 402 reliqui
682 339 916 403 plerique
959 342 1066 386 ‘abi
1087 343 1163 386 illa
1191 346 1256 386 tot
1291 345 1336 386 in
1363 346 1494 388 caria
1520 346 1703 403 iurgia?
1737 346 1815 390 ubi

204 416 302 455 tam
320 412 486 455 multae
505 425 596 468 pro
618 412 781 455 rostris
801 411 1211 467 altercationes?',
1240 411 1331 459 sed
1359 413 1434 457 ubi
1455 418 1542 458 tot
1566 417 1740 460 multae
1763 447 1774 459 .
1797 451 1809 461 .

207 483 545 537 altercationes,
571 495 702 543 quae
717 479 868 526 lectio
892 479 954 527 ob
980 495 1091 526 eam
1111 496 1312 528 causam
1333 498 1438 529 non
1457 489 1566 529 erat
1580 490 1809 546 praeter-

203 548 480 607 mittenda,
523 548 658 613 quod
698 557 847 596 erunt
888 553 974 613 qui
1000 553 1172 596 multae
1199 567 1263 598 ex
1288 551 1690 615 interpolatione
1718 552 1808 600 ad-

206 618 365 666 ditum
393 635 505 667 esse
531 625 794 666 censeant.
822 646 890 652 —
916 621 971 678 4,
1011 622 1065 679 3,
1107 622 1160 680 6,
1202 619 1287 668 ubi
1324 622 1560 684 uulgatur
1585 625 1810 670 Luscinus

200 691 451 735 honoribus
476 695 520 735 et
547 692 826 736 auctoritate
853 694 976 735 omni
998 693 1188 736 ciuitate
1226 693 1499 751 temporibus
1532 696 1627 738 suis
1661 696 1810 739 maior

204 775 310 807 11011
339 758 672 807 omittendum
700 766 808 806 erat
834 759 885 805 in
914 760 955 806 B
985 775 1187 824 quoque
1215 765 1400 819 ciuitati
1425 768 1648 822 exstare,
1698 778 1809 810 cum
1868 802 1875 808 .

201 829 477 876 admodum
498 828 707 876 dubium
731 845 842 876 esse
862 829 1098 877 uideatur
1119 847 1238 877 num
1258 833 1311 878 in
1334 831 1447 878 aliis
1462 831 1603 879 libris
1617 836 1810 878 ciuitate

202 908 341 946 recte
369 905 649 946 correctum
676 899 755 946 sit.
784 925 852 932 —
878 900 959 945 De
985 899 1095 946 loco
1126 900 1354 948 nondum
1384 900 1655 949 emendato
1686 903 1731 960 5,
1757 904 1804 960 3,

200 969 320 1016 ΕΧ1.
345 971 389 1028 3,
422 985 572 1033 quem
588 969 852 1032 Kempfius
875 969 947 1015 ita
976 968 1138 1017 edidit
1165 970 1178 992 ‘
1194 975 1299 1030 qaia
1326 973 1471 1017 dandi
1487 977 1534 1016 et
1553 975 1812 1031 accipiendi

201 1041 405 1098 beneficii
441 1042 783 1092 commercium,
819 1042 915 1084 sine
949 1054 1035 1098 quo
1071 1043 1158 1085 uix
1194 1043 1294 1086 uita
1320 1042 1550 1087 hom-inum
1577 1045 1608 1098 †
1634 1055 1809 1101 expers

199 1111 313 1154 tollit
347 1112 551 1169 quisquis
585 1110 694 1154 bene
729 1111 886 1170 merito
926 1123 1092 1167 parem
1125 1110 1312 1169 referre
1335 1114 1539 1170 qratiam
1564 1103 1804 1172 izeyleyit'‚

199 1179 392 1242 optime
418 1179 599 1226 meruit
620 1178 957 1226 coniectando
987 1178 1293 1226 adiectiuum
1318 1183 1474 1226 uitalis
1493 1181 1627 1228 inter
1648 1185 1735 1228 uix
1757 1188 1808 1229 et

200 1253 292 1294 uita
303 1248 466 1296 uideri
478 1247 814 1296 intercidisse.
843 1249 1054 1295 Poterat
1067 1249 1217 1296 facile
1235 1249 1651 1298 emendationem
1665 1267 1806 1299 suam

198 1334 563 1376 consummare,
589 1319 630 1365 si
652 1319 951 1381 scripturam
972 1319 1023 1364 in
1040 1319 1082 1366 B
1105 1326 1240 1366 recte
1265 1321 1639 1384 exscripsisset:
1665 1321 1806 1386 quod

201 1388 337 1434 enim
363 1389 534 1451 posuit
559 1389 611 1434 in
641 1388 816 1436 adnot.
850 1388 957 1434 crit.
986 1389 1269 1436 ehominem
1298 1397 1440 1437 extar
1468 1391 1666 1438 extollit
1692 1394 1807 1447 (litt.

125 1517 129 1521 ⁵
199 1465 347 1504 extar
369 1473 432 1505 ex
450 1461 495 1503 in
516 1456 710 1519 rasura)
733 1459 810 1517 A’,
832 1465 1028 1505 tantum
1054 1475 1118 1506 ex
1138 1466 1284 1522 parte
1306 1476 1481 1507 uerum
1504 1467 1604 1508 est:
1623 1477 1742 1508 nam
1761 1461 1805 1509 B

200 1543 370 1591 neque
389 1527 544 1575 habet
563 1542 624 1575 ex
641 1525 778 1592 (post
798 1526 974 1591 emar),
996 1528 1089 1576 sed
1110 1535 1170 1584 et,
1191 1545 1366 1593 neque
1386 1530 1515 1577 haec
1529 1530 1728 1594 syllaba
1742 1546 1808 1579 ex

198 1598 530 1653 correctione,
553 1598 642 1646 sed
665 1598 726 1644 ab
748 1599 861 1661 ipsa
880 1615 1034 1645 manu
1054 1599 1217 1662 prima
1238 1600 1428 1663 scripta
1450 1608 1542 1647 est.
1586 1599 1807 1648 Accedit

198 1667 340 1731 quod
362 1685 465 1715 non
486 1666 760 1716 tacendum
783 1675 891 1715 erat
912 1670 1131 1732 spatium
1153 1669 1348 1728 liturae,
1375 1670 1429 1716 in
1445 1686 1543 1734 quo
1558 1676 1702 1716 extar
1715 1670 1804 1718 ad-

198 1737 403 1785 modum
430 1746 646 1800 anguste
675 1745 725 1785 et
750 1739 943 1786 minute
971 1740 1212 1802 scriptum
1241 1746 1341 1794 est,
1371 1755 1475 1786 non
1501 1740 1661 1788 maius
1692 1756 1804 1788 esse

199 1823 350 1871 quam
375 1808 524 1854 trium
550 1809 658 1855 fere
684 1808 988 1855 litterarum:
1036 1809 1135 1855 iam
1176 1825 1286 1856 cum
1311 1825 1492 1857 manus
1519 1809 1682 1872 prima
1707 1810 1804 1857 hoc

199 1876 387 1924 habeat
432 1880 692 1924 ‘hominum
719 1885 877 1924 *net
914 1879 1066 1935 tollit'‚
1113 1885 1320 1942 recepto
1347 1879 1571 1943 Kempfii
1598 1879 1804 1943 supple·

197 1954 370 1995 mento
413 1955 462 1995 et
495 1947 653 1995 tribus
689 1948 874 1995 litteris
912 1948 1099 1996 additis
1137 1949 1327 2012 optima
1371 1949 1474 1996 exit
1518 1950 1801 1996 sententia:

195 2020 294 2062 sine
319 2033 405 2076 qao
428 2021 510 2063 aiae
536 2021 743 2083 uitalis
768 2022 868 2065 uita
893 2020 1127 2064 hominum
1154 2033 1279 2064 esse
1295 2025 1328 2064 t.
1377 2017 1614 2083 Apparet
1635 2026 1803 2067 autem

198 2086 351 2133 facile
376 2087 484 2134 fieri
512 2088 740 2151 potuisse
770 2094 825 2135 ut
851 2087 1103 2136 adiectiuo
1131 2091 1282 2135 uitalis
1316 2089 1476 2136 semel
1509 2089 1799 2136 intermisso

198 2163 314 2203 esset
338 2157 390 2202 in
418 2164 601 2203 extaret
623 2165 915 2206 mutaretur.
941 2186 1010 2194 —-
1037 2159 1098 2205 In
1126 2158 1506 2206 narratiuncula
1533 2157 1598 2206 de
1623 2159 1802 2207 Xeno·
1854 2172 1864 2176 ”

199 2226 392 2289 phonte
433 2226 501 2290 (5,
543 2230 621 2287 10,
658 2229 776 2275 Ext.
807 2225 878 2289 2),
926 2229 1011 2292 qui
1048 2230 1202 2276 sacris
1242 2235 1480 2292 operatus
1509 2228 1678 2293 Grylli
1711 2228 1802 2276 filii

198 2303 359 2343 morte
395 2297 569 2344 audita
605 2314 841 2345 coronam
881 2298 1181 2361 deposuisse
1210 2306 1480 2346 contentus
1507 2299 1802 2347 sacrificium

198 2382 302 2412 non
349 2367 540 2425 omisit,
588 2368 825 2416 Valerius
869 2368 1002 2414 hanc
1049 2369 1474 2416 exclamationem
1518 2368 1800 2415 narrationi

199 2451 321 2483 suae
350 2435 588 2484 subiecit:
635 2441 752 2484 alius
787 2441 1053 2484 remouisset
1089 2440 1303 2496 hostiam,
1349 2441 1582 2485 abiecisset
1613 2441 1799 2493 altaria,

197 2508 398 2552 lacrimis
417 2521 635 2566 respersa
655 2515 758 2554 tura
779 2510 1044 2554 disiecisset:
1064 2510 1380 2568 Xenophontis
1398 2522 1569 2568 corpus
1587 2507 1803 2568 reliyior‘ie

197 2578 414 2622 immobile
439 2580 565 2623 stetit
602 2584 695 2625 010.
772 2574 942 2640 Quale
965 2579 1030 2626 sit
1057 2595 1237 2643 corpus
1267 2577 1407 2642 quod
1433 2578 1683 2640 religione
1709 2577 1800 2624 imss

197 2644 383 2691 mobile
410 2647 629 2705 steterit,
659 2647 745 2694 alii
782 2664 978 2696 1110011111
1016 2649 1431 2711 interrogabunt3
1480 2663 1576 2695 nec
1611 2653 1797 2704 tamen,

198 2714 240 2760 si
268 2715 511 2777 optimum
537 2717 856 2766 Bernensem
883 2718 1128 2778 audimus,
1160 2719 1231 2765 sic
1246 2718 1508 2767 Valerium
1535 2716 1798 2780 scripsisse

196 2783 487 2844 credemus,
534 2785 627 2832 sed
664 2790 889 2845 religioni,
936 2789 968 2839 i.
1010 2804 1053 2836 e.
1092 2789 1167 2836 rei
1202 2803 1376 2836 sacrae
1414 2785 1702 2835 faciendae.
1730 2811 1800 2820 —-

198 2854 244 2911 7,
276 2855 321 2913 3,
349 2854 466 2902 Ext.
493 2857 518 2901 1
548 2855 811 2919 Kempfius
840 2874 1018 2921 parum
1045 2864 1191 2906 caute
1221 2857 1410 2905 edidit:
1436 2872 1613 2905 summa
1640 2860 1691 2906 in
1716 2857 1803 2903 hoc
