1924 3152
556 0 1136 30 r³x¹²⁴⁸v==
1168 0 1248 16 a.
1430 1 1439 10 ³

728 95 848 142 cAP.
876 95 989 146 viu,
1018 76 1047 154 g
1078 72 1216 140 1-21.
1378 48 1410 65 „
1598 150 1602 154 .
1678 89 1781 140 311

161 211 311 257 tecta
337 212 444 269 est,
481 204 611 274 quia
637 221 699 255 eo
729 209 971 273 tempore
996 201 1175 255 Mario
1201 220 1311 254 non
1336 202 1454 254 uita
1470 240 1483 267 ,
1513 201 1609 253 sed
1637 218 1780 254 mors

160 276 219 326 in
245 274 510 333 beneficio
538 274 781 343 reposita
807 280 940 325 erat.

268 346 320 398 3.
360 346 553 416 Aeque
588 343 816 397 inlustre
852 342 1003 414 quod
1038 341 1301 413 sequitur.
1378 342 1437 393 O.
1480 341 1780 406 Gracchus,

160 435 229 469 ne
265 417 322 468 in
354 422 686 486 potestatem
721 414 1066 466 inimicorum
1101 413 1442 482 perueniret,
1480 411 1783 466 Philocrati

159 505 321 539 seruo
359 504 455 538 suo
494 485 732 537 ceruices
771 485 1092 536 incidendas
1129 484 1404 554 praebuit.
1481 502 1617 554 quas
1655 501 1778 534 cum
1801 505 1821 537 5

158 556 324 610 celeri
358 556 474 613 ictu
507 554 866 621 abscidisset,
913 555 1160 624 gladium
1196 572 1385 607 cruore
1427 553 1634 607 domini
1671 572 1786 606 ma-·
1833 551 1836 569 ¹

159 635 382 694 nantem
417 645 516 696 per
543 645 641 678 sua
670 627 782 695 egit
817 625 1159 696 praecordia.
1212 625 1493 695 Euporum
1520 624 1614 676 alii
1641 626 1782 676 hunc

159 699 467 751 uocitatum
505 698 848 749 existimant:
892 715 992 766 ego
1031 697 1099 748 de
1125 696 1346 749 nomine
1373 695 1510 746 nihil
1539 695 1780 765 disputO,

156 767 446 823 famularis
474 776 683 819 tantum
709 767 870 820 modo
898 767 1028 819 fidei
1053 767 1221 819 robur
1248 765 1506 817 admiror.
1559 768 1714 819 cuius
1737 766 1783 818 si

160 839 527 910 praesentiam
554 838 724 889 animi
751 856 1049 906 generosus
1087 838 1301 889 iuuenis
1338 837 1584 889 imitatus
1613 837 1777 904 foret,
1805 860 1846 891 ιο

158 928 277 974 suo,
300 928 411 962 non
432 910 577 960 serui
600 909 862 961 beneficio
886 909 1210 960 inminentia
1231 906 1501 978 supplicia
1520 908 1778 960 uitasset:

157 999 304 1031 nunc
340 980 594 1032 conmisit
630 987 691 1031 ut
717 978 1041 1032 Philocratis
1079 997 1241 1051 quam
1270 978 1507 1031 Gracchi
1544 979 1782 1032 cadauer

159 1050 461 1121 speciosius
487 1051 708 1102 iaceret.

265 1121 317 1173 4.
358 1121 487 1173 Alia
512 1119 794 1187 nobilitaS,
824 1119 963 1172 alius
992 1120 1165 1186 furor,
1194 1119 1292 1172 sed
1317 1120 1448 1172 fidei
1473 1139 1574 1190 par
1599 1139 1780 1173 exem·

156 1190 326 1261 plum.
378 1190 653 1261 Pindarus
683 1190 742 1243 C.
772 1191 1025 1243 Cassium
1052 1190 1396 1261 Philippensi
1430 1191 1637 1262 proelio
1665 1192 1775 1243 uic·
1803 1213 1844 1246 15

156 1272 300 1328 tum,
337 1281 511 1332 nuper
539 1262 610 1314 ab
638 1281 698 1314 eo
726 1281 890 1313 manu
917 1262 1144 1328 missus,
1172 1262 1328 1313 iussu
1354 1262 1527 1332 ipsius
1556 1263 1779 1315 obtrun-

155 1340 338 1384 catum
357 1333 702 1390 insultationi
718 1332 957 1385 hostium
972 1332 1250 1385 subtraxit
1264 1351 1430 1402 seque
1443 1352 1471 1385 e
1482 1341 1779 1404 conspectu

155 1403 437 1456 hominum
463 1404 777 1456 uoluntaria
803 1412 979 1455 morte
1008 1402 1267 1469 abstulit,
1295 1404 1374 1454 ita
1397 1411 1459 1455 ut
1486 1423 1553 1455 ne
1582 1422 1777 1474 corpus

154 1474 381 1545 quidem
407 1475 522 1526 eius
551 1475 831 1544 absumpti
856 1475 1213 1526 inueniretur.
1253 1475 1374 1544 quis
1405 1473 1630 1526 deorum
1657 1493 1778 1544 gra-

154 1545 375 1596 uissimi
400 1545 621 1597 sceleris
649 1544 796 1597 ultor
820 1543 971 1596 illam
999 1544 1285 1597 dexteram
1301 1584 1314 1610 ,
1344 1564 1482 1615 quae
1509 1547 1566 1596 in
1591 1564 1781 1597 necem
1802 1571 1844 1602 20

156 1615 370 1684 patriae
396 1616 638 1685 parentis
667 1623 968 1681 exarserat,
995 1624 1148 1668 tanto
1176 1624 1395 1685 torpore
1416 1615 1690 1685 inligauit,
1718 1624 1779 1668 ut

155 1703 215 1736 se
251 1685 597 1738 tremibunda
633 1686 861 1738 Pindari
894 1686 1125 1754 genibus
1156 1686 1548 1752 summitteret,
1586 1706 1654 1738 ne
1682 1706 1777 1757 pu-

155 1753 287 1807 blici
323 1755 605 1826 parricidii
641 1775 776 1826 quas
814 1757 1125 1808 merebatur
1161 1773 1365 1826 poenas
1395 1757 1623 1809 arbitrio
1651 1759 1778 1827 piae

154 1826 423 1878 uictoriae
450 1825 794 1879 exsolueret?
833 1835 893 1878 tu
917 1826 1163 1895 profecto
1186 1834 1334 1892 tunc,
1365 1826 1491 1878 diue
1504 1827 1629 1892 Iuli,
1659 1846 1777 1879 cae-

154 1894 384 1949 lestibus
412 1898 519 1950 tuis
547 1897 867 1949 uulneribus
898 1897 1140 1950 debitam
1176 1899 1415 1966 exegisti
1449 1897 1773 1964 uindictam,
1799 1922 1841 1954 25

154 1967 425 2036 perfidum
463 1985 595 2036 erga
631 1976 684 2020 te
722 1976 886 2038 caput
922 1967 1130 2021 sordidi
1167 1967 1361 2019 auxilii
1397 1967 1632 2039 supplex
1658 1968 1777 2021 fieri

156 2100 421 2151 stinauerat,
452 2100 676 2152 strictum,
706 2115 869 2146 seruus
896 2102 1099 2147 occisum
1115 2100 1324 2146 Sullanae
1351 2101 1634 2147 crudelitatis
1662 2102 1771 2147 fecit
1797 2116 1887 2150 Par.

155 2177 404 2230 expertem.
481 2174 519 2216 3.
560 2172 604 2216 C.
635 2172 864 2218 Gracchus
900 2186 955 2217 ne
993 2172 1038 2216 in
1075 2179 1350 2232 potestatem
1378 2172 1668 2218 inimicorum
1696 2186 1774 2218 ue-

155 2241 274 2285 niret
298 2241 543 2288 Philocrati
573 2255 730 2292 seruo,
769 2243 842 2288 uel
870 2249 929 2287 ut
946 2243 1022 2288 alii
1050 2243 1230 2293 dicunt,
1266 2243 1449 2304 Euparo
1477 2244 1679 2289 ceruices
1707 2245 1774 2288 in-

152 2311 365 2357 cidendas
391 2312 626 2371 praebuit:
667 2328 778 2372 quas
805 2328 906 2359 cum
934 2313 1068 2359 celeri
1097 2315 1191 2359 ictu
1219 2313 1504 2365 abscidisset,
1533 2315 1577 2358 in
1606 2329 1652 2359 se
1681 2314 1776 2374 gla-
1799 2326 1839 2357 30

154 2379 279 2424 diurn
314 2384 556 2426 conuertit.
633 2387 673 2426 4.
713 2384 935 2428 Pindarus
972 2384 1016 2428 C.
1046 2384 1250 2429 Cassium
1275 2385 1557 2444 Philippensi
1594 2385 1772 2444 proelio

271 2504 292 2542 l
316 2515 407 2542 non
429 2526 481 2532 —
504 2517 624 2544 mors
648 2505 689 2543 B
711 2508 754 2545 in
775 2519 865 2548 ras.
924 2507 951 2545 4
971 2510 1209 2558 potestate
1232 2506 1274 2545 B
1334 2509 1359 2547 6
1384 2512 1645 2547 manantem
1668 2510 1771 2548 decc.
1808 2551 1812 2555 ,

152 2562 306 2610 pauci:
337 2563 600 2600 manentem
622 2560 677 2607 B,
701 2562 963 2601 madentem
985 2563 1008 2602 b
1089 2564 1112 2602 7
1136 2575 1352 2614 euporum
1377 2564 1429 2610 B,
1452 2566 1531 2603 sed
1551 2576 1708 2615 porum
1732 2566 1774 2604 in

153 2628 243 2654 ras.
284 2612 303 2668 Η
353 2615 437 2655 alii
459 2616 501 2656 B
533 2629 645 2659 corr.
679 2630 736 2657 ex
766 2618 829 2657 ali
930 2620 980 2657 12
1012 2622 1058 2658 et
1087 2630 1208 2657 nunc
1238 2615 1294 2657 B'
1334 2616 1351 2673 Η
1412 2619 1695 2672 philocrates
1719 2614 1774 2659 B'

155 2672 209 2711 15
233 2670 283 2711 C.
306 2685 384 2712 om.
410 2665 466 2712 B'
518 2675 569 2713 17
591 2673 884 2714 insultationi
907 2675 963 2724 B,
987 2677 1066 2714 sed
1084 2677 1227 2714 ultima
1248 2675 1264 2713 i
1284 2677 1327 2714 in
1347 2689 1435 2715 ras.
1493 2676 1545 2716 18
1567 2689 1653 2716 nec
1677 2689 1774 2716 cor-

153 2740 236 2779 pus
259 2728 300 2767 B
362 2730 413 2768 19
437 2729 670 2782 adsumpti
691 2726 746 2770 B'
815 2733 869 2770 20
893 2743 1009 2783 quae
1034 2732 1134 2771 add.
1157 2733 1199 2770 in
1221 2731 1262 2769 B
1283 2745 1335 2772 m.
1357 2734 1383 2771 2
1454 2734 1506 2771 21
1532 2745 1693 2785 crpore
1713 2726 1773 2772 'B'

155 2785 209 2824 23
230 2785 297 2880 pili
317 2786 510 2825 uictoris
533 2786 556 2826 b
617 2788 671 2826 24
693 2789 803 2826 tunc
826 2787 892 2826 B:
925 2791 975 2826 tu
997 2789 1100 2830 dett.
1124 2783 1142 2839 Η
1163 2787 1282 2826 iulia
1304 2787 1344 2826 B
1404 2790 1460 2829 26
1482 2788 1680 2828 sordidis
1702 2789 1725 2829 b
1751 2787 1771 2841 Η

154 2842 263 2881 auxi
283 2842 340 2882 iis
362 2842 405 2881 B

266 2899 320 2938 29
342 2898 527 2950 Euporo
558 2899 654 2942 Val.
678 2901 802 2941 codd.
