1936 3120
0 1329 14 1497 ξ

0 1500 21 1570 f*

259 141 364 194 466
819 173 822 176 «
920 145 1034 191 LIB.
1075 146 1199 191 vnn.

260 261 476 324 Ρ661115,
520 252 611 322 qui
647 251 722 303 M.
760 250 1020 306 Marcello
1057 251 1246 305 datum
1282 271 1314 305 a
1351 252 1585 306 Caesare
1622 254 1876 324 spiritum

265 342 362 375 sua
388 340 554 374 manu
581 322 808 391 eripuit,
843 330 1000 374 uetus
1029 322 1234 375 amicus
1263 331 1316 376 et
1341 323 1706 393 Pompeianae
1730 323 1868 377 mili-

263 394 372 444 tiae
399 410 606 458 comeS,
644 391 963 460 indignatus
1007 390 1077 443 ali
1118 411 1214 444 uos
1253 393 1359 446 sibi
1385 394 1687 446 amicorum
1713 394 1783 447 ab
1811 412 1874 447 eo

261 462 544 533 praeferri.
608 461 800 514 urbem
837 462 980 512 enim
1007 480 1039 514 a
1125 461 1372 532 ytilenis,
1415 482 1519 534 quo
1549 483 1605 516 se
1633 463 1869 516 contule-

221 532 240 578 5
263 540 366 598 rat,
394 539 729 603 repetentem
754 532 812 582 in
837 532 1256 584 Atheniensium
1291 541 1453 603 portu
1487 534 1724 603 pugione
1749 552 1871 587 con-

262 602 404 655 fodit
430 603 787 672 protinusque
815 601 885 653 ad
912 601 1263 655 inritamenta
1290 605 1580 656 uaesaniae
1608 622 1736 656 suae
1762 611 1872 655 tru-

261 673 496 725 cidanda
521 672 771 738 tetendit,
800 672 1072 724 amicitiae
1098 674 1290 739 hostiS,
1320 673 1493 725 diuini
1517 673 1767 726 beneficii
1793 674 1872 725 in—

261 750 564 812 terceptor,
603 741 855 812 publicae
892 741 1168 810 religionis
1186 783 1199 808 ,
1238 743 1383 812 quod
1411 743 1480 794 ad
1509 742 1740 795 salutem
1767 742 1871 795 cla-

261 813 465 865 rissimi
492 812 627 864 ciuis
654 812 1086 882 recuperandam
1113 813 1353 880 attinuit,
1382 813 1581 866 acerba
1605 812 1776 866 labes,

198 923 239 955 10
367 911 418 963 5.
457 910 618 962 Hanc
645 909 1025 962 crudelitatem
1041 950 1055 976 ,
1097 910 1183 961 cui
1208 910 1343 961 nihil
1369 910 1512 963 adici
1538 929 1698 982 posse
1723 910 1871 963 uide-

261 991 369 1048 tur,
399 981 460 1034 C.
489 980 762 1033 Toranius
790 981 1077 1032 atrocitate
1098 980 1360 1050 parricidi
1381 982 1673 1050 superauit.
1725 999 1892 1032 nam-⁷

262 1070 366 1122 que
412 1050 828 1103 triumuirorum
871 1059 1054 1119 partes
1101 1059 1319 1102 secutus
1362 1050 1654 1121 proscripti
1696 1050 1870 1122 patris

262 1122 372 1188 sui,
411 1120 672 1191 praetorii
700 1127 752 1172 et
781 1120 960 1172 ornati
986 1120 1116 1186 uiri,
1145 1120 1402 1186 latebraS,
1431 1129 1665 1173 aetatem
1690 1129 1870 1174 notas-

264 1211 367 1263 que
405 1191 676 1262 corporiS,
717 1190 913 1259 quibus
954 1191 1179 1258 agnosci
1213 1199 1426 1260 posset,
1463 1190 1870 1250 centurionibus

195 1280 237 1312 15
263 1261 465 1328 edidit,
496 1261 589 1331 qui
616 1279 738 1312 eum
764 1260 1035 1329 persecuti
1063 1269 1205 1312 sunt.
1282 1279 1452 1312 senex
1478 1259 1543 1312 de
1567 1259 1667 1311 filii
1693 1260 1869 1325 magis

259 1333 374 1384 uita
402 1340 455 1384 et
480 1329 828 1382 incrementis
858 1348 1019 1399 quam
1047 1329 1112 1381 de
1139 1329 1344 1399 reliquo
1373 1330 1569 1399 spiritu
1597 1348 1694 1382 suo
1725 1328 1868 1381 solli-

259 1404 415 1467 cituS,
445 1419 514 1452 an
530 1398 827 1467 *incolumis
857 1407 1002 1451 esset
1023 1407 1076 1450 et
1097 1418 1167 1450 an
1186 1399 1606 1469 imperatoribus
1635 1399 1771 1452 satis
1790 1399 1868 1472 fa-

260 1479 406 1524 ceret
430 1471 771 1537 interrogare
799 1487 889 1521 eos
918 1469 1116 1538 coepit.
1168 1488 1196 1521 e
1223 1469 1419 1539 quibus
1448 1487 1586 1521 unus
1615 1469 1703 1522 ‘ab
1731 1468 1867 1536 illo',

257 1542 435 1611 inquit
471 1546 649 1610 ‘quem
684 1547 967 1607 tantopere
1008 1538 1219 1607 diligis,
1258 1539 1657 1592 demonstratus
1681 1546 1869 1592 nostro

194 1630 237 1662 20
259 1611 560 1663 ministerio
575 1650 588 1675 ‚
618 1608 719 1660 filii
746 1608 947 1661 indicio
975 1609 1265 1675 occideris,
1302 1610 1656 1679 protinusque
1682 1616 1869 1678 pectus

260 1682 376 1733 eius
427 1679 607 1749 gladio
658 1678 889 1731 traiecit.
965 1677 1253 1748 conlapsus
1301 1681 1484 1749 itaque
1531 1686 1615 1731 est
1658 1678 1867 1745 infelix,

259 1758 486 1804 auctore
513 1748 695 1801 caedis
726 1767 888 1819 quam
915 1749 1036 1818 ipsa
1063 1749 1230 1801 caede
1255 1749 1521 1802 miserior.

365 1849 414 1900 6.
456 1847 623 1900 Cuius
660 1846 764 1914 fati
802 1846 1159 1898 acerbitatem
1184 1846 1248 1899 L.
1277 1846 1474 1899 Villius
1502 1846 1731 1898 Annalis
1759 1863 1867 1898 sor-

256 1920 419 1985 titus,
458 1936 579 1970 cum
607 1917 661 1967 in
690 1934 941 1986 campum
968 1916 1038 1967 ad
1065 1918 1373 1985 quaestoria
1409 1917 1630 1970 comitia
1654 1915 1753 1968 filii
1780 1915 1867 1968 de-

193 2007 235 2041 25
259 1989 524 2042 scendens
547 1987 912 2056 proscriptum
935 2004 991 2037 se
1008 1995 1316 2054 cognosset,
1346 1986 1416 2038 ad
1438 1986 1689 2039 clientem
1711 2004 1869 2038 suum

259 2058 523 2128 confugit.
584 2056 682 2108 sed
717 2074 802 2107 ne.
821 2056 928 2107 fide
955 2057 1070 2107 61115
1098 2064 1245 2108 1111115
1275 2075 1391 2108 6556
1418 2063 1629 2126 posset,
1666 2055 1868 2108 scelere

256 2129 434 2185 nefari
459 2126 673 2179 iuuenis
704 2125 955 2177 effectum
979 2133 1083 2191 est,
1114 2126 1159 2177 si
1188 2127 1410 2196 quidem
1437 2144 1533 2196 per
1559 2127 1680 2195 ipsa
1703 2125 1867 2178 uesti-

258 2199 351 2268 gia
385 2198 559 2269 patris
597 2193 863 2248 militibus
904 2195 1082 2246 ductis
1122 2195 1479 2248 occidendum
1516 2213 1637 2247 eum
1664 2196 1720 2246 in
1746 2213 1869 2248 con-

139 2355 233 2391 par.
260 2344 410 2390 datum
439 2342 649 2403 spiritum
679 2356 759 2387 sua
787 2355 920 2386 manu
949 2342 1132 2401 eripuit,
1162 2343 1424 2402 indignatus
1452 2341 1536 2387 sibi
1563 2341 1617 2387 ab
1639 2356 1692 2388 eo
1715 2355 1868 2402 quem-

116 2473 120 2474 7
195 2427 236 2460 3ο
265 2429 397 2475 quam
426 2415 671 2460 amicorum
698 2411 932 2473 praeferri.
1007 2415 1046 2457 5.
1077 2412 1119 2457 C.
1149 2413 1368 2458 Toranius
1396 2413 1738 2458 triumuirorum
1766 2427 1867 2472 par-

262 2493 328 2530 tes
356 2490 540 2530 secutus
575 2482 822 2543 proscripti
849 2481 992 2541 patris
1021 2482 1116 2533 sui,
1153 2483 1368 2542 praetorii
1397 2482 1508 2533 uiri,
1546 2482 1743 2528 latebras
1766 2495 1868 2527 cen-

261 2553 516 2600 turionibus
555 2553 708 2598 edidit.
783 2555 823 2596 6.
863 2551 909 2595 L.
948 2551 1089 2597 lulius
1125 2553 1309 2598 Annalis
1356 2567 1454 2598 cum
1492 2553 1536 2596 111
1573 2562 1776 2612 campum
1811 2550 1866 2597 ad

259 2624 519 2685 quaestoria
549 2623 731 2668 comitia
758 2621 839 2666 filii
868 2621 1145 2667 descendens
1164 2624 1469 2683 proscriptum
1492 2635 1538 2668 se
1557 2623 1863 2682 cognouisset,

365 2761 389 2799 2
414 2760 589 2799 amicus
613 2772 689 2800 om.
713 2751 768 2798 B'
837 2761 862 2799 3
887 2757 1087 2809 aliquem
1109 2758 1132 2798 b
1225 2760 1250 2799 5
1272 2758 1578 2811 repetente-B
1655 2758 1680 2797 6
1702 2768 1786 2797 sua
1808 2751 1862 2795 B'

254 2818 304 2856 10
333 2815 567 2856 uideretur
588 2808 644 2854 B'
724 2815 773 2854 11
806 2814 1013 2854 toranius
1037 2813 1081 2866 (o
1103 2816 1147 2855 in
1167 2814 1274 2864 ras.)
1299 2815 1340 2855 B
1421 2814 1472 2855 17
1505 2817 1551 2855 et
1571 2815 1614 2854 in
1634 2812 1678 2853 B
1698 2824 1862 2853 erasum

251 2874 305 2914 19
328 2871 532 2924 diligentis
553 2871 596 2910 B
655 2872 708 2910 22
731 2871 830 2923 ipse
853 2863 908 2910 B'
968 2871 1022 2911 23
1045 2870 1184 2910 iulius
1206 2871 1271 2910 Pb

364 2929 416 2969 32
437 2941 520 2970 scr.
544 2926 711 2967 Villius
