1878 3132
722 120 839 166 CAP.
867 119 925 170 11,
966 119 995 178 3
1023 120 1163 164 6—9.
1687 114 1754 166 67

131 248 256 283 cum
291 228 519 298 deorum
569 227 961 282 immortalium
1008 226 1184 280 cultus
1232 235 1347 280 tum
1384 226 1548 278 etiam
1584 227 1755 280 homi-

129 319 260 353 num
287 300 623 353 continentia
656 300 860 366 inerat,
897 298 1322 369 imperatoribus
1359 298 1562 351 nostris
1590 317 1756 369 quam

130 381 350 425 sanctas
388 390 582 424 manus
618 371 822 423 habere
850 369 1114 422 deberent
1141 370 1287 440 apud
1313 370 1422 423 ista
1449 369 1649 422 altaria
1676 369 1754 421 di-

131 442 438 496 scentibus:
491 441 970 510 continentiaeque
1016 448 1230 492 tantum
1270 441 1649 508 tribuebatur,
1695 449 1755 492 ut

128 513 422 566 multorum
456 531 548 564 aes
588 512 855 578 alienum,
894 511 1024 582 quia
1058 511 1374 581 prouincias
1413 513 1627 565 sincere
1659 512 1754 564 ad-
1778 527 1798 558 5

127 583 600 651 ministrauerant‚
642 602 674 635 a
701 591 896 635 senatu
933 581 1274 653 persolutum
1311 582 1398 635 sit.
1465 601 1591 634 nam
1627 601 1754 654 quo-

126 673 249 707 rum
286 673 456 725 opera
490 654 770 725 publicam
801 654 1190 706 auctoritatem
1218 672 1240 705 s
1285 652 1568 706 lendorem
1595 673 1755 706 suum

125 724 317 797 procul
352 725 655 779 obtinuisse
690 725 973 791 uiderant,
1015 743 1202 777 eorum
1277 723 1567 793 ignitatem
1607 725 1755 777 domi

127 795 346 851 conlabi
405 796 695 866 indignum
755 796 970 866 sibique
1031 795 1278 848 deforme
1341 815 1462 848 esse
1520 796 1752 848 arbitra-

124 869 344 920 bantur,
1771 884 1811 913 10

234 938 282 989 9.
322 937 610 1008 Equestris
636 955 767 991 uero
796 937 1004 990 ordinis
1033 938 1290 990 iuuentus
1319 938 1571 990 omnibus
1598 937 1753 989 annis

125 1008 208 1061 bis
244 1008 437 1062 urbem
475 1007 786 1079 spectaculo
824 1008 908 1060 sui
947 1008 1048 1061 sub
1078 1008 1292 1078 magnis
1321 1008 1640 1062 auctoribus
1670 1026 1752 1060 ce-

123 1078 392 1137 lebrabat.
442 1079 834 1150 Lupercalium
861 1080 1005 1131 enim
1032 1098 1150 1132 mos
1178 1097 1210 1130 a
1234 1079 1468 1133 Romulo
1499 1088 1553 1132 et
1579 1079 1751 1132 Remo

123 1149 411 1202 inchoatus
440 1157 523 1202 est
549 1157 706 1217 tunc,
747 1168 869 1202 cum
895 1149 1106 1202 laetitia
1134 1148 1473 1217 exultantes,
1508 1150 1654 1221 quod
1682 1151 1750 1202 iis

125 1239 260 1272 auus
286 1219 568 1287 Numitor,
605 1239 705 1273 rex
731 1219 1106 1287 Albanorum,
1143 1240 1205 1274 eo
1233 1220 1380 1288 loco,
1407 1222 1504 1274 ubi
1532 1222 1751 1274 educati
1775 1237 1816 1269 15

124 1299 308 1358 erant,
359 1291 554 1344 urbem
592 1291 825 1345 condere
862 1292 1190 1362 permiserat-
1227 1292 1327 1345 sub
1373 1299 1558 1346 monte
1593 1291 1752 1344 Pala-

122 1362 265 1430 tino,
307 1362 551 1430 [hortatu
584 1361 839 1415 Faustuli
875 1362 1187 1415 educatoris
1225 1363 1334 1431 sui]
1377 1382 1540 1434 quem
1566 1363 1750 1415 Euan-

124 1432 221 1485 der
258 1432 435 1485 Arcas
476 1443 920 1500 consecrauerat,
967 1433 1115 1487 facto
1157 1434 1427 1488 sacrificio
1466 1435 1751 1504 caesisque

122 1502 300 1574 capris
329 1503 611 1574 epularum
647 1504 927 1558 hilaritate
963 1524 1028 1557 ac
1054 1506 1184 1558 uino
1211 1504 1452 1574 largiore
1480 1506 1748 1577 prouecti,

123 1574 303 1627 diuisa
328 1575 595 1645 pastorali
631 1576 818 1643 turba,
856 1576 1020 1628 cincti
1060 1576 1252 1630 obuios
1290 1575 1529 1646 pellibus
1557 1577 1747 1628 immo-
1773 1593 1815 1624 20

122 1643 357 1698 latarum
391 1645 695 1699 hostiarum
738 1647 982 1700 iocantes
1026 1648 1357 1717 petiuerunt.
1425 1649 1576 1700 cuius
1614 1647 1748 1699 hila-

122 1716 302 1768 ritatis
344 1710 609 1769 mer‘noria
653 1736 832 1770 annuo
882 1717 1115 1770 circuitu
1159 1718 1422 1770 feriarum
1460 1720 1744 1788 repetitur.

123 1785 399 1838 trabeatos
426 1806 556 1839 uero
594 1807 621 1840 e
661 1789 803 1840 uites
838 1788 1023 1840 idibus
1052 1788 1207 1840 Iuliis
1238 1789 1304 1854 Q.
1335 1789 1544 1841 Fabius
1574 1797 1747 1841 trans-

121 1855 247 1908 uehi
281 1857 535 1910 instituit.
598 1858 617 1908 i
660 1877 743 1910 em
779 1876 972 1911 censor
1009 1876 1131 1910 cum
1157 1858 1219 1910 P.
1246 1859 1420 1911 Decio
1459 1859 1747 1912 seditionis

121 1927 392 1980 finiendae
418 1929 616 1997 gratia,
646 1946 810 1999 quam
838 1929 1062 1982 comitia
1087 1930 1144 1980 in
1166 1928 1460 1982 humillimi
1482 1930 1745 2001 cuiusque
1771 1945 1811 1978 25

119 2056 394 2108 abstinentia
419 2063 646 2108 artissime
673 2062 1127 2122 constringebantur.
1160 2089 1221 2095 —
1262 2063 1507 2110 Multorum
1535 2078 1611 2110 aes
1639 2063 1745 2108 alie·
1770 2072 1859 2106 Par.

118 2145 239 2183 nuni,
269 2132 374 2192 quia
394 2134 653 2193 prouincias
676 2135 850 2180 sincere
878 2134 1325 2185 administrauerant,
1354 2151 1377 2181 a
1406 2142 1565 2181 senatu
1589 2149 1747 2196 perso-

119 2201 264 2248 lutum
291 2209 378 2248 est.
421 2205 462 2249 9.
492 2203 731 2264 Equestris
759 2204 931 2250 ordinis
959 2206 1173 2251 iuuentus
1200 2206 1270 2251 bis
1297 2205 1456 2251 urbem
1485 2206 1745 2267 spectaculo

120 2274 188 2318 sui
226 2272 538 2325 celebrabant,
576 2275 653 2341 die·
674 2275 992 2336 Lupercalium
1033 2283 1078 2320 et
1112 2278 1317 2337 equitum
1345 2277 1633 2338 probatione.
1679 2303 1742 2310 -

117 2342 282 2390 Fabius
318 2358 480 2391 censor
526 2359 626 2391 cuin
663 2345 796 2393 Decio
845 2346 1083 2392 seditionis
1120 2346 1343 2393 finiendae
1381 2348 1553 2408 gratia,
1610 2362 1742 2408 quam
1767 2357 1809 2390 30

118 2415 298 2459 comitia
325 2416 630 2462 accendebant
655 2419 700 2462 in
730 2417 970 2463 humillimi
998 2419 1218 2479 cuiusque
1245 2425 1519 2480 potestatem
1549 2419 1743 2468 redacta,

234 2538 257 2577 7
288 2537 477 2589 publica
500 2540 780 2580 auctoritate
803 2533 858 2579 B‘
922 2543 972 2581 12
997 2540 1288 2595 celebrabat]
1315 2542 1388 2582 die
1411 2542 1743 2594 Lupercalium

120 2594 166 2632 et
201 2594 408 2644 equitum
439 2595 712 2646 probatione
745 2598 846 2638 add.
879 2599 921 2636 in
942 2611 1020 2649 my.
1047 2598 1088 2636 B
1113 2611 1170 2638 eac
1192 2599 1237 2637 P
1291 2599 1342 2638 17
1371 2598 1561 2638 hortatu
1585 2619 1640 2625 ——
1670 2599 1742 2638 sui

114 2651 212 2689 incl.
238 2649 362 2691 Tor-r.
426 2651 478 2691 18
500 2651 642 2691 Arcas
667 2652 705 2691 I.
725 2653 799 2692 Fr.
821 2653 1081 2693 Grorzouius:
1114 2654 1237 2706 argis
1260 2654 1302 2693 B
1362 2656 1415 2694 20
1438 2655 1600 2694 obuios
1624 2654 1742 2695 GVm

117 2703 215 2755 (sed
235 2706 268 2746 C
287 2706 478 2759 0*ui*s):
513 2709 666 2748 ouinis
690 2709 730 2747 B
752 2710 794 2748 in
814 2717 906 2749 ras:
927 2723 978 2748 m.
1006 2712 1047 2757 3,
1077 2715 1177 2761 post
1198 2710 1410 2751 iocantes
1433 2712 1530 2751 edd.
1552 2713 1739 2763 priores,

113 2763 194 2802 sed
215 2763 480 2814 probabilius
508 2768 617 2806 coni.
649 2765 774 2805 Tor-r.
808 2765 970 2806 obuios
995 2767 1161 2815 cincti3
1194 2767 1251 2818 cf.
1277 2767 1434 2820 Nepot.
1497 2769 1548 2808 21
1581 2768 1739 2807 iocan—

115 2820 186 2858 tes
217 2820 475 2871 gestierunt
504 2821 546 2861 B
577 2825 618 2861 z'rz
649 2835 738 2865 ras.
771 2824 797 2862 3
829 2836 880 2865 m.
951 2823 1004 2862 23
1037 2821 1122 2874 iulj
1154 2821 1268 2875 (sic)
1300 2824 1342 2863 B
1371 2821 1389 2877 Η
1420 2824 1660 2877 transuegi
1686 2818 1738 2863 B'

35 2918 38 2921 ¹
116 2874 170 2914 25
192 2886 328 2927 quam
351 2878 410 2916 P:
443 2878 551 2930 quia
573 2878 615 2917 B

230 2933 284 2973 26
305 2934 422 2973 immo
447 2935 851 2989 constringebatur
912 2936 965 2975 29
988 2948 1041 2975 (ιη
1066 2935 1367 2978 celebrabat?

1405 3005 1480 3057 ὃ*
