1878 3132
634 147 751 193 eAP.
780 147 893 198 vlu,
933 146 962 205 g
989 139 1158 192 8-12.
1643 113 1714 195 51

91 255 234 308 sacri
270 273 465 325 specus
493 262 709 324 partem
735 253 1068 306 descendere
1095 254 1302 324 coegit,
1340 254 1488 307 unde
1514 262 1576 307 ut
1602 273 1712 307 cer-

89 335 180 379 tae
216 325 622 378 consulentibus
659 332 834 377 sortes
872 332 1155 395 petuntur,
1194 326 1273 378 ita
1307 326 1507 377 nimius
1537 325 1714 378 diuini

91 396 316 467 spiritus
353 395 581 448 haustus
619 394 978 448 reddentibus
1015 395 1245 465 pestifer
1280 396 1485 449 existit.
1542 397 1714 466 igitur

90 466 313 538 inpulsu
347 465 494 536 capti
518 465 755 518 numinis
793 466 1058 518 instincta
1083 466 1240 535 uirgo
1268 466 1541 520 horrendo
1579 486 1712 521 sono

88 537 239 595 uocis
274 537 458 607 Appio
491 536 635 588 inter
670 536 930 589 obscuras
965 536 1264 590 uerborum
1298 537 1559 606 ambages
1595 539 1714 590 fata
1737 553 1758 586 5

91 607 304 660 cecinit.
358 605 549 658 ‘nihil'
578 607 722 659 enim
748 607 803 658 in
845 607 927 661 uit
946 607 1053 674 5ssss
1080 615 1134 661 te
1159 607 1555 684 thAEomane
1601 608 1714 662 bel—

70 677 528 752 QEuboeae
556 695 650 730 coe
675 697 707 729 a
734 678 1045 748 optinebis’.
1111 686 1168 730 at
1203 679 1250 730 1s
1278 669 1711 732 raffissconsssns

91 768 149 802 se
176 747 448 819 Apollinis
487 748 698 801 moneri
732 768 800 800 ne
837 749 919 800 illi
947 748 1251 800 discrimini
1286 751 1604 817 interesset,
1657 751 1715 802 in

91 839 212 872 eam
237 820 519 888 regionem
547 820 800 886 secessit,
829 838 969 890 quae
995 819 1140 871 inter
1162 820 1531 887 Rhamnunta,
1559 821 1711 874 nobi-

89 890 197 943 lem
240 890 418 942 Attici
463 889 564 941 soli
612 899 854 960 partem,
909 890 1339 961 Carystumque,
1394 890 1709 945 Chalcidico
1735 909 1777 940 10

90 960 232 1013 freto
276 961 541 1027 uicinam,
592 961 920 1013 interiacens
968 960 1167 1014 Coelae
1210 962 1472 1015 Euboeae
1515 981 1712 1015 nomen
1774 980 1778 983 ’

92 1032 328 1102 optinet,
364 1031 460 1084 ubi
497 1039 624 1084 ante
650 1030 1030 1083 Pharsalicum
1058 1040 1335 1084 certamen
1359 1034 1550 1086 morbo
1588 1051 1711 1086 con-

92 1110 342 1172 sumptus
367 1102 712 1171 praedictum
738 1121 770 1153 a
797 1102 899 1155 deo
927 1101 1109 1155 locum
1135 1102 1421 1173 sepultura
1445 1104 1711 1174 possedit.

200 1173 283 1232 11.
337 1172 476 1225 Sunt
513 1180 565 1224 et
600 1172 697 1224 illa
729 1172 1120 1225 miraculorum
1154 1173 1303 1240 loco,
1346 1175 1491 1244 quod
1519 1175 1710 1227 deusto

26 1303 28 1305 ¹
91 1243 329 1297 sacrario
359 1242 631 1296 Saliorum
664 1242 802 1295 nihil
835 1244 892 1295 in
929 1262 990 1296 eo
1018 1252 1236 1314 praeter
1255 1243 1467 1296 ..lituum
1492 1244 1713 1298 Romuli
1736 1260 1777 1292 15

90 1314 361 1383 integrum
386 1321 664 1384 repertum
692 1323 799 1367 est:
841 1313 987 1385 quod
1015 1315 1174 1367 Serui
1195 1314 1340 1366 Tulli
1368 1323 1570 1383 statua,
1599 1333 1712 1369 eum

91 1389 232 1436 aedis
266 1390 533 1438 Fortunae
578 1392 970 1450 eonslaqrasset,
1022 1391 1271 1437 inuiolata
1316 1392 1528 1438 mansit:
1577 1392 1716 1451 quod

93 1457 307 1516 Quintae
343 1460 588 1508 Claudiae
634 1465 804 1509 statua
854 1457 911 1507 in
960 1455 1235 1509 uestibulo
1282 1456 1474 1527 templi
1513 1457 1711 1509 Matris

91 1525 251 1579 deum
275 1520 482 1597 posita,
511 1526 596 1579 bis
626 1545 689 1579 ea
716 1525 851 1578 aede
879 1527 1132 1580 incendio
1163 1536 1518 1597 consumpta,
1557 1529 1710 1598 prius

89 1595 152 1648 P.
189 1596 396 1650 Nasica
423 1598 678 1668 Scipione
720 1597 813 1668 [et]
840 1597 904 1649 L.
936 1597 1149 1664 Bestia,
1201 1598 1334 1650 item
1368 1598 1445 1650 M.
1475 1598 1709 1651 Seruilio
1735 1613 1779 1645 20

25 1696 28 1699 ·
89 1666 154 1718 L.
191 1668 388 1719 Lamia
434 1668 774 1735 consulibus,
827 1668 886 1719 in
926 1687 1026 1735 sua
1062 1669 1187 1731 basi
1224 1668 1461 1720 flammis
1506 1670 1715 1722 intacta

92 1744 285 1859 stetit}-
343 1807 574 1879 Aliquid
613 1808 995 1861 admirationis
1034 1809 1250 1861 ciuitati
1285 1818 1507 1862 nostrae
1545 1809 1714 1862 Acilii

94 1954 286 2000 regnum
311 1939 521 1985 Euboeae
549 1941 634 1986 sihi
660 1942 1002 2001 proposuisset,
1031 1942 1266 2001 profectus
1294 1942 1372 1987 illo
1400 1949 1548 1987 morte
1576 1957 1710 1988 occu·
1732 1948 1827 1982 Par.

23 2049 25 2051 .
89 2010 202 2072 buit.
263 2012 332 2055 11.
372 2011 468 2055 DE
502 2010 851 2057 MIRANDIS.
901 2013 1070 2057 Deusto
1109 2012 1307 2058 sacrario
1337 2012 1562 2058 Saliorum
1600 2013 1712 2058 nihil
1735 2019 1779 2054 25

7 2083 11 2087 ’
89 2074 146 2126 in*
172 2095 224 2126 eo
261 2087 443 2141 praeter
486 2081 650 2127 lituum
689 2089 1030 2142 1²epertu111Nest
1075 2083 1316 2129 incolume.
1393 2083 1539 2129 Seruii
1576 2084 1713 2129 Tullii

70 2157 266 2202 statua,
304 2166 406 2197 cum
442 2152 575 2198 aedes
610 2153 837 2198 Fortunae
873 2153 1226 2212 conflagrasset,
1273 2154 1493 2200 inuiolata
1528 2156 1709 2200 mansit.

12 2279 14 2282 v
90 2221 280 2277 Quintae
306 2221 515 2268 Claudiae
555 2229 706 2269 statua
740 2225 784 2268 in
814 2218 1042 2269 uestibulo
1082 2224 1240 2285 templi
1277 2225 1410 2270 deum
1437 2226 1591 2271 Matris
1629 2240 1711 2286 po-

92 2293 202 2349 sita,
253 2292 322 2337 his
375 2305 425 2338 ea
477 2293 585 2338 aede
635 2294 843 2339 incendio
888 2302 1184 2355 consumpta,
1238 2298 1283 2341 in
1328 2295 1519 2342 flammis
1567 2298 1710 2342 stetit.

7 2369 15 2373 ”
91 2364 158 2407 12.
194 2362 363 2408 Acilius
396 2364 557 2409 Auiola
592 2371 803 2410 mortuus
840 2365 1062 2416 creditus,
1113 2373 1360 2427 postquam
1396 2381 1510 2426 rogo
1550 2382 1710 2427 super·
1735 2374 1776 2406 30

203 2501 228 2539 3
259 2500 522 2550 petentibus
552 2501 593 2539 B
622 2503 666 2541 in
693 2515 808 2547 ras.;
842 2504 965 2554 prius
1003 2502 1303 2544 reddentibus
1338 2506 1542 2556 scriptum
1574 2504 1711 2555 fuisse
1749 2499 1761 2503 ’

91 2555 216 2595 docet
243 2557 488 2595 coniectura
515 2559 558 2595 in
579 2570 656 2608 my.
678 2572 802 2598 manu
831 2561 1005 2611 antiqua
1025 2562 1248 2612 adscripta
1270 2560 1474 2599 redditus
1504 2556 1522 2613 Η
1552 2560 1712 2599 existit

91 2610 134 2649 B
171 2614 214 2651 in
241 2624 355 2662 ras„
399 2613 555 2651 extitit
593 2614 716 2659 dett„
759 2615 853 2653 exit
881 2615 924 2654 B
953 2629 1031 2666 my.
1100 2618 1127 2655 4
1165 2617 1380 2668 concepti
1418 2618 1511 2655 eod.
1557 2616 1708 2656 Cauelz.

23 2671 26 2674 '
91 2667 117 2707 5
137 2667 268 2707 facta
290 2667 332 2706 B
354 2673 451 2708 ante
472 2682 667 2708 rasuram
726 2672 750 2710 6
774 2671 893 2709 enim
916 2673 1045 2711 dett..·
1077 2685 1154 2712 om.
1174 2672 1216 2711 B
1237 2674 1280 2711 in
1301 2674 1428 2711 litura
1490 2674 1513 2712 7
1537 2673 1713 2713 coelam

90 2722 133 2762 B
191 2725 216 2764 9
246 2724 524 2765 rhamuntha
553 2725 756 2765 nobilem
788 2727 901 2766 atici
931 2728 970 2766 B
1041 2729 1093 2767 10
1126 2728 1352 2768 caleidico
1383 2728 1561 2779 (caleh.
1586 2727 1634 2781 b)
1667 2729 1710 2768 B

3 2776 21 2829 j
93 2780 146 2819 14
174 2779 287 2820 Sunt
315 2781 502 2821 Vahlen:
534 2785 727 2835 possunt
746 2782 789 2821 B
851 2785 902 2823 16
927 2795 1027 2822 cum
1052 2784 1179 2823 aedis
1203 2807 1254 2811 —
1277 2788 1436 2831 statua
1457 2786 1500 2825 z‘n
1521 2799 1600 2838 my.
1623 2785 1665 2825 B
1688 2799 1710 2826 e

35 2852 37 2855 ’
91 2834 133 2873 Ρ
157 2839 355 2888 suppleta
383 2844 502 2885 sunt,·
537 2841 666 2891 plura
693 2844 831 2879 tamen
860 2840 1129 2880 intercidisse
1152 2841 1386 2893 Nepotiani
1405 2843 1590 2894 epitoma
1607 2855 1710 2894 pro-

12 2902 26 2914 e·-

10 2928 53 2962 *ἓξ

31 2883 44 2890 ι,

10 2959 60 2998 st.

8 3062 35 3073 ν,-

6 3070 30 3085 ··.

7 3091 46 3132 ”Q

91 2889 225 2932 babile
250 2893 360 2943 facit
420 2896 472 2935 19
503 2899 775 2947 consumpta
809 2909 871 2947 ·p·
904 2897 1067 2944 nasica
1102 2898 1308 2950 scipione
1343 2902 1388 2939 et
1417 2899 1447 2938 l.
1481 2897 1581 2950 (sie)
1604 2898 1646 2937 B
1668 2898 1732 2937 in'

83 2947 218 2988 *litura
237 2951 396 2990 maiore
456 2952 510 2991 20
534 2955 579 2991 et
600 2953 751 2992 inclusi
769 2949 788 3005 [l
808 2966 862 2992 an
884 2953 1079 2995 iterum?
1100 2950 1120 3008 [Ι
1140 2967 1195 2995 m.
1219 2967 1387 2995 ser****
1407 2955 1532 2995 lucio
1553 2954 1596 2994 B

1379 3022 1453 3073 4²5<
