1936 3120
820 0 835 10 φ
872 0 965 23 vv-v·-.
1017 0 1043 9 -ι

669 122 788 167 CAP.
815 121 900 172 vn,
928 122 1022 167 Exi.
1046 122 1076 180 g
1104 125 1271 166 7-13,
1669 119 1779 171 399

150 228 322 299 ‘spatii
368 228 665 300 Chrysippi
715 230 986 282 uiuacitas
1037 228 1215 282 flexit:
1271 249 1398 282 nam
1439 232 1775 300 octogesimo

156 318 298 352 anno
326 309 578 370 coeptum
603 299 1232 371 undequadragesimum
1255 304 1515 368 Λογικῶν
1541 303 1773 354 exactis-

155 371 324 422 simae
351 370 672 424 subtilitatis
699 369 956 423 uolumen
984 370 1219 440 reliquit.
1271 373 1422 424 cuius
1452 373 1690 424 studium
1714 374 1774 424 in

154 441 436 494 tradendis
471 442 678 510 ingenii
716 443 801 493 sui
835 441 1202 494 monumentis
1230 451 1442 494 tantum
1471 462 1671 513 operae
1697 443 1772 495 la-

152 511 414 582 borisque
440 512 724 575 sustinuit,
753 520 813 563 ut
839 512 909 563 ad
937 531 1001 563 ea
1027 530 1164 582 quae
1193 514 1411 584 scripsit
1438 514 1655 583 penitus
1684 534 1770 568 co·
1795 527 1822 561 5

152 582 469 651 gnoscenda
494 581 656 652 longa
680 583 799 635 uita
825 584 895 634 sit
922 602 1077 652 opus.

264 655 345 705 11.
387 654 468 706 Te
494 672 734 724 quoque,
765 653 1054 719 Cleanthe,
1083 661 1194 704 tam
1221 654 1492 708 laboriose
1519 656 1769 707 haurien-

150 732 261 776 tem
288 732 342 776 et
368 732 482 776 tam
507 725 862 794 pertinaciter
886 724 1192 775 tradentem
1221 726 1546 794 sapientiam
1573 745 1771 778 numen

150 795 324 866 ipsius
352 795 654 847 industriae
677 795 944 865 suspexit,
972 814 1093 847 cum
1115 797 1523 848 adulescentem
1543 805 1773 867 quaestu

152 865 524 918 extrahendae
561 884 734 935 aquae
769 874 1033 918 nocturno
1071 874 1311 936 tempore
1347 868 1586 938 inopiam
1621 877 1770 920 tuam
1797 883 1843 915 ιο

153 944 567 1002 sustentantem,
597 937 791 989 diurno
816 936 1112 1007 Chrysippi
1135 939 1441 1007 praeceptis
1469 938 1771 1008 percipien-

151 1005 234 1058 dis
262 1015 565 1073 uacantem,
594 1006 932 1078 eundemque
955 1007 1025 1059 ad
1044 1008 1549 1075 undecentesimum
1570 1027 1770 1059 annum

150 1077 378 1130 adtenta
404 1096 535 1129 cura
561 1077 901 1130 erudientem
929 1078 1207 1130 auditores
1241 1086 1362 1131 tuos
1390 1079 1622 1132 uideret.
1675 1078 1770 1130 dur

149 1147 278 1218 plici
307 1149 448 1200 enim
475 1147 662 1202 labore
688 1150 850 1200 unius
881 1148 1083 1200 saeculi
1106 1150 1341 1219 spatium
1364 1150 1665 1219 occupasti,
1691 1150 1769 1201 in-

149 1228 358 1272 certum
393 1218 672 1272 reddendo
721 1218 1093 1289 discipulusne
1138 1239 1208 1270 an
1253 1229 1575 1291 praeceptor
1621 1239 1767 1272 esses
1792 1233 1839 1266 15

148 1288 498 1342 laudabilior.

259 1360 342 1412 12.
383 1359 679 1430 Sophocles
718 1379 933 1431 quoque
967 1361 1264 1429 gloriosum
1301 1380 1424 1412 cum
1459 1380 1642 1413 rerum
1676 1379 1768 1412 na-

146 1439 272 1483 tura
296 1438 573 1483 certamen
599 1431 810 1496 habuit,
839 1440 952 1483 tam
979 1432 1214 1500 benigne
1241 1432 1470 1484 mirifica
1490 1431 1584 1483 illa
1606 1450 1634 1483 o
1679 1450 1771 1483 era

148 1520 248 1553 sua
273 1501 583 1554 exhibendo
611 1520 776 1572 quam
802 1501 897 1553 illa
922 1502 1182 1572 operibus
1218 1503 1333 1553 eius
1362 1512 1611 1573 tempora
1636 1451 1769 1554 iibe-

147 1571 336 1624 raliter
362 1572 850 1625 subministrando.
921 1591 1091 1642 prope
1120 1573 1264 1623 enim
1292 1574 1648 1625 centesimum
1676 1591 1767 1624 an·
1793 1587 1838 1619 20

147 1661 279 1694 num
315 1642 526 1710 attigit,
568 1643 669 1694 sub
704 1643 883 1712 ipsum
923 1644 1216 1694 transitum
1254 1644 1322 1694 ad
1349 1653 1577 1696 mortem
1606 1643 1767 1696 Oedi-

146 1713 288 1783 pode
327 1709 418 1764 ἐπὶ
445 1715 695 1782 Κολωνῷ
730 1714 964 1782 scripto,
1005 1731 1112 1782 qua
1148 1712 1264 1765 sola
1299 1713 1491 1764 fabula
1526 1714 1766 1764 omnium

100 1842 114 1847 χ
148 1783 392 1836 eiusdem
431 1783 581 1834 studi
624 1791 908 1853 poetarum
952 1783 1264 1852 praeripere
1300 1782 1531 1851 gloriam
1568 1784 1765 1852 potuit.
1805 1847 1813 1855 .

2 2382 36 2696 Μ-η,ε;κσω’··”··*””’
7 2364 13 2371 “
27 2339 29 2342 -
20 2272 23 2273 ¹

147 1855 200 1906 id
243 1873 311 1906 ue
347 1854 594 1923 ignotum
630 1872 750 1906 esse
786 1855 1018 1923 posteris
1056 1852 1200 1904 filius
1240 1852 1520 1922 Sophoclis
1552 1853 1766 1922 Iophon

148 1874 337 1987 noluit,
370 1924 617 1994 sepulcro
645 1926 816 1994 patris
844 1942 983 1993 quae
1010 1922 1194 1976 rettuli
1223 1922 1597 1993 insculpendo.
1787 1937 1833 1969 25

257 1996 339 2047 13.
380 1994 687 2048 Simonides
716 2012 848 2049 uero
875 2004 1037 2065 poeta
1064 1994 1396 2062 octogesimo
1426 2012 1564 2045 anno
1593 2002 1646 2045 et
1674 1992 1763 2043 do-

147 2067 326 2118 cuisse
355 2084 411 2118 se
439 2066 682 2117 carmina
710 2074 763 2118 et
788 2066 844 2115 in
881 2084 1065 2117 eorum
1103 2075 1378 2116 certamen
1416 2064 1765 2116 descendisse

145 2137 265 2207 ipse
291 2135 572 2206 gloriatur.
648 2155 748 2187 nec
783 2137 890 2187 fuit
925 2136 1125 2187 inicum
1151 2134 1303 2186 illum
1329 2134 1667 2205 uoluptatem
1695 2152 1765 2185 ex

148 2277 635 2357 (l'e’d'tiiildstlgbhsimnm
662 2297 860 2355 logicon.
925 2300 990 2341 12.
1021 2296 1271 2356 Sophocles
1300 2298 1595 2341 centesimum
1625 2309 1763 2355 agens
1788 2301 1898 2355 Pau*

148 2358 573 2426 afii'fflfflssfflipfflzi
601 2367 794 2411 fabulam
825 2368 1007 2426 scripsit
1035 2366 1358 2412 admirabilem.
1413 2370 1478 2410 13.
1510 2365 1763 2410 Simonides
1787 2375 1828 2406 30

147 2417 636 2527 fille-:tilllfdl'ogh'r‘isiino
675 2451 722 2482 sc
759 2451 876 2481 anno
917 2445 961 2481 et
1000 2438 1209 2481 docuisse
1237 2437 1431 2482 carmina
1462 2444 1506 2480 et
1533 2437 1577 2479 in
1606 2449 1760 2480 eorum

172 2496 217 2527 ,ii
244 2501 325 2527 ιιι-»ι
349 2501 515 2538 ‘rmum'
936 2515 939 2518 ·

170 2570 231 2597 ’Ψ
263 2560 648 2640 sicltssl‘suclidysippi
671 2588 714 2626 B
773 2589 798 2627 2
822 2588 1053 2639 inceptum
1083 2588 1118 2625 Ρ
1154 2584 1172 2640 Η
1214 2585 1515 2627 ΛΟΓΙΚΟΝ
1534 2586 1574 2625 Β
1635 2588 1659 2626 5
1684 2585 1761 2624 ad-

146 2658 326 2698 aequae
347 2638 402 2684 B'
462 2647 486 2686 9
510 2641 701 2696 quaestfi
725 2644 765 2683 Β
835 2646 887 2684 10
910 2644 1193 2693 extrahenda
1218 2657 1272 2682 ea
1297 2655 1413 2693 quae
1438 2643 1491 2691 B,
1518 2642 1762 2682 extrahen-

146 2707 237 2741 tem
262 2715 407 2754 caque
430 2702 454 2741 b
507 2704 559 2742 13
583 2707 683 2740 tuos
707 2703 810 2740 dett.
834 2707 876 2740 et
896 2714 957 2739 m:
989 2713 1093 2740 suos
1117 2700 1287 2746 BCEF,
1313 2700 1424 2738 haud
1443 2705 1530 2739 scio
1554 2713 1607 2738 an
1630 2705 1760 2744 recte,

147 2759 474 2806 sssuststsuam
495 2758 663 2798 scribas
751 2759 802 2798 18
827 2756 895 2795 illi
919 2769 1059 2809 opera
1090 2758 1300 2801 Vorstius,
1324 2756 1403 2795 ille
1428 2769 1468 2795 o.
1494 2757 1629 2796 Aldus
1708 2757 1763 2794 20

147 2809 554 2854 sumministiando
580 2814 619 2853 B
699 2816 751 2854 22
774 2811 1102 2854 ΚΟΛΟΝΟΝ
1120 2812 1161 2851 Β
1241 2815 1294 2852 23
1318 2813 1550 2864 proripere
1574 2805 1628 2851 B'
1708 2812 1761 2850 24
1836 2863 1840 2866 ι

144 2870 322 2922 Ιοφᾶιςῑῃ
341 2872 540 2924 Pighius:
573 2871 760 2923 sophom
784 2870 823 2909 B
844 2884 956 2912 corr.
980 2884 1002 2910 e
1024 2871 1212 2922 sophum
1294 2871 1346 2909 25
1370 2868 1611 2920 sepulchro
1635 2863 1690 2906 B'
1736 2866 1755 2918 ἷὶ

147 2927 284 2966 retuli
307 2924 480 2973 B⁴-x2,a
496 2929 666 2968 inicum
690 2927 732 2967 B
752 2929 793 2967 in
815 2940 903 2966 ras.
927 2929 1084 2967 maiore
1108 2930 1183 2974 (ex
1205 2926 1436 2965 inimicum
1447 2927 1484 2976 ‘?)
1679 2947 1698 2963 0
