1936 3120
27 67 30 68 f
368 68 372 75 Ἢ

251 171 355 226 502
773 177 1063 225 ΝΕΡΟΤΙΑΝΙ
1088 152 1326 224 ΕΡΙΤΟΜΑ
1379 209 1386 219 ,.

0 303 27 364 f
83 257 253 347 §.1131ss
361 293 427 334 33.
466 289 562 334 Non
598 296 668 335 est
702 291 984 352 incognitum
1031 297 1180 336 tantae
1227 292 1548 352 magnitudinis
1591 299 1845 353 serpentem

0 366 13 396 a

253 361 467 405 exercitui
494 359 617 405 Atilii
645 361 804 422 Reguli
829 363 949 407 iuxta
965 361 1208 421 Bagradam
1233 362 1408 407 Africae
1434 376 1605 408 amnem
1633 363 1843 409 infestum

255 431 415 480 fuisse,
453 437 502 474 ut
538 445 689 490 pugna
726 439 881 477 contra
919 446 1019 477 eum
1059 439 1180 477 esset
1206 433 1250 477 in
1277 433 1419 478 unda:
1460 446 1652 492 cumque
1680 432 1845 494 configi

254 500 410 545 iaculis
448 514 531 560 pro
554 502 682 546 'corii
719 502 932 548 uastitate
967 516 1058 548 non
1085 508 1264 562 posset,
1304 502 1495 548 ballistis
1530 510 1573 548 et
1600 504 1715 548 saxis
1744 511 1843 549 ess'e

252 572 595 631 interemptum,
633 573 820 632 eiusque
860 579 1035 632 tergum
1071 579 1250 618 centum
1287 580 1331 618 et
1366 574 1531 634 uiginti
1556 573 1744 634 pedibus
1771 588 1844 620 ex·
1868 588 1887 620 5

255 647 426 686 tentum
456 643 499 685 in
527 645 878 688 ostentationem
907 643 1111 688 miraculi
1137 643 1318 688 Romam
1346 645 1546 688 missum.

82 731 142 752 om.
167 724 229 752 vai.
357 714 423 757 34.
463 712 575 757 Bura
603 720 647 758 et
672 713 822 758 Helice
849 713 983 758 urbes
1010 714 1054 757 in
1082 714 1263 758 achaico
1304 713 1438 758 litore
1474 713 1683 759 fluctibus
1711 714 1846 759 obru-

250 789 322 827 tae
357 789 463 827 sunt
499 790 734 844 terraeque
772 791 898 829 motu
935 798 1035 829 esse
1081 784 1376 834 destiterunt,
1423 785 1528 828 item
1566 790 1611 829 et
1647 783 1845 843 Smyrna,

249 853 380 898 Asiae
407 854 565 898 ciuitas
592 862 769 914 potens.

80 1013 247 1043 vanu.
573 989 646 1047 X.
688 989 782 1041 De
816 990 1160 1042 institutis
1200 988 1522 1060 antiquis.
1867 1008 1908 1040 ιο

146 1109 182 1155 1,
208 1108 228 1147 1
358 1096 395 1138 1.
435 1094 593 1138 Inituri
629 1095 961 1139 matrimonium
998 1099 1203 1143 ueteres,
1239 1094 1355 1139 sicut
1394 1093 1439 1138 in
1475 1093 1611 1139 rebus
1657 1093 1844 1143 cunctis,

249 1165 448 1225 auspicia
476 1164 772 1223 colligebant:
815 1179 899 1224 qua
923 1163 1250 1209 consuetudine
1278 1163 1432 1209 taedae
1459 1165 1663 1225 auspices
1690 1164 1845 1209 dicun·

250 1241 338 1285 tur,
367 1249 482 1295 quae
509 1237 679 1295 nuptiis
707 1235 991 1280 adhibentur.

139 1313 225 1372 122
353 1309 395 1349 2.
437 1305 550 1350 Olim
588 1305 902 1351 accumbentes
938 1306 1023 1349 uiri
1067 1304 1214 1349 cibum
1252 1304 1511 1364 capiebant,
1548 1304 1763 1349 uxoribus
1790 1303 1842 1348 ad

181 1379 191 1433 l
249 1386 446 1421 mensam
473 1376 749 1421 sedentibus.
802 1377 904 1420 hinc
930 1375 1005 1419 illa
1031 1376 1221 1434 pictura,
1249 1373 1533 1419 discumbens
1561 1375 1742 1434 Iupiter,
1771 1387 1839 1418 se·
1864 1388 1904 1419 15

214 1449 215 1452 ’
248 1447 405 1492 dentes
432 1447 540 1491 Iuno
569 1453 613 1491 et
638 1447 850 1491 Minerua.

81 1527 118 1578 1,
142 1527 183 1568 3.
202 1527 228 1566 4
354 1519 392 1561 3.
434 1508 679 1562 Pudicitiae
706 1518 750 1560 in
777 1523 951 1561 tantum
980 1514 1151 1559 sautum
1177 1515 1340 1560 Romae
1367 1521 1451 1564 est,
1481 1520 1530 1559 ut
1555 1512 1717 1559 mulier
1741 1520 1847 1574 post

249 1588 443 1648 primum
478 1588 687 1632 maritum
723 1587 857 1631 uidua
896 1599 1163 1645 permanens
1188 1584 1378 1644 ,publice
1406 1590 1716 1629 coronaretur.
1768 1583 1847 1628 sed

247 1657 365 1703 hello
390 1657 512 1703 ciuili
540 1657 741 1702 Caesaris
768 1663 903 1716 atque
929 1657 1113 1715 Pompei
1142 1657 1185 1699 in
1214 1661 1386 1699 tantum
1415 1661 1484 1700 est
1509 1653 1706 1715 populus
1733 1667 1843 1699 rom.

248 1730 456 1782 attritus,
494 1735 544 1773 ut
579 1742 724 1788 poena
762 1727 883 1772 orbis
909 1733 953 1771 et
979 1726 1223 1771 caelibibus
1261 1726 1518 1770 dictaretur.
1572 1731 1659 1770 tam
1687 1730 1842 1770 sancta
1864 1738 1905 1770 20

247 1798 356 1844 fides
392 1800 781 1844 matrimoniorum
817 1797 920 1846 fuit,
960 1804 1008 1841 ut
1036 1810 1116 1856 per
1150 1810 1290 1841 annos
1317 1795 1353 1852 †
1378 1795 1483 1840 MCL
1512 1794 1564 1840 ab
1600 1793 1711 1840 urbe
1738 1807 1844 1839 con·

247 1869 336 1914 dita
364 1869 475 1914 nulli
501 1870 663 1915 Romae
691 1868 979 1914 diuorterint.
1041 1867 1211 1927 primus
1238 1867 1379 1926 igitur
1406 1866 1596 1926 Spurius
1622 1864 1841 1910 Caruilius

251 1940 450 1985 sterilem
478 1940 734 2000 repudiauit
760 1945 1035 1997 notatusque
1063 1944 1143 1982 est.

105 2047 108 2049 ,
146 2020 182 2068 1,
206 2021 230 2060 5
357 2015 396 2055 4.
436 2010 638 2055 Matrona
665 2012 700 2054 si
731 2010 773 2053 in
801 2011 869 2054 ius
899 2016 1057 2053 uocata
1085 2014 1179 2058 est,
1208 2021 1290 2067 pro
1318 2006 1561 2066 pudicitiae
1587 2005 1841 2051 reuerentia

248 2081 301 2126 ab
328 2083 586 2141 apparitore
613 2079 795 2140 publico
826 2086 941 2124 tacta
966 2092 1057 2122 non
1085 2084 1165 2122 est.
1865 2088 1906 2119 25

137 2161 226 2208 l,5
352 2156 393 2195 5.
433 2151 646 2196 Matronis
686 2151 848 2194 Romae
885 2148 1142 2207 aliquandiu
1178 2148 1283 2191 uino
1320 2147 1386 2190 uti
1415 2159 1506 2190 non
1542 2145 1667 2190 licuit
1694 2145 1738 2189 in
1767 2158 1841 2189 cu-

251 2221 440 2267 stodiam
468 2222 669 2281 pudoris.

141 2302 180 2353 1,
202 2303 227 2342 5
353 2295 392 2335 6.
433 2291 588 2337 Securi
622 2289 863 2350 pudicitiae
900 2288 1086 2334 Romani
1124 2301 1231 2331 auro
1270 2293 1314 2331 et
1348 2287 1536 2345 gemmis
1573 2292 1618 2330 et
1644 2298 1840 2345 purpura

250 2363 315 2407 uti
342 2369 571 2407 matronas
599 2363 826 2406 sinerunt:
866 2373 1013 2418 neque
1042 2357 1159 2402 culta
1187 2359 1302 2401 enim
1331 2355 1688 2416 concupiscenda
1717 2355 1842 2400 sede-

249 2433 325 2478 bat
351 2439 427 2478 aut
454 2433 692 2492 quisquam
719 2430 912 2476 alienum
939 2429 1270 2474 matrimonium
1298 2427 1520 2487 impudice
1546 2425 1739 2471 uidebat.
1866 2439 1907 2470 30

142 2514 179 2565 1,
203 2513 228 2552 6
355 2508 395 2547 7.
428 2503 555 2548 Nulla
583 2503 655 2547 uel
682 2508 804 2546 certe
832 2514 930 2545 rara
957 2500 1103 2559 iurgia
1129 2500 1246 2543 inter
1272 2499 1488 2556 coniuges
1515 2502 1656 2546 erant,
1683 2509 1842 2541 uerum

251 2575 287 2619 si
316 2574 447 2634 quid,
490 2574 637 2618 ibatur
672 2574 716 2616 in
759 2570 972 2630 templum
1001 2569 1247 2628 Viriplacae
1274 2568 1326 2613 ad
1351 2567 1600 2613 Palatinum
1628 2572 1839 2611 montem.

252 2645 343 2689 illic
368 2644 499 2690 dictis
527 2657 640 2703 quae
667 2644 785 2686 inter
812 2643 935 2701 ipsos
963 2647 1089 2684 erant
1116 2638 1361 2684 concordes
1389 2636 1747 2683 reuertebantur.

138 2726 177 2776 1,
203 2727 226 2766 7
354 2717 395 2758 8.
437 2714 566 2774 Apud
603 2714 777 2773 priscos
814 2726 896 2756 nec
936 2724 1076 2770 gener
1114 2724 1213 2754 cum
1249 2723 1407 2754 socero
1447 2722 1529 2753 nec
1563 2706 1706 2767 puber
1741 2718 1838 2750 cum

366 2867 388 2904 7
413 2862 478 2916 in]
504 2869 554 2904 ut
578 2864 609 2904 C
666 2864 691 2903 8
714 2864 820 2903 item
842 2883 899 2891 --
918 2865 1079 2914 potens
1102 2873 1177 2903 om,
1202 2860 1296 2899 Μαι·
1313 2856 1333 2912 ll
1354 2870 1512 2910 myrna
1535 2858 1569 2898 G
1642 2857 1696 2896 20
1717 2855 1843 2895 dica-

252 2925 376 2961 retur
398 2921 442 2971 C,
467 2921 697 2960 diceretur
713 2920 806 2959 Mai
864 2920 916 2958 21
940 2919 1083 2958 annes
1104 2918 1147 2959 ff
1172 2917 1213 2957 cl
1236 2916 1291 2956 ab
1318 2916 1350 2956 C
1406 2917 1458 2955 22
1481 2911 1698 2954 camillus
1719 2911 1752 2951 C
1791 2913 1846 2952 34

249 2978 446 3033 puberes
470 2977 502 3017 0
