1924 3152
537 127 665 187 'CAR
692 122 815 192 vlni,
840 140 872 200 g
900 143 968 185 15.
1006 139 1162 225 Extss
1192 143 1330 184 1—5.
1642 135 1747 187 321

127 249 406 303 maximus
432 247 790 320 philosophus
819 248 1012 300 euasit.
1065 246 1444 317 peregrinatus
1475 253 1559 300 est
1584 246 1745 300 huius

130 322 344 374 animus
371 319 429 372 in
453 338 522 372 ne
561 319 716 385 uitia,
744 337 852 371 non
877 317 1167 371 habitauit.

237 391 288 445 ⁶2.
329 391 490 460 Piget
580 387 911 442 hemistoclis
960 386 1389 440 adulescentiam
1440 388 1746 457 adtingere,

129 462 251 515 siue
284 469 498 533 patrem
536 460 826 530 aspiciam,
865 459 1229 512 abdicationis
1255 460 1631 528 iniungentem
1656 477 1748 511 no-

122 541 262 600 -tam,
290 533 406 584 siue
433 540 681 598 matrem,
711 530 1008 599 suspendio
1036 530 1193 582 finire
1218 531 1391 582 uitam
1418 538 1646 600 propter·
1668 529 1747 582 fili
1771 543 1792 575 5

129 601 526 674 turpitudinem
553 607 820 667 coactam,
849 619 972 652 cum
997 601 1236 652 omnium
1261 609 1453 671 postea
1465 601 1601 653 Grai
1627 620 1749 653 san-

127 673 308 743 guinis
334 673 583 726 uirorum
609 671 944 725 clarissimus
982 672 1230 724 extiterit
1266 672 1611 742 mediumque
1638 672 1748 724 Eu-

123 762 297 815 ropae
342 752 396 796 et
439 734 607 795 Asiae
659 741 749 814 uel
800 742 918 812 spei
962 742 1051 794 uel
1096 742 1495 812 desperationis
1547 743 1747 812 pignus

128 814 317 867 fuerit.
367 814 500 866 haec
527 813 668 865 enim
695 831 819 865 eum
845 811 1037 865 salutis
1066 831 1197 865 suae
1218 821 1511 883 patronum
1535 812 1747 880 habuit,

129 884 228 937 illa
251 884 451 937 uadem
477 884 743 936 uictoriae
770 883 1096 953 adsumpsit.
1770 900 1811 931 10

238 956 290 1008 3.
331 954 572 1008 Cimonis
617 973 748 1007 uero
794 954 1131 1007 incunabula
1177 954 1432 1024 opinione
1482 953 1749 1007 stultitiae

130 1025 354 1078 fuerunt
378 1026 611 1078 referta:
654 1024 898 1077 eiusdem
924 1025 1330 1078 adulescentiae
1356 1025 1585 1095 imperia
1607 1025 1748 1078 salu—

129 1097 274 1150 taria
300 1096 663 1149 Athenienses
695 1105 998 1149 senserunt.
1073 1097 1257 1167 itaque
1293 1096 1472 1164 coegit
1507 1114 1600 1149 eos
1639 1103 1749 1148 stu-

131 1167 279 1238 poris
306 1175 476 1237 semet
500 1168 649 1238 ipsos
679 1167 964 1233 damnare,
1005 1169 1097 1237 qui
1133 1186 1255 1219 eum
1283 1165 1541 1219 stolidum
1580 1167 1748 1219 credi-

128 1239 343 1292 derant.
1773 1252 1814 1286 15

238 1309 290 1360 4.
330 1308 474 1360 Nam
501 1307 834 1361 Alcibiaden
896 1309 1017 1360 uasi
1052 1308 1194 1360 duae
1231 1309 1486 1360 fortunae
1512 1309 1750 1378 partitae

130 1387 276 1446 sunt,
305 1380 479 1431 altera
499 1398 639 1450 quae
667 1379 717 1431 ei
737 1379 868 1433 nobi
894 1379 1079 1431 itatem
1101 1379 1374 1444 eximiam,
1402 1378 1747 1432 abundantes

130 1449 375 1516 diuitias,
412 1449 644 1503 formam
675 1450 1233 1521 praestantissimam,
1270 1449 1518 1502 fauorem
1544 1450 1750 1502 ciuium

130 1539 491 1591 propensum,
544 1540 755 1573 summa
799 1521 1052 1591 imperia,
1099 1521 1423 1591 praecipuas
1470 1520 1749 1591 potentiae

129 1592 305 1658 uireS,
341 1590 829 1659 flagrantissimum
862 1592 1143 1660 ingenium
1182 1592 1527 1660 adsignaret,
1576 1591 1750 1643 altera
1773 1608 1813 1639 20

132 1679 274 1731 quae
310 1661 739 1727 damnationem,
778 1661 1028 1729 exilium,
1065 1661 1437 1715 uenditionem
1463 1663 1746 1724 bonorum,

135 1731 394 1802 inopiam,
417 1731 603 1784 odium
623 1731 855 1801 patriae,
876 1731 1176 1784 uiolentam
1195 1742 1427 1785 mortem
1446 1732 1745 1800 infligeret:

132 1821 234 1855 nec
272 1811 369 1855 aut
403 1801 538 1854 haec
575 1812 670 1855 aut
705 1802 802 1853 illa
836 1802 1126 1869 uniuersa,
1165 1803 1260 1854 sed
1286 1803 1444 1854 uaria
1469 1801 1747 1872 perplexa,

134 1872 275 1926 freto
304 1880 468 1943 atque
495 1873 673 1925 aestui
701 1871 916 1924 similia.

165 1975 168 1977 Δ
240 1944 292 1996 5.
332 1943 424 1996 Ad
450 1943 716 1995 inuidiam
755 1961 929 2013 usque
955 1942 1293 2013 Polycratis,
1338 1943 1642 1996 Samiorum
1667 1950 1748 2013 ty·
1773 1958 1814 1991 25

133 2014 310 2080 ranni,
339 2010 827 2067 abundantissimis
856 2014 1014 2066 bonis
1043 2014 1368 2084 conspicuus
1397 2015 1543 2066 uitae
1568 2012 1752 2082 fulgor

134 2086 400 2152 excessit,
436 2103 536 2137 nec
572 2085 688 2137 sine
724 2103 914 2136 causa:
961 2102 1146 2137 omnes
1185 2085 1328 2136 enim
1366 2094 1593 2137 conatus
1633 2084 1748 2136 eius

134 2154 351 2225 placido
374 2156 795 2226 excipiebantur
819 2155 1035 2223 itinere,
1059 2174 1182 2226 spes
1205 2164 1414 2208 certum
1435 2156 1652 2225 cupitae
1673 2155 1751 2207 rei

134 2275 354 2319 maximus
382 2274 681 2334 philosophus
709 2275 868 2320 euasit.
943 2279 984 2320 2.
1024 2275 1349 2320 Themistocles
1377 2282 1467 2320 tam
1495 2275 1673 2320 infamis
1701 2273 1745 2318 i'n
1770 2283 1863 2317 Par.

134 2343 330 2403 pueritia
359 2346 478 2389 uitae
504 2344 604 2395 fuit,
634 2351 685 2390 ut
711 2359 735 2390 a
761 2352 891 2404 patre
919 2345 1218 2396 abdicaretur,
1249 2353 1436 2390 matrem
1466 2345 1523 2391 ob
1552 2347 1747 2405 turpitu·
1771 2348 1812 2379 30

133 2413 285 2458 (linem
313 2427 439 2458 suam
466 2415 712 2474 suspendio
738 2415 877 2459 uitam
906 2415 1034 2460 finire
1072 2417 1290 2475 coegerit.
1366 2419 1406 2460 3.
1447 2415 1644 2460 Cimonis
1682 2416 1748 2459 in-

136 2483 357 2542 cunabula
385 2485 612 2543 opinionis
651 2484 816 2529 stultae
845 2485 1044 2529 suerunt.
1118 2489 1158 2528 5.
1199 2485 1466 2544 Polycraten
1495 2485 1748 2531 Samiorum

139 2561 379 2613 tyrannum
407 2554 608 2599 omnium
637 2554 870 2599 hominum
909 2555 1224 2600 felicissimum
1252 2556 1446 2600 Orontes
1474 2555 1589 2599 Darii
1626 2557 1746 2614 regis

253 2665 273 2702 1
299 2667 371 2703 est
392 2676 469 2706 om,
493 2659 546 2702 B'
624 2665 651 2702 4
673 2663 927 2703 inurentem
950 2678 988 2703 u.
1013 2666 1038 2702 l.
1062 2665 1104 2703 in
1126 2663 1167 2703 B
1189 2677 1273 2714 my,
1307 2670 1351 2703 at
1373 2664 1430 2713 ef.
1455 2666 1492 2710 6,
1517 2666 1554 2711 9,
1579 2666 1633 2702 12
1723 2665 1748 2703 9

136 2731 238 2760 cum
260 2733 336 2759 om.
360 2713 415 2759 B'
477 2719 745 2772 Ilopinione
768 2719 824 2772 B,
847 2722 926 2760 secl
947 2733 969 2759 e
991 2722 1033 2759 in
1055 2733 1143 2760 ras.
1206 2722 1256 2759 12
1283 2720 1631 2760 adulescentiae
1654 2733 1748 2761 nos:

135 2776 366 2816 stultitiae
388 2776 442 2821 B,
467 2777 547 2816 del.
577 2777 748 2828 Lipsius
769 2782 810 2815 el
830 2790 948 2830 seqq.
972 2777 1027 2827 ef.
1054 2779 1094 2824 3,
1119 2779 1157 2822 4,
1183 2779 1206 2815 1
1251 2779 1301 2817 13
1325 2777 1449 2829 cogit
1470 2776 1512 2816 B
1574 2778 1625 2817 16
1649 2778 1747 2817 Iam

135 2831 161 2872 b
220 2834 273 2873 23
296 2845 382 2872 nec
405 2833 446 2872 B
468 2846 581 2874 corr.
606 2846 627 2872 e
650 2845 706 2872 ne
746 2828 766 2886 U
804 2832 886 2872 illa
910 2833 1044 2872 simul
1066 2833 1283 2872 uniuersa
1306 2833 1328 2872 b
1369 2830 1387 2887 Η
1434 2834 1593 2872 uariae
1620 2829 1672 2873 B'
1704 2839 1748 2872 ul

136 2889 327 2935 videtum·
367 2895 646 2983 exspecfiatu7¹
667 2894 740 2928 ant
759 2891 892 2929 uaria
918 2893 964 2929 et
984 2895 1057 2929 ant
1077 2889 1206 2929 uarie
1267 2891 1322 2930 24
1343 2890 1518 2929 aestuis
1542 2884 1594 2929 B‘

250 2947 301 2985 31
327 2947 482 2997 coegit

222 3027 326 3054 VAL.
350 3028 458 3056 MAX.
1424 3014 1491 3065 21.
