1936 3120
231 66 242 73 Δ
387 58 394 61 ⁷*
436 62 442 66 ’
474 61 595 142 m.
621 94 709 146 XV,
746 93 777 154 3
806 97 874 142 11.
902 98 971 141 12.
1007 95 1105 143 Ext.
1131 95 1161 155 g
1190 97 1330 143 1—4.
1600 91 1704 144 427

83 208 318 285 quenter
339 203 589 255 uenerati
612 211 740 273 post
774 209 1007 257 mortem
1035 202 1257 256 domum
1284 202 1499 257 Cereris
1527 221 1707 257 sacra-

85 290 230 325 rium
273 272 549 340 fecerunt,
602 291 816 344 quaque
844 271 956 345 ,illa
989 273 1121 327 urbs
1157 273 1363 343 uiguit,
1414 282 1468 327 et
1503 274 1608 327 dea
1650 275 1708 327 in

33 367 39 378 ··
83 342 322 397 hominis
349 344 612 396 memoria
632 351 687 396 et
706 344 870 397 homo
889 344 949 396 in
970 343 1105 397 deae
1125 344 1390 414 religione
1408 343 1584 398 cultus
1605 353 1707 398 est.

31 411 35 414 ⁴
192 414 243 467 2.
285 413 525 484 Gorgiae
551 430 683 466 uero
707 413 977 467 Leontino
1006 413 1201 467 studiis
1229 413 1533 468 litterarum
1559 425 1706 470 aeta-

85 485 156 537 tis
193 501 325 538 suae
361 491 586 538 cunctos
622 485 952 555 praestanti,
991 484 1126 538 adeo
1162 492 1222 537 ut
1255 486 1462 556 primus
1499 486 1556 537 in
1582 504 1704 539 con·
1728 504 1749 539 5

86 562 258 608 uentu
290 571 518 624 poscere
554 572 663 625 qua
690 553 758 607 de
782 573 840 607 re
867 556 1096 626 quisque
1131 555 1321 608 audire
1347 555 1515 609 uellet
1540 574 1705 608 ausus

86 625 187 692 sit,
229 623 490 678 uniuersa
527 624 765 678 Graecia
802 626 858 677 in
899 625 1099 696 templo
1138 625 1394 697 Delphici
1433 625 1706 696 Apollinis

85 701 328 749 statuam
355 693 531 748 solido
559 713 630 748 ex
655 714 788 749 auro
815 697 1026 767 posuit,
1066 715 1189 748 cum
1225 704 1528 750 ceterorum
1555 697 1623 749 ad
1650 695 1708 749 id

84 772 196 820 tem
236 783 301 818 us
329 772 546 819 auratas
574 766 916 820 collocasset.

194 840 205 853 ‘
233 875 245 887 .
285 835 498 889 Eadem
523 854 657 906 gens
687 856 897 891 summo
921 855 1189 890 consensu
1215 837 1286 889 ad
1307 837 1706 907 Amphiaraum
1731 857 1771 888 ιο

87 906 461 959 decorandum
496 907 775 974 incubuit,
824 906 1025 971 locum,
1071 925 1176 978 quo
1211 907 1466 960 humatus
1503 915 1611 974 est,
1648 907 1708 959 in

85 975 323 1030 formam
348 976 834 1048 condicionemque
862 977 1052 1048 templi
1071 977 1372 1046 redigendo
1395 985 1453 1030 at
1492 996 1558 1031 ue
1579 976 1706 1030 inde

7 1047 14 1054 ’
83 1047 307 1101 oracula
331 1047 455 1118 capi
481 1048 838 1101 instituendo.
893 1049 1048 1101 cuius
1077 1049 1284 1100 cineres
1312 1047 1459 1100 idem
1523 1047 1705 1101 onoris

67 1114 399 1240 'gossidenu
436 1117 585 1188 quod
611 1118 877 1188 Pythicae
914 1118 1181 1184 cortinae,
1221 1117 1369 1189 quod
1396 1118 1567 1182 aheno
1595 1118 1704 1170 Do-

128 1206 281 1254 onae‚
309 1189 458 1259 quo-d
485 1187 808 1242 Hammonis
836 1189 978 1241 fonti
1005 1189 1181 1241 datur.
1730 1206 1773 1240 ιε
1818 1188 1825 1195 '

191 1259 244 1310 4.
284 1258 577 1311 Berenices
612 1277 825 1329 quoque
851 1278 961 1313 non
984 1259 1229 1328 uulgaris
1258 1258 1427 1312 honos
1438 1298 1452 1325 ,
1491 1259 1578 1311 cui
1607 1258 1707 1310 soli
1749 1300 1754 1308 .

84 1329 328 1382 omnium
347 1327 675 1382 feminarum
695 1330 950 1400 gymnico
975 1348 998 1381 s
1042 1328 1287 1382 ectaculo
1309 1329 1573 1382 interesse
1588 1347 1706 1399 per-

59 1436 63 1440 -
86 1400 316 1452 missum
342 1407 443 1466 est,
471 1417 594 1453 cum
622 1399 693 1451 ad
713 1398 972 1470 Olympia
1039 1401 1171 1451 lium
1197 1398 1405 1451 Euclea
1431 1406 1708 1451 certamen

87 1469 466 1540 ingressurum
504 1469 858 1536 adduxisset,
903 1469 1268 1541 olympionice
1308 1477 1464 1540 patre
1500 1470 1705 1539 genita,

86 1539 354 1594 fratribus
391 1538 624 1593 eandem
659 1540 899 1610 palmam
935 1540 1212 1593 adsecutis
1249 1539 1425 1593 latera
1451 1540 1566 1592 eius
1594 1540 1705 1592 cin·
1729 1559 1771 1590 ρο

85 1610 364 1680 gentibus·
1089 1638 1097 1644 -

88 1757 389 1819 spondebant,
418 1758 567 1817 ipsum
595 1756 775 1802 dixisse.
852 1761 891 1802 2.
933 1757 1126 1816 Gorgiae
1155 1756 1376 1801 Leontino
1415 1755 1472 1801 ob
1501 1755 1702 1800 studium
1730 1765 1820 1799 Par.

88 1828 346 1874 litterarum
373 1829 417 1872 in
447 1827 617 1888 templo
645 1827 845 1887 Delphici
871 1827 1096 1886 Apollinis
1123 1833 1319 1871 statuam
1348 1825 1493 1871 solido
1522 1839 1574 1870 ex
1596 1838 1704 1869 auro

87 1898 274 1944 Graecia
300 1899 479 1958 posuit,
519 1911 621 1943 cum
656 1904 912 1943 ceterorum
952 1897 1007 1942 ad
1034 1897 1076 1941 id
1114 1904 1293 1957 tempus
1331 1902 1510 1941 auratas
1538 1895 1707 1940 cousti-

89 1970 269 2015 tuisset.
347 1972 386 2013 3.
427 1966 590 2013 Eadem
634 1982 747 2028 gens
792 1981 968 2013 summo
1016 1981 1244 2013 consensu
1288 1967 1342 2012 ad
1388 1966 1706 2026 Amphiaraum
1731 1975 1771 2008 25

12 2091 14 2094 ,
90 2039 397 2086 decorandum
424 2037 652 2089 incubuit,
680 2038 854 2088 locum,
886 2027 1216 2098 quo‘humatus
1244 2043 1338 2088 cst,
1367 2038 1410 2081 in
1438 2034 1707 2095 religionem
1739 2063 1744 2070 -

92 2109 251 2172 templi
278 2109 542 2169 redigendo.
617 2113 657 2153 4.
699 2109 937 2155 Berenices
977 2122 1162 2169 quoque
1199 2122 1290 2153 non
1329 2106 1532 2167 uulgaris
1561 2105 1708 2150 honor

38 2200 43 2204 ⁴
91 2180 191 2232 ruit,
219 2181 294 2226 cui
319 2180 407 2226 soli
435 2181 635 2225 omnium
665 2179 931 2225 seminarum
961 2180 1172 2239 gymnico
1203 2177 1463 2238 spectaculo
1487 2178 1708 2221 iuteresse

11 2287 13 2291 <
90 2251 367 2312 permissum
394 2257 479 2299 est,
518 2264 620 2296 cum
647 2250 878 2310 Olympiae
918 2249 1058 2294 filium
1086 2249 1248 2295 Euclea
1277 2255 1503 2294 certamen
1532 2248 1708 2306 ingres-

91 2333 250 2367 surum
276 2319 550 2366 adduxisset.
1731 2328 1772 2359 30

203 2472 229 2511 2
273 2443 516 2522 quoadque
554 2469 737 2522 Kempf,
782 2468 1087 2522 quamdiuque
1131 2470 1349 2515 Vorstizffi,
1393 2469 1707 2519 quantumque

95 2527 271 2581 Piqhius
342 2528 370 2566 4
391 2525 588 2567 leontini
610 2526 651 2566 B
725 2527 750 2566 5
773 2525 1055 2578 praestantis
1078 2524 1101 2564 b
1181 2526 1204 2564 7
1227 2524 1464 2576 graeciam
1486 2523 1532 2561 in
1554 2521 1595 2561 B
1658 2521 1706 2559 11

94 2595 185 2636 quo
208 2584 250 2624 B
271 2596 386 2625 corr.
410 2595 431 2622 e
454 2580 515 2634 qd
576 2583 626 2621 12
649 2581 867 2622 rediendo
890 2574 943 2620 B'
994 2583 1045 2622 13
1069 2580 1212 2633 capiti
1236 2575 1289 2618 θ’
1312 2586 1355 2619 ιιι
1376 2580 1543 2619 uidetur
1563 2574 1582 2630 ΙΙ
1603 2588 1708 2616 ono-

12 2636 14 2638 ’
93 2640 158 2681 ris
179 2629 220 2680 Β
284 2642 335 2679 14
357 2638 542 2693 pytieae
566 2634 647 2691 ΒΗ
668 2637 816 2679 aheno
839 2637 1036 2690 Pz'qhins:
1069 2636 1268 2676 athenae
1293 2635 1334 2674 B
1416 2636 1466 2675 15
1488 2632 1630 2697 fronti
1655 2631 1707 2679 B,

6 2702 13 2738 ’.
92 2708 169 2739 em.
191 2697 299 2738 idem
361 2696 412 2735 16
434 2695 683 2735 Berenices
707 2694 768 2734 P.-
799 2693 1060 2734 benetrices
1085 2692 1124 2731 B
1186 2693 1237 2732 19
1260 2692 1471 2743 ingressu
1494 2689 1534 2729 B

203 2753 259 2794 24
281 2751 488 2794 Graecia
511 2751 611 2791 add.
636 2750 732 2790 Mai
790 2751 845 2790 29
867 2751 982 2791 immo
1006 2748 1266 2801 Olympiam
1287 2749 1354 2787 nel
1375 2746 1432 2787 ad
1455 2744 1670 2798 Olympia

1654 2967 1676 2986 Ο
