1872 3132
652 109 770 156 CAP.
799 109 840 160 1,
882 108 911 167 g
939 87 1136 153 13—18.
1672 102 1708 152 9

83 237 300 274 sorores
327 238 401 270 nu
444 237 503 270 er
535 217 948 271 interfectorum
986 215 1249 268 abstersis
1276 213 1515 267 lacrimis
1544 214 1707 283 depo-

84 291 314 360 sitisque
341 289 408 342 do
435 290 543 342 oris
580 287 889 356 insignibus
918 285 1211 338 candidam
1243 284 1472 337 induere
1497 293 1708 337 uestem

85 370 141 414 et
166 363 275 413 aris
302 368 430 412 tura
457 359 588 411 dare
625 366 844 411 coactae
872 365 1015 409 sunt.
1071 375 1178 427 qua
1240 356 1422 408 uidem
1456 364 1707 408 constan-

84 433 166 486 tia
192 429 516 502 optinendae
543 428 820 498 religionis
858 446 1089 497 magnus
1119 445 1212 479 cae
1238 426 1445 479 estibus
1474 426 1706 478 iniectus

87 510 173 556 est
207 501 375 554 rubor
408 499 636 552 ulterius
676 498 945 551 aduersus
974 509 1112 549 ‘eam
1147 496 1433 549 saeuiendi
1468 505 1704 566 gentem,
1731 517 1756 550 5

124 590 228 625 uae
246 590 314 623 ne
340 571 663 623 iniuriarum
683 569 903 640 quidem
931 568 1231 621 acerbitate
1259 568 1328 620 ab
1353 584 1539 620 eorum
1559 566 1709 620 cultu

85 591 382 697 gbsterreri
407 641 664 712 potuerit.
717 707 722 711 a

427 759 526 806 DE
558 757 922 807 NEGLECTA
961 754 1367 804 RELIGIONE.

200 840 282 892 16.
321 838 602 892 Creditum
641 847 725 891 est
747 839 1051 891 Varronem
1089 835 1367 889 consulem
1394 835 1543 906 apud
1571 835 1709 888 Can-

87 929 189 964 nas
218 929 342 962 cum
366 909 927 979 Karthaginiensibus
955 917 1068 960 tam
1095 906 1391 959 infeliciter
1418 907 1709 959 dimicasse
1734 929 1780 960 10

90 981 162 1035 ob
198 982 337 1032 iram
362 981 618 1046 Iunonis,
657 980 829 1050 quod,
870 998 995 1031 cum
1019 978 1184 1046 ludosx
1206 980 1475 1030 circenses
1514 976 1709 1029 aedilis

87 1051 324 1118 faceret,
374 1051 431 1101 in
466 1050 615 1103 Iouis
655 1050 844 1120 optimi
877 1050 1103 1102 maximi
1140 1056 1296 1100 tensa
1334 1049 1533 1100 eximia
1568 1048 1711 1100 facie

87 1140 320 1193 puerum
355 1120 677 1173 histrionem
723 1120 794 1172 ad
841 1121 1070 1172 exuuias
1109 1119 1374 1171 tenendas
1416 1119 1712 1190 posuisset.

90 1192 239 1262 quod
275 1191 482 1243 factum
509 1199 635 1261 post
670 1191 882 1261 aliquot
919 1209 1088 1242 annos
1127 1190 1389 1242 memoria
1424 1191 1712 1260 repetitum

89 1262 375 1316 sacrificiis
405 1262 689 1332 expiatum
717 1270 816 1313 est.
1737 1280 1784 1312 15

201 1333 282 1384 17.
328 1331 596 1384 Hercules
628 1350 839 1403 quoque
868 1332 1148 1384 detractae
1186 1330 1465 1400 religionis
1500 1349 1633 1382 suae
1662 1338 1715 1382 et

89 1421 317 1472 grauem
339 1411 392 1455 et
411 1403 762 1455 manifestam
783 1420 1017 1472 poenam
1037 1402 1287 1471 exegisse
1307 1401 1559 1453 traditur.
1588 1420 1714 1452 nam

91 1491 214 1525 cum
257 1473 448 1527 Potitii
493 1492 773 1526 sacrorum
817 1474 931 1524 eius
977 1472 1167 1538 ritum,
1221 1491 1381 1543 quem
1426 1491 1524 1542 pro
1571 1471 1712 1524 dono

89 1543 242 1613 genti
280 1562 466 1597 eorum
493 1544 562 1596 ab
600 1544 717 1613 ipso
755 1543 1106 1612 adsignatum
1141 1542 1295 1595 uelut
1318 1543 1715 1595 hereditarium

92 1613 467 1684 optinuerant,
497 1621 717 1666 auctore
745 1615 925 1684 Appio
954 1632 1176 1667 censore
1204 1613 1276 1665 ad
1299 1612 1502 1665 humile
1531 1631 1713 1665 seruou
1737 1635 1785 1667 20

90 1703 213 1735 rum
254 1684 619 1736 ministerium
661 1683 1100 1750 transtulissent,
1154 1701 1367 1750 omnes,
1422 1685 1515 1754 qui
1559 1693 1715 1736 erant

95 1772 322 1806 numero
351 1773 515 1824 super
540 1755 788 1821 triginta,
816 1755 1050 1824 puberes
1078 1754 1224 1806 intra
1252 1773 1455 1806 annum
1482 1755 1714 1807 extincti

56 1847 66 1858 ·
96 1832 251 1890 sunt,
290 1841 592 1894 nomenque
618 1824 886 1876 Potitium
912 1825 969 1874 in
996 1824 1284 1876 duodecim
1311 1824 1547 1876 familias
1578 1825 1713 1877 diui-

94 1912 215 1946 sum
275 1912 407 1964 rope
427 1893 650 1959 interiit,
680 1894 895 1964 Appius
923 1913 1054 1947 uero
1074 1893 1370 1947 luminibus
1395 1903 1586 1965 captus
1611 1905 1712 1948 est.

203 1965 229 2014 1
275 2004 286 2015 .
339 1964 484 2016 Acer
520 1965 683 2016 etiam
722 1965 808 2017 sui
845 1965 1084 2016 numinis
1121 1965 1330 2017 uindex
1355 1965 1583 2036 Apollo,
1623 1967 1716 2037 qui
1739 1985 1785 2018 25

67 2034 440 2104 ,Karthagine
467 2054 499 2087 a
519 2034 782 2088 Romanis
811 2054 1075 2106 oppressa
1099 2044 1253 2088 ueste
1281 2055 1448 2089 aurea
1473 2037 1714 2089 nudatus

196 2155 267 2201 16.
305 2153 400 2198 DE
426 2152 820 2199 CONTEMPTA
848 2154 1230 2201 RELIGIONE.
1292 2156 1431 2201 Varro
1461 2171 1554 2202 cos.
1593 2157 1710 2216 apud
1735 2168 1833 2201 Par.

91 2221 266 2269 Cannas
293 2238 392 2270 cum
420 2224 869 2284 Carthaginiensibus
907 2226 1154 2271 infeliciter
1180 2226 1383 2272 conflixit
1411 2227 1467 2272 ob
1505 2228 1615 2272 iram
1645 2229 1715 2272 Iu-

92 2295 250 2346 nonis,
289 2296 394 2355 quia
421 2309 523 2340 cum
551 2295 684 2340 ludos
712 2296 939 2341 circenses
968 2296 1126 2341 aedilis
1154 2297 1333 2348 ederet,
1362 2299 1408 2342 in
1435 2298 1557 2342 louis
1589 2307 1713 2343 tensa

93 2363 279 2409 eximiae
339 2365 509 2410 formae
560 2380 750 2425 puerum
808 2366 864 2412 ad
914 2369 1101 2412 exuuias
1152 2369 1370 2413 tenendas
1431 2370 1714 2428 imposuerat
1738 2381 1781 2412 30

96 2428 376 2495 [Ambiuium
397 2432 705 2498 histrionem]
744 2440 810 2481 17.
830 2437 1103 2482 Potitiorum
1120 2438 1338 2484 familiam
1359 2438 1575 2484 Hercules
1597 2442 1716 2484 intra

94 2517 260 2550 annum
296 2507 550 2556 interemit,
591 2507 711 2566 quod
746 2507 946 2566 impulsu
982 2508 1114 2567 Appii
1143 2509 1315 2554 Claudii
1351 2523 1523 2554 morem
1563 2524 1716 2554 sacro-

95 2588 195 2619 rum
221 2589 382 2621 seruos
408 2575 614 2636 publicos
642 2577 913 2622 edocuisset.
961 2575 1136 2637 Appius
1163 2579 1410 2623 luminibus
1437 2585 1598 2638 captus
1629 2586 1714 2624 est.

94 2646 162 2688 18.
188 2646 375 2705 Apollo,
403 2645 675 2705 Carthagine
703 2661 726 2690 a
752 2647 962 2692 Romanis
991 2662 1226 2707 oppressa,
1256 2655 1384 2693 ueste
1413 2664 1546 2694 aurea
1574 2651 1718 2694 nuda·

207 2741 232 2780 3
256 2753 372 2792 quae
394 2733 450 2781 B'
511 2743 562 2780 12
585 2744 719 2782 tensa
736 2742 796 2781 P:
820 2742 992 2793 templo
1014 2742 1057 2781 B
1119 2745 1169 2783 13
1193 2744 1412 2784 excubias
1436 2744 1490 2792 B,
1514 2745 1569 2796 cf.
1595 2746 1714 2786 Fest.

42 2819 50 2826 -›
89 2807 135 2846 p.
163 2797 247 2836 365
271 2797 332 2838 M.
403 2799 457 2837 26
487 2797 759 2850 carthagine
782 2798 823 2837 B
846 2800 888 2837 in
909 2811 998 2838 ras.
1023 2799 1147 2839 habet

57 2879 59 2883 -
207 2853 259 2892 31
291 2853 552 2893 Ambiuium
575 2854 843 2894 histrionem
865 2855 1140 2895 Potitiorum
1172 2856 1453 2897 familiarem
1480 2855 1716 2908 (familiae

28 2906 40 2959 ξ’
93 2906 228 2958 corr.)
260 2909 310 2956 V,
345 2923 418 2951 em.
444 2911 666 2963 Kempfp.
694 2913 771 2950 751
793 2924 856 2963 sq.
920 2913 972 2951 32
994 2912 1170 2952 interiit
1199 2913 1243 2952 V
