1924 3152
728 134 845 180 CAP.
874 133 941 185 lx,
981 133 1010 192 g
1039 137 1176 180 1—4.
1214 133 1266 178 X.
1706 125 1811 178 267

293 242 346 294 4.
385 241 715 312 Magnorum
758 242 1004 294 uirorum
1050 239 1412 294 clementibus
1459 239 1594 291 actis
1634 238 1815 308 ignoti

186 314 363 385 patris
392 331 568 367 nouae
595 321 760 383 atque
796 313 1094 364 inusitatae
1120 312 1351 364 rationis
1380 309 1670 362 consilium
1696 308 1814 361 adi-

186 386 346 437 ciam.
408 385 502 454 qui
539 402 662 436 cum
689 401 721 434 a
746 381 858 435 filio
884 383 1116 435 insidias
1152 383 1295 434 necti
1323 381 1430 435 sibi
1456 381 1815 451 comperisset

183 473 285 508 nec
308 454 566 507 inducere
591 453 649 505 in
675 454 919 505 animum
954 461 1142 524 posset
1174 461 1236 504 ut
1259 471 1451 504 uerum
1487 451 1816 521 sanguinem

187 525 259 578 ad
282 524 385 578 hoc
411 524 630 576 sceleris
658 542 1012 596 progressum
1049 523 1324 589 crederet,
1362 523 1644 575 seductam
1680 541 1813 575 uxo·
1837 540 1860 574 5

184 614 300 648 rem
335 594 660 665 suppliciter
695 596 916 664 rogauit
948 614 1016 647 ne
1057 613 1115 646 se
1151 593 1380 647 ulterius
1418 593 1648 660 celaret,
1695 594 1814 646 siue

183 665 339 718 illum
366 665 771 718 adulescentem
799 666 1125 718 subiecisset
1153 666 1269 717 siue
1307 684 1376 717 ex
1403 664 1509 718 alio
1537 665 1813 735 concepis-

186 745 284 790 set.
345 735 762 790 adseueratione
791 737 990 789 deinde
1018 735 1134 789 eiu's
1163 744 1216 788 et
1242 736 1360 787 iure
1386 736 1619 788 iurando
1649 754 1706 788 se
1732 733 1814 787 nil

185 807 296 861 tale
343 826 435 859 sus
478 808 611 859 icari
651 825 797 872 posse
838 826 1160 878 persuasus,
1205 808 1263 858 in
1308 806 1487 859 locum
1534 806 1814 859 desertum

186 877 300 931 filio
327 897 426 949 per
468 887 594 932 ueto
621 876 894 947 gladium,
934 897 1092 948 quem
1130 877 1404 931 occultum
1443 895 1626 929 secum
1654 877 1811 929 adtu—
1836 895 1880 927 ιο

186 948 353 1016 lerat,
391 948 624 1001 tradidit
660 967 724 1000 ac
760 948 1011 1018 iugulum
1048 948 1357 1001 feriendum
1392 948 1676 1019 praebuit,
1714 966 1813 1000 nec

186 1038 397 1073 ueneno
435 1037 534 1071 nec
570 1018 783 1073 latrone
822 1019 872 1071 ei
913 1020 982 1071 ad
1023 1018 1408 1089 ,peragendum
1453 1019 1812 1089 parricidium

190 1109 324 1160 opus
364 1109 484 1142 esse
522 1089 843 1142 adfirmans,
908 1109 1012 1160 quo
1051 1090 1197 1142 facto
1234 1109 1344 1143 non
1379 1089 1677 1160 paulatim,
1715 1089 1813 1141 sed

185 1179 384 1230 magno
411 1161 621 1230 impetu
647 1170 798 1213 recta
825 1161 1086 1230 cogitatio
1121 1169 1312 1232 pectus
1340 1160 1555 1213 iuuenis
1585 1178 1813 1230 occupa-

184 1232 285 1298 uit,
315 1231 677 1302 continuoque
705 1230 1131 1303 abiectopgladio
1161 1237 1250 1283 ‘tu
1276 1250 1407 1284 uero
1420 1238 1457 1298 ³,
1485 1231 1663 1302 inquit
1690 1234 1812 1300 ‘pa-
1837 1248 1882 1280 15

100 1366 105 1368 ‚
185 1311 270 1355 ter
281 1341 296 1368 ,
323 1301 477 1368 uiue,
507 1310 559 1354 et
588 1301 634 1354 si
661 1310 774 1354 tam
802 1303 1106 1373 obsequens
1133 1320 1209 1369 68,
1249 1310 1310 1354 ut
1334 1304 1437 1354 hoc
1463 1303 1674 1372 precari
1699 1300 1812 1354 filio

183 1373 501 1443 permittaS‚
539 1392 624 1427 me
653 1392 869 1443 quoque
897 1392 1154 1442 exupera.
1221 1373 1319 1425 sed
1346 1380 1561 1425 tantum
1589 1391 1811 1444 quaeso7

185 1462 254 1495 ne
281 1462 432 1495 meus
462 1461 592 1512 erga
619 1451 672 1496 te
701 1462 856 1496 amor
882 1462 944 1497 eo
975 1445 1047 1496 sit
1074 1444 1178 1496 tibi
1215 1444 1402 1510 uilior,
1443 1443 1591 1514 quod
1627 1462 1660 1495 a
1684 1461 1810 1513 pae-

184 1514 419 1566 nitentia
445 1514 666 1567 oritur'.
733 1513 1086 1567 solitudinem
1113 1516 1380 1584 sanguine
1407 1514 1692 1567 meliorem
1719 1532 1812 1584 pa-

187 1584 533 1654 catioresque
580 1586 871 1654 penatibus
920 1585 1089 1638 siluas
1136 1595 1191 1638 et
1232 1585 1506 1638 alimentis
1553 1584 1809 1637 blandius
1837 1601 1881 1634 20

185 1653 492 1778 {errquiH.a⁰
526 1656 719 1764 Ymortis
760 1655 978 1708 oblatae
1014 1675 1177 1726 quam
1214 1656 1376 1707 datae
1411 1656 1559 1708 uitae
1596 1655 1812 1707 felicius

228 1740 327 1776 ene
370 1743 536 1777 cium.

295 1822 369 1874 X.
407 1821 862 1876 Commemoratis
889 1824 1140 1893 patribus
1157 1865 1170 1891 >
1200 1824 1294 1894 qui
1321 1824 1548 1876 iniurias
1576 1823 1814 1877 filiorum

186 1893 460 1963 patienter
473 1903 817 1964 exceperunt,
838 1894 1139 1947 referamus
1161 1915 1274 1962 eOS‚
1299 1895 1391 1966 qui
1412 1902 1616 1948 mortes
1639 1913 1813 1965 aequo
1857 1938 1861 1943 .

186 1963 366 2015 animo
392 1962 710 2017 tolerarunt.
1834 1983 1882 2017 25
1900 2004 1912 2011 -

185 2125 583 2185 deprehendisset,
625 2134 775 2171 tamen·
809 2127 1000 2172 eundem
1036 2128 1224 2188 reliquit
1252 2127 1478 2172 heredem.
1542 2132 1582 2172 4.
1621 2125 1811 2181 Quidam
1835 2138 1924 2173 Par.

187 2201 317 2255 pater
353 2210 454 2241 011111
489 2197 676 2242 insidias
703 2197 787 2242 sibi
827 2213 849 2243 a
877 2197 970 2243 filio
1007 2200 1127 2244 necti
1155 2200 1479 2258 comperisset,
1517 2212 1707 2243 uxorem
1742 2211 1811 2243 se-

185 2266 366 2312 ductam
402 2267 501 2312 iure
537 2268 726 2314 iurando
765 2268 1012 2314 obstrinxit
1047 2276 1099 2314 ut
1126 2269 1448 2320 confiteretur,
1490 2275 1644 2314 utrum
1683 2268 1811 2314 illum

187 2336 401 2382 iuuenem
438 2338 711 2384 subiecisset
748 2354 803 2384 an
840 2353 892 2384 ex
929 2339 1017 2384 alio
1056 2342 1325 2400 peperisset.
1389 2340 1547 2385 deinde
1585 2339 1661 2385 illa
1696 2338 1810 2384 nihil

189 2405 278 2450 tale
315 2407 482 2451 factum
516 2409 695 2453 iurante
731 2422 999 2468 persuasus,
1042 2411 1088 2454 in
1124 2410 1276 2456 locum
1310 2410 1539 2455 desertum
1575 2409 1670 2455 filio
1707 2424 1809 2470 per·
1835 2425 1878 2456 30

189 2474 325 2520 ducto
362 2475 588 2535 gladium,
627 2491 759 2537 quem
797 2478 1027 2524 occultum
1064 2494 1218 2525 secum
1254 2480 1503 2530 adtulerat,
1543 2480 1726 2525 tradidit
1760 2494 1811 2525 ac

190 2544 395 2604 iugulum
442 2546 694 2592 feriendum
743 2549 967 2608 praebuit.
1043 2549 1190 2595 mouit
1237 2551 1346 2595 haec
1396 2564 1470 2596 res
1514 2551 1727 2595 iuuenem
1766 2556 1810 2595 et

188 2617 412 2677 paenituit
440 2617 561 2677 quod
588 2631 730 2677 paene
760 2625 849 2663 tam
878 2622 999 2679 pium
1028 2627 1203 2679 patrem
1234 2621 1490 2666 occidisset.

303 2798 327 2836 3
349 2797 479 2837 necti
499 2797 542 2836 B
564 2810 679 2838 corr.
704 2811 726 2838 e
747 2811 834 2838 nec
894 2800 919 2838 5
941 2795 1048 2851 1100]
1075 2799 1198 2838 1111110
1220 2798 1262 2838 Β
1323 2802 1347 2840 9
1370 2812 1505 2852 posse
1525 2801 1812 2852 suppleuz'mus

190 2851 243 2892 13
266 2863 382 2903 quo*
405 2851 448 2891 B
510 2856 560 2893 16
585 2866 633 2894 es
655 2857 707 2894 ut
727 2854 815 2894 hoc
838 2856 941 2895 dett.
964 2857 1119 2907 pauci:
1145 2859 1191 2896 et
1214 2855 1300 2896 hoc
1323 2856 1366 2895 B
1408 2858 1458 2897 17
1483 2854 1580 2909 sed]
1608 2857 1651 2895 id
1665 2857 1808 2896 Per-iz.

191 2907 244 2977 12}
268 2920 422 2951 eo****
445 2910 507 2949 sit
528 2909 585 2959 B,
605 2911 714 2961 fort.
741 2923 793 2951 eo
817 2912 997 2952 nomine
1022 2912 1082 2951 sit
