1936 3120
158 88 263 142 388
846 91 947 137 LIB.
985 92 1088 138 V111.

161 201 207 253 si
234 200 455 270 quidem
482 199 690 251 iudices
719 197 1010 250 Claudium
1035 200 1227 266 incesti
1253 202 1479 254 crimine
1505 220 1668 274 quam
1686 201 1773 254 Oi-

160 289 407 324 ceronem
435 269 664 320 infamia
690 270 915 339 periurii
941 269 1175 324 liberare
1201 272 1527 326 maluerunt.
1703 333 1707 337 .

267 341 317 391 6.
359 340 468 392 Tot
486 338 711 392 eleuatis
735 340 988 407 testibus,
1016 360 1203 410 unum,
1227 343 1380 396 cuius
1399 362 1543 396 noua
1562 343 1774 396 ratione

161 411 426 462 iudicium
452 410 702 479 ingressa
729 411 1028 464 auctoritas
1050 414 1370 466 confirmata
1391 423 1492 481 est,
1520 416 1775 467 referam.

117 497 137 529 5
161 482 221 533 P.
254 478 548 546 Seruilius,
589 480 917 548 consularis,
955 486 1256 551 censoriUS,
1285 483 1656 555 triumphaliS,
1685 483 1777 554 qui

160 552 428 603 maiorum
471 570 693 604 suorum
739 551 913 603 titulis
951 553 1182 607 Isaurici
1219 574 1519 625 cognomen
1555 555 1774 619 adiecit,

161 641 284 674 cum
310 621 494 674 forum
519 623 854 692 praeteriens
891 630 1058 676 testes
1096 626 1156 676 in
1191 644 1344 678 reum
1382 625 1503 678 dari
1525 625 1774 691 uidisset,

159 692 277 745 loco
323 692 480 744 testis
529 693 777 746 constitit
822 711 886 744 ac
931 713 1197 748 summam
1241 697 1384 749 inter
1419 704 1776 766 patronorum

161 763 369 834 pariter
407 772 461 816 et
496 771 876 816 accusatorum
914 765 1333 819 admirationem
1370 767 1447 818 sic
1483 785 1637 820 orsus
1666 773 1772 818 est:

97 851 139 883 ιο
162 835 324 886 ‘hunc
354 851 481 902 ego,
527 833 765 900 iudiceS‚
813 834 904 904 qui
931 854 1153 888 causam
1191 837 1354 903 dicit,
1403 837 1553 888 cuias
1586 837 1658 888 sit
1683 843 1777 888 aut

162 923 325 977 quam
351 905 525 956 uitam
554 905 727 974 egerit
754 922 1023 976 quamque
1060 908 1253 960 merito
1279 906 1368 959 uel
1393 907 1597 969 iniuria
1623 924 1777 958 accu-

163 983 311 1028 setur
335 977 555 1044 ignoro:
598 974 737 1026 illud
758 983 970 1028 tantum
992 979 1121 1043 scio,
1150 997 1271 1030 cum
1294 979 1625 1032 occurrisset
1645 975 1778 1028 mihi

162 1046 502 1099 Laurentina
527 1046 619 1097 uia
645 1047 751 1098 iter
777 1047 1004 1099 facienti
1041 1048 1336 1101 admodum
1373 1057 1603 1117 angusto
1638 1047 1777 1110 locO,

165 1136 301 1187 equo
342 1116 676 1168 descendere
712 1115 971 1170 noluisse.
1048 1119 1193 1190 quod
1231 1138 1302 1171 an
1328 1118 1534 1200 aliquid
1561 1118 1631 1170 ad
1657 1116 1779 1170 reli·-

98 1204 139 1237 15
163 1187 379 1258 gionem
415 1196 659 1239 uestram
695 1188 969 1257 pertineat
1005 1190 1113 1260 ipsi
1149 1189 1535 1243 aestimabltis:
1586 1207 1686 1257 ego
1720 1187 1779 1239 id

163 1258 614 1328 supprimendum
649 1275 757 1309 non
793 1260 1021 1328 putaui'.
1083 1261 1293 1312 iudices
1330 1279 1481 1312 reum
1505 1260 1604 1311 uix
1630 1258 1777 1310 audi-

163 1329 233 1381 tis
263 1329 456 1380 ceteris
486 1329 719 1381 testibus
748 1329 1090 1381 damnarunt.
1140 1330 1318 1382 ualuit
1344 1331 1487 1382 enim
1513 1329 1658 1399 apud
1687 1346 1776 1382 eos

164 1418 287 1451 cum
315 1397 615 1468 amplitudo
642 1398 777 1465 uiri,
816 1408 931 1451 tum
966 1401 1151 1469 grauis
1188 1401 1467 1469 neglectae
1495 1398 1777 1468 dignitatis

165 1469 279 1522 eius
318 1469 656 1537 indignati07
695 1487 952 1539 eumque,
992 1471 1085 1541 qui
1110 1471 1363 1523 uenerari
1388 1470 1566 1540 princi
1608 1488 1663 1521 es
1690 1486 1778 1520 ne—

98 1559 142 1591 20
166 1540 344 1605 sciret,
372 1540 430 1590 in
458 1537 745 1608 quodlibet
771 1539 983 1592 facinus
1004 1559 1389 1610 procursurum
1412 1488 1776 1592 crediderunt.

200 1681 301 1733 VI.
351 1684 477 1741 QVI
516 1683 708 1741 QVAE
739 1685 824 1732 ΙΝ
858 1685 1046 1733 ALIIS
1092 1683 1575 1734 VINDICARANT
1607 1682 1752 1731 IPSI
1809 1652 1820 1663 ’

716 1754 1080 1803 COMMISER
1096 1756 1246 1804 VNT.

273 1849 356 1902 Ne
383 1848 507 1902 illos
537 1850 759 1920 quidem
786 1849 954 1903 latere
982 1851 1274 1921 patiamur,
1306 1852 1398 1921 qui
1425 1867 1563 1920 quae
1585 1848 1640 1899 in
1661 1846 1780 1899 aliis

165 1920 518 1973 uindicarant
545 1921 651 1991 ipsi
682 1923 1086 1974 commiserunt.
1523 1927 1531 1935 “

106 2103 149 2136 25
172 2097 248 2128 sus
278 2089 327 2126 ut
355 2089 514 2141 stupro
543 2082 792 2142 pollueret,
822 2082 1024 2127 absentia
1055 2089 1282 2131 tueretur,
1326 2080 1379 2125 ab
1407 2087 1568 2125 senatu
1594 2093 1683 2123 nou
1712 2085 1782 2121 est

56 2146 147 2182 Par.
175 2153 409 2198 creditum.
487 2157 526 2196 6.
568 2153 614 2196 P.
645 2151 869 2197 Seruilius
895 2153 1121 2197 Isauricus
1152 2152 1299 2196 sorum
1337 2150 1642 2210 praeteriens,
1681 2162 1782 2192 cum

170 2230 312 2268 testes
351 2224 396 2266 in
434 2236 560 2267 reum
590 2223 684 2267 dari
712 2222 924 2272 uidisset,
966 2223 1197 2272 constitit,
1237 2221 1397 2266 deinde
1425 2222 1490 2265 sio
1526 2233 1658 2264 orsus
1686 2226 1779 2262 est:

170 2290 277 2354 ‘ego
307 2295 441 2343 hunc,
470 2293 657 2343 iudices,
687 2293 763 2352 qui
793 2307 973 2338 causam
1001 2293 1122 2343 (licit,
1152 2293 1274 2337 cuias
1291 2293 1351 2336 sit
1381 2297 1460 2336 aut
1485 2303 1619 2350 quam
1647 2290 1782 2334 uitam

172 2365 318 2424 egerit
347 2377 575 2424 quamque
603 2364 765 2408 merito
796 2370 1036 2408 accusetur
1063 2365 1254 2423 ignoro,
1284 2362 1395 2407 illud
1421 2363 1541 2406 scio:
1583 2373 1683 2405 cum
1711 2373 1785 2405 oc-

107 2446 149 2479 30
174 2436 394 2480 currisset
435 2435 543 2479 mihi
571 2435 841 2480 Laurentina
880 2436 952 2479 uia
990 2434 1228 2479 admodum
1267 2439 1463 2492 angusto
1499 2431 1627 2480 loco,
1666 2443 1785 2490 equo

174 2505 447 2551 descendere
475 2505 660 2551 noluit'.
723 2505 894 2551 iudices
931 2519 1058 2550 reum
1096 2506 1170 2549 uix
1198 2503 1361 2549 auditis
1399 2503 1564 2547 ceteris
1594 2499 1785 2546 testibus

174 2578 516 2623 damnauerunt.

291 2729 316 2767 8
339 2741 559 2768 summam
583 2728 703 2767 inter
725 2727 792 2766 B:
824 2740 906 2779 per
928 2739 1148 2766 summam
1170 2726 1291 2764 inter
1313 2726 1415 2766 dett.
1499 2725 1550 2763 10
1573 2720 1700 2760 euius
1725 2721 1786 2758 sit

176 2785 218 2825 B
279 2788 330 2825 11
355 2785 496 2824 uitam
520 2784 609 2824 Pb:
642 2785 765 2823 uiam
787 2784 828 2823 B
913 2786 960 2823 13
986 2787 1182 2835 augusto
1205 2775 1258 2821 B'
1331 2783 1383 2821 16
1406 2775 1787 2831 suppremendum

177 2837 232 2881 B'
254 2839 274 2896 [l
297 2841 465 2881 additis
488 2840 530 2879 B

163 2940 168 2942 ,
291 2899 344 2938 28
367 2897 440 2938 cui
465 2897 586 2937 adsit
615 2899 658 2936 Γ
