1878 3132
617 66 735 111 CAP.
763 65 877 116 vm,
916 65 1013 110 Exi.
1042 63 1072 121 g
1098 65 1266 105 7-12.
1684 53 1754 106 55

239 177 288 230 9.
328 175 541 229 Eodem
566 172 786 225 oraculo
812 173 1179 226 Macedonum
1213 188 1314 221 rex
1345 166 1632 240 Philippus
1661 167 1754 219 ad—

131 246 370 300 monitus
406 254 468 298 ut
503 264 535 296 a
570 244 871 315 quadrigae
907 243 1173 297 uiolentia
1208 239 1441 293 salutem
1477 259 1633 294 suam
1666 256 1753 290 cu-

133 318 392 384 stodiret,
438 324 554 370 toto
592 333 762 384 regno
800 315 1043 384 disiungi
1072 331 1261 366 currus
1289 311 1477 381 iussit,
1524 328 1754 381 eumque

131 389 336 454 locum)
390 388 483 458 qui
527 387 586 438 in
619 386 850 439 Boeotia
898 380 1185 454 Quadriga
1228 390 1484 452 uocatur,
1540 400 1755 453 semper

130 459 348 512 uitauit.
401 476 503 509 nec
538 466 722 510 tamen
758 458 1141 510 denuntiatum
1167 453 1395 527 periculi
1421 471 1592 522 genus
1622 453 1752 506 effu-
1777 467 1796 498 5

130 531 234 599 git:
287 547 414 580 nam
439 528 741 580 Pausanias
768 530 826 580 in
853 547 915 580 ca
956 526 1046 580 ulo
1073 526 1273 596 gladii,
1314 544 1420 596 quo
1457 546 1580 579 eum
1618 525 1754 578 occi—

131 600 231 668 dit,
260 599 588 670 quadrigam
613 599 806 653 habuit
832 619 926 652 cae
952 607 1117 652 atam.

239 671 322 723 10.
363 670 518 736 Quae
558 679 670 723 tam
718 672 976 740 pertinax
1018 670 1316 723 necessitas
1356 669 1413 719 in
1448 676 1606 739 patre
1641 665 1753 719 filio

130 740 448 795 Alexandro
484 742 784 794 consimilis
823 743 1102 813 apparuit:
1158 742 1204 793 si
1240 739 1463 812 quidem
1493 737 1753 791 Callanus

130 812 302 882 Indus
341 831 441 864 sua
477 820 670 883 sponte
709 832 765 865 se
798 813 1011 865 ardenti
1038 830 1172 882 rogo
1202 811 1605 882 superiecturus
1622 850 1635 875 ,
1674 809 1752 860 in·
1779 824 1819 879 30

129 892 212 937 ter
254 881 448 935 ellatus
494 883 563 936 ab
610 902 671 936 eo
720 884 912 954 ecquid
966 894 1060 936 aut
1103 883 1392 935 mandaret
1433 889 1527 933 aut
1573 881 1754 933 dicere

128 954 217 1006 uel
242 961 312 1021 et,
344 953 522 1006 ‘breui
549 959 642 1022 te’,
671 955 739 1019 in
767 956 849 1006 uit
871 1021 875 1024 ῃ
897 955 1158 1033 (ρίῥὲηὶῌ.
1210 973 1311 1007 nec
1337 954 1393 1006 id
1421 954 1538 1005 sine
1567 970 1752 1018 causa,

131 1025 260 1096 quia
293 974 1015 1079 uomtassffi‘f‘nfflfissfflffta
1051 1031 1337 1078 excessum
1374 1023 1571 1094 rapida
1606 1041 1752 1076 mors

130 1094 438 1148 Alexandri
467 1095 763 1148 subsecuta
789 1104 888 1148 est.

238 1166 321 1217 11.
360 1166 562 1235 Regios
600 1167 854 1219 interitus
894 1167 1271 1237 magnitudine
1308 1164 1559 1217 miraculi
1594 1163 1752 1216 remi·
1778 1181 1819 1211 15

128 1237 212 1307 gis
252 1255 411 1289 casus
451 1246 674 1307 aequat,
721 1257 883 1309 quem
917 1239 975 1289 in
1010 1239 1212 1299 hexere
1255 1238 1553 1307 Tyriorum
1590 1236 1754 1287 senti-

127 1327 256 1359 nam
281 1307 626 1360 haurientem
653 1327 774 1361 cum
802 1328 829 1360 e
857 1310 987 1361 naui
1013 1309 1210 1361 fluctus
1240 1308 1555 1373 abiecisset,
1585 1306 1753 1358 altero

128 1378 299 1432 latere
334 1397 718 1449 repercussum
761 1382 1065 1432 contrarius
1094 1381 1291 1432 fluctus
1331 1380 1387 1430 in
1421 1396 1620 1430 nauem
1649 1384 1752 1429 ret-

127 1449 271 1502 tulit.
297 1450 484 1520 itaque
510 1451 697 1502 miseri
725 1450 887 1502 simul
915 1470 977 1503 ac
1003 1450 1182 1503 felicis
1210 1449 1609 1521 conplorationi
1635 1467 1752 1519 per-

127 1520 302 1572 mixta
327 1520 435 1571 fuit
461 1521 774 1590 gratulatio,
1774 1536 1815 1566 20

237 1590 319 1642 12.
362 1590 548 1656 Quid?
576 1591 671 1644 illa
696 1612 876 1645 nonne
902 1592 1146 1647 ludibria
1171 1600 1401 1645 naturae
1430 1591 1486 1641 in
1514 1591 1751 1661 corpori-

125 1660 230 1713 bus
266 1660 518 1713 humanis
556 1663 729 1715 fuisse
764 1663 1039 1716 credenda
1073 1663 1237 1715 sunt?
1288 1661 1601 1715 tolerabilia
1637 1661 1751 1731 qui-

130 1730 255 1782 dem
266 1770 280 1797 7
355 1732 447 1783 uia
475 1733 705 1784 saeuitia
732 1743 1052 1800 caruerunt,
1090 1742 1333 1786 ceterum
1361 1742 1414 1785 et
1440 1734 1563 1802 ipsa
1588 1732 1750 1782 mira-

129 1800 265 1853 culis
294 1820 325 1853 a
368 1803 724 1855 numeranda.
754 1823 881 1855 nam
909 1812 962 1856 et
987 1805 1233 1870 Prusiae,
1261 1803 1407 1872 regis
1434 1802 1751 1872 Bithyniae,

127 1872 269 1925 filius
313 1873 505 1926 eodem
539 1875 757 1926 nomine
798 1894 902 1945 quo
944 1883 1102 1945 pater
1126 1893 1225 1945 pro
1254 1875 1535 1945 superiore
1562 1873 1751 1925 ordine
1774 1890 1815 1921 25

125 1991 250 2051 pulo,
277 1991 349 2037 eui
379 2006 542 2037 nomen
571 2000 669 2038 erat
695 1992 825 2053 Equi,
854 1994 1121 2040 deiceretur.
1174 1996 1214 2040 9.
1242 1994 1480 2053 Philippus
1508 2006 1583 2038 rex
1605 1993 1748 2038 Mace·
1773 2003 1864 2036 Par.

126 2062 293 2107 donum
320 2064 523 2108 monitus
552 2070 600 2108 ut
628 2064 894 2124 quadrigam
922 2072 1175 2116 metueret,
1215 2065 1527 2110 denuntiatum
1556 2063 1746 2124 periculi

125 2146 270 2192 genus
305 2147 396 2177 non
433 2134 606 2195 effugit.
653 2149 754 2179 nam
780 2135 1023 2181 Pausanias
1060 2138 1103 2182 in
1131 2135 1294 2196 capulo
1322 2135 1481 2195 gladii,
1520 2150 1610 2195 quo
1648 2148 1748 2179 eum

126 2202 314 2254 occidit,
353 2204 618 2265 quadrigam
657 2205 817 2251 hahuit
844 2206 1075 2252 caelatam.
1140 2210 1208 2251 10.
1247 2206 1458 2252 Callanus
1494 2206 1630 2251 Indus
1669 2219 1748 2250 sua

124 2279 289 2333 sponte
316 2288 364 2319 se
391 2275 566 2320 ardenti
594 2290 707 2335 rogo
745 2279 1088 2336 superiecturus
1116 2278 1263 2322 fertur
1299 2276 1622 2337 interpellante
1646 2276 1747 2320 Ale·
1771 2286 1812 2317 30

124 2343 292 2389 xandro
321 2345 485 2391 dixisse
523 2346 683 2391 ‘breui
712 2353 755 2391 te
782 2347 983 2394 uidebo’.
1036 2363 1119 2394 nec
1144 2363 1233 2394 uox
1261 2348 1347 2393 fuit
1373 2362 1514 2394 uana:
1552 2360 1747 2406 namque

125 2414 279 2458 statim
306 2415 460 2473 rapida
487 2431 612 2462 mors
640 2417 1006 2463 eumAlexandri
1034 2426 1279 2476 consecuta
1306 2425 1390 2465 est.
1457 2421 1519 2462 12.
1558 2419 1745 2463 Prusiae

124 2483 244 2542 regis
291 2483 411 2529 filius
446 2485 628 2531 Prusias
675 2502 756 2547 pro
795 2489 1033 2549 superiore
1073 2478 1240 2535 ordine
1277 2489 1479 2534 dentium
1514 2501 1654 2533 unum
1693 2501 1744 2532 os

235 2593 262 2632 4
282 2593 440 2633 boetia
462 2593 504 2633 B
532 2590 552 2648 Η
584 2595 808 2649 quadriga
831 2597 897 2636 B:
931 2611 1057 2637 arma
1081 2597 1127 2648 (i.
1153 2612 1190 2638 e.
1214 2590 1362 2651 ἅρμα)
1398 2598 1530 2648 Nep„
1564 2597 1622 2648 ef.
1646 2596 1742 2639 Ael.

121 2661 160 2688 u.
192 2649 287 2689 hist.
324 2652 364 2696 3,
390 2652 446 2690 45
506 2653 529 2691 7
556 2651 755 2691 celatam
786 2652 828 2691 B
888 2655 913 2694 8
946 2657 992 2693 et
1014 2654 1109 2694 filio
1132 2660 1205 2694 aut
1234 2655 1280 2693 in
1307 2654 1400 2694 filio
1433 2656 1535 2694 dett.
1560 2654 1749 2695 nonnulli

122 2705 148 2744 9
171 2703 374 2746 calanus
397 2717 445 2757 ς,
471 2714 516 2747 at
536 2722 576 2750 u.
604 2709 743 2748 Christ
763 2710 822 2748 ad
844 2709 929 2751 Cic.
952 2712 1004 2749 cle
1027 2711 1157 2750 (Ziuz'n.
1180 2711 1220 2757 Ι,
1243 2712 1267 2760 ξ
1290 2713 1346 2751 47
1406 2712 1457 2751 10
1480 2722 1527 2750 se
1551 2724 1629 2751 om.
1653 2709 1695 2749 B
1721 2708 1739 2763 ΙῙ

122 2766 451 2812 superactums
474 2757 529 2803 B'
592 2766 641 2804 11
667 2769 713 2804 et
736 2764 841 2816 quid
858 2765 921 2816 B,
956 2766 1067 2817 quid
1089 2767 1112 2806 b
1132 2764 1152 2821 Η
1174 2767 1393 2807 mandare
1419 2766 1485 2818 (re
1507 2769 1547 2807 in
1569 2765 1678 2819 ras.)
1702 2767 1745 2807 B

121 2818 176 2856 13
212 2818 375 2858 rabida
405 2812 460 2859 B'
524 2822 574 2860 16
614 2834 746 2873 quem
786 2822 1036 2862 indhexere
1075 2823 1138 2869 B,
1180 2837 1254 2867 em.
1293 2825 1468 2875 Piqlzius
1527 2826 1578 2863 21
1617 2822 1745 2864 delu-

120 2871 223 2913 bria
244 2874 286 2913 B
345 2877 399 2914 24
421 2878 636 2928 prausiae
660 2878 783 2929 regis
807 2878 995 2929 bythiae
1020 2879 1136 2930 (add.
1160 2894 1194 2920 s.
1220 2884 1246 2924 Z.
1271 2880 1336 2932 ni)
1362 2881 1402 2919 B
1679 2871 1697 2886 ⁶
