1924 3152
0 0 53 26 ξπ
79 0 121 12 .,>.
139 0 162 10 ᾖ.

195 0 225 14 5·
242 0 280 10 ‘'>
334 0 341 4 '
368 0 375 18 ἴ
429 0 439 13 ²
464 0 542 21 ‘Ta-r.
597 12 599 14 -
613 0 641 9 ⁸·
667 0 677 5 ··
695 0 752 10 ‘
765 0 788 14 ῑ--ἰ
804 0 985 20 ’···--τ>·μ-.ν-,ν’·-
1001 0 1351 41 ’πνψωῦξ-Μινῃῖὺ
1417 16 1422 18 ·
1443 15 1444 18 ’
1759 14 1761 16 ·
1812 1 1814 3 ’

1002 29 1005 33 ,
1068 27 1069 30 ,
1213 23 1219 29 r
1245 19 1250 25 ¹
1296 34 1302 38 ἢ
1320 22 1372 38 2¹3¹.
1396 18 1428 38 «rr,
1453 23 1459 35 Α.
1481 29 1489 36 φ
1543 26 1546 27 ⁷
1581 28 1583 30 Ι
1641 27 1642 30 ¹
1807 20 1823 26 ν,
1841 19 1865 22 .,
1890 22 1918 38 3⁴,

234 50 237 51 γ
769 38 773 40 -
987 48 997 59 .
1223 47 1224 50 ,
1260 37 1263 39 ·
1289 38 1292 41 *
1312 45 1315 48 ⁴
1326 35 1357 50 (ιη’
1367 39 1387 58 *J*
1412 38 1476 74 *Fls*-
1518 54 1547 71 {V
1566 35 1575 63 ξ
1587 36 1658 74 ἤιξ’-,ἴς
1666 38 1705 65 {A
1725 46 1736 56 ,Ἴ
1757 40 1924 74 ,nkuv‘m'E-K]

1027 79 1031 82 .
1192 80 1194 82 .
1347 88 1349 90 η
1418 75 1427 81 .
1445 75 1450 78 «
1461 68 1469 81 0
1483 75 1486 78 >
1498 76 1514 82 ,v
1531 71 1590 91 ³1⁴&
1608 72 1681 99 333».
1694 75 1704 89 :-
1751 89 1760 96 θ
1770 76 1772 78 ,
1782 76 1787 78 .
1809 75 1811 78 .
1900 73 1905 78 ,

207 142 311 194 256
924 144 1021 189 LIB.
1063 143 1110 188 V.
1172 169 1182 173 -

210 252 473 324 prostrati
499 251 770 302 exercitus
800 250 1133 302 deserendae
1159 250 1352 303 Italiae
1379 258 1598 303 auctore
1620 251 1688 318 Q.
1707 250 1820 304 Me-

209 322 336 375 tello
364 320 646 374 consilium
674 321 966 389 agitarent,
993 320 1243 373 tribunus
1270 319 1502 378 militum
1528 321 1822 374 admodum

210 393 425 444 iuuenis
465 392 652 443 stricto
701 389 886 460 gladio
923 399 1155 443 mortem
1189 391 1478 461 unicuique
1514 391 1822 444 minitando

211 463 390 513 iurare
420 479 604 513 omnes
632 479 927 531 numquam
956 479 1011 512 se
1045 459 1330 514 relicturos
1358 462 1595 541 patriam
1621 460 1820 530 coegit,

170 547 188 578 5
211 534 578 602 pietatemque
622 549 731 583 non
776 529 949 583 solum
985 532 1103 602 ipse
1149 531 1522 601 plenisS1mam
1557 531 1820 596 exhibuit,

208 602 302 654 sed
328 602 493 653 etiam
520 619 590 653 ex
614 600 928 671 pectoribus
958 600 1188 654 aliorum
1215 602 1506 654 abeuntem
1526 601 1821 653 reuocauit.

312 672 360 723 8.
403 673 550 741 Age,
588 680 650 724 ut
687 690 719 723 a
747 670 973 739 singulis
1008 670 1082 723 ad
1108 672 1389 723 uniuersos
1427 672 1818 740 transgrediar,

242 749 410 794 uanto
456 749 509 794 et
553 760 716 810 quam
752 741 965 811 aequali
1011 760 1196 793 amore
1229 742 1440 811 patriae
1477 750 1593 794 tota
1625 742 1819 793 ciuitas

247 812 488 881 agrauit!
526 830 655 863 nam
682 829 802 863 cum
830 811 1065 864 secundo
1093 812 1298 863 Punico
1324 810 1467 863 bello
1496 810 1822 863 exhaustum

143 898 182 930 10
206 882 478 934 aerarium
504 900 571 933 ne
599 881 824 933 deorum
850 882 1068 951 quidem
1103 880 1271 934 cultui
1307 881 1610 947 sufficeret,
1646 878 1821 950 publi-

206 953 327 1004 cani
352 953 495 1005 ultro
533 951 709 1004 aditos
747 969 996 1004 censores
1035 950 1239 1004 hortati
1275 959 1403 1004 sunt
1437 960 1498 1003 ut
1533 950 1718 1004 omnia
1745 950 1822 1002 sic

208 1022 477 1084 locarent,
522 1031 800 1092 tamquam
836 1040 922 1073 res
962 1021 1183 1092 publica
1226 1021 1460 1091 pecunia
1497 1020 1819 1085 abundaret,

208 1111 373 1163 seque
399 1100 777 1162 praestaturos
807 1101 1003 1143 cuncta
1027 1110 1128 1143 nec
1153 1090 1322 1142 ullum
1349 1109 1528 1144 assem
1545 1091 1651 1142 nisi
1677 1088 1819 1143 bello

207 1164 453 1215 confecto
491 1163 759 1232 petituros
796 1161 1028 1232 polliciti
1064 1170 1206 1213 sunt.
1265 1160 1469 1213 domini
1496 1179 1708 1232 quoque
1737 1178 1819 1212 eo-

135 1248 176 1280 15
205 1252 325 1285 rum
353 1251 663 1298 seruorum,
701 1251 835 1303 quos
866 1231 1219 1302 Sempronius
1249 1228 1530 1284 Gracchus
1559 1231 1627 1283 ob
1655 1230 1820 1298 insig-

204 1322 327 1355 nem
353 1321 594 1373 pugnam
620 1303 922 1354 Beneuenti
947 1320 1111 1353 manu
1136 1303 1385 1367 miserat,
1423 1301 1602 1370 pretia
1626 1301 1696 1352 ab
1723 1301 1819 1351 im-

205 1382 458 1443 peratore
485 1374 706 1440 exigere
733 1371 1172 1442 supersederunt.
1211 1373 1268 1422 in
1294 1370 1489 1422 castris
1518 1372 1686 1422 etiam
1711 1388 1820 1422 non

204 1461 395 1514 eques,
422 1461 530 1494 non
557 1443 800 1495 centurio
829 1441 1163 1512 stipendium
1190 1441 1308 1492 dari
1334 1441 1440 1495 sibi
1468 1440 1818 1493 desiderauit.

206 1513 314 1564 uiri
350 1531 413 1564 ac
448 1512 683 1564 feminae
719 1512 986 1582 quidquid
1021 1511 1138 1562 auri
1173 1511 1456 1580 argentiue
1490 1509 1818 1575 habuerunt,

141 1600 182 1631 20
205 1583 338 1635 item
386 1583 543 1652 pueri
591 1583 830 1651 insignia
876 1581 1231 1651 ingenuitatis
1282 1581 1353 1632 ad
1403 1579 1822 1633 sustentandam

205 1653 465 1722 temporis
505 1652 887 1704 difficultatem
923 1651 1286 1705 contulerunt.
1353 1669 1415 1702 ac
1451 1669 1518 1702 ne
1553 1649 1818 1703 beneficio

206 1731 422 1775 senatus
458 1727 681 1793 quidem,
731 1723 823 1792 qui
867 1722 1182 1774 muneribus
1227 1720 1311 1772 his
1357 1720 1575 1773 functos
1625 1718 1820 1772 tributi

206 1811 367 1846 onere
393 1792 750 1858 liberauerat,
798 1793 1085 1863 quisquam
1119 1792 1202 1843 uti
1227 1791 1429 1858 uoluit,
1469 1789 1821 1859 seddinsuper

203 1863 262 1915 id
306 1881 492 1916 omnes
537 1863 962 1933 promptissimis
1008 1862 1202 1914 animis
1245 1861 1650 1931 praestiterunt.
1709 1877 1820 1911 non

141 1950 181 1982 25
204 1933 535 2002 ignorabant
555 1933 697 1985 enim
716 1933 892 2002 captis
913 1933 1062 1997 Veis,
1086 1950 1208 1983 cum
1229 1932 1562 1983 decimarum
1583 1929 1818 1994 nomine,

204 2021 337 2074 quas
360 2002 620 2055 Camillus
642 2012 890 2067 uouerat,
913 2021 1102 2054 aurum
1122 2001 1368 2070 Apollini
1386 1999 1654 2070 Delphico
1673 1998 1821 2050 mitti

205 2080 479 2144 oporteret
503 2091 679 2142 neque
707 2073 922 2124 emendi
950 2073 1062 2124 eius
1090 2069 1325 2123 facultas
1353 2079 1513 2135 esset,
1540 2077 1818 2121 matronas

205 2151 522 2196 ornamenta
560 2160 658 2193 sua
692 2142 750 2192 in
794 2143 1066 2193 aerarium
1109 2140 1413 2206 rettulisse,
1463 2139 1818 2208 similiterque

205 2213 495 2265 audierant
520 2211 665 2264 mille
691 2211 871 2282 pondo
894 2212 1031 2277 auri,
1060 2210 1204 2280 quod
1219 2208 1393 2262 Gallis
1451 2228 1511 2262 ro
1533 2208 1818 2261 obsidione

141 2300 183 2332 30
207 2282 467 2353 Capitolii
503 2281 706 2334 omissa
742 2282 1073 2348 debebatur,
1116 2299 1303 2333 earum
1342 2298 1406 2331 cu
1431 2288 1490 2332 tu
1523 2280 1817 2348 expletum.

93 2437 180 2472 Par.
204 2431 406 2490 agitante
441 2429 496 2474 de
531 2428 827 2488 relinquenda
851 2427 999 2478 Italia,
1036 2428 1132 2487 ipse
1167 2426 1376 2471 tribunus
1412 2425 1605 2470 militum
1639 2424 1818 2469 iuuenis

205 2500 444 2546 admodum
482 2500 642 2544 stricto
679 2498 828 2556 gladio
864 2505 1057 2543 mortem
1103 2497 1345 2555 unicuique
1386 2495 1633 2541 minitando
1668 2496 1819 2538 iurare

205 2584 364 2616 omnes
391 2570 544 2628 coegit
570 2583 813 2629 numquam
841 2581 888 2613 se
915 2570 1106 2628 patriam
1133 2567 1390 2612 relicturos.

321 2707 340 2744 l
368 2703 443 2759 Q]
470 2708 587 2746 immo
609 2707 669 2745 M.
693 2705 751 2757 cf,
770 2719 817 2757 p.
845 2707 943 2752 103,
967 2707 991 2744 9
1051 2707 1077 2745 3
1098 2703 1302 2743 mitando
1325 2694 1381 2742 B'
1426 2704 1451 2742 6
1475 2698 1545 2753 ex]
1571 2702 1617 2739 et
1636 2697 1679 2738 B
1700 2711 1813 2738 corr.

205 2763 248 2802 in
266 2774 289 2801 e
350 2763 374 2801 9
397 2762 621 2813 fraglauit
641 2755 697 2801 B'
778 2763 828 2801 12
851 2765 1073 2812 tanquam
1102 2760 1143 2800 B
1164 2773 1277 2800 corr.
1315 2772 1337 2798 ε
1369 2762 1554 2812 taquam
1590 2751 1610 2808 Η
1647 2754 1816 2795 *abun-

205 2817 337 2858 daret
357 2817 399 2856 B
481 2818 532 2856 18
554 2817 831 2870 impendium
853 2818 896 2856 B
976 2819 1028 2856 19
1051 2815 1271 2867 qui-cquid
1303 2813 1343 2853 B
1421 2814 1474 2852 22
1509 2810 1690 2864 quidem
1713 2811 1813 2850 add.

253 2874 373 2926 empf
392 2870 410 2926 Η
451 2872 637 2912 functus
660 2873 702 2912 B
769 2875 822 2914 25
843 2873 962 2913 neiis
983 2873 1008 2913 b
1074 2874 1128 2912 26
1150 2871 1312 2911 delfico
1335 2869 1376 2909 B
1442 2870 1496 2908 28
1517 2867 1752 2908 retullisse
1774 2863 1815 2903 B

199 2925 219 2957 ,⁴
235 2932 266 2970 9,
281 2929 407 2970 millo
432 2928 471 2968 B
532 2931 585 2969 30
607 2930 831 2980 promissa
853 2929 1143 2968 debebantur
1163 2927 1217 2974 B,
1241 2939 1314 2966 em.
1345 2925 1474 2966 Torr.
1495 2921 1514 2977 ΙΙ
1537 2923 1689 2964 cultu*
1709 2923 1751 2962 B
