1936 3120
524 0 1098 30 W‘WW”*¹W*⁹“
1111 0 1242 33 5'2›'·‘'³21‘'‘
1261 14 1265 15 ⁷
1281 0 1319 29 ..ἶ
1391 0 1396 6 “

359 108 363 109 ’
414 172 416 174 ,
451 97 455 100 ’
490 128 611 175 CAP.
635 127 724 180 ΧΗ,
749 127 849 182 Ext.
875 127 906 187 3
932 126 1293 185 5÷10.X111,-§
1323 129 1360 172 1.
1622 121 1730 174 475

221 236 304 290 10.
353 235 499 289 Item
533 235 868 307 Polydamas
907 233 1116 287 athleta
1151 223 1476 305 tempestate
1512 231 1730 304 spelun-

111 326 231 361 cam
267 306 454 360 subire
489 315 740 374 coactuS,
781 306 949 359 nimio
986 313 1040 358 et
1076 306 1261 359 subito
1299 305 1520 357 incursu
1555 321 1729 375 aquae

6 370 22 425 'i
92 377 451 446 ‘labefactata
476 395 540 429 ea
566 395 628 429 ac
655 384 866 443 ruente,
895 376 1090 428 ceteris
1120 375 1407 429 comitibus
1431 375 1566 456 fuga
1586 375 1728 455 per-if

110 448 292 503 culum
326 448 562 516 egressis
601 446 747 500 solus
786 447 1019 513 restitit,
1056 454 1338 518 tamquam
1373 464 1575 498 umeris
1613 464 1728 496 suis

113 519 281 574 tostius
308 518 499 570 ruinae
524 516 722 570 molem
743 524 1169 583 sustentaturus,
1199 516 1298 569 sed
1321 516 1560 587 pondere
1582 515 1730 569 omni
1752 528 1773 562 5

109 607 336 659 corpore
378 587 614 645 humano
662 588 968 659 potentiore
1012 606 1233 658 pressus
1275 588 1464 641 imbris
1500 586 1731 658 Petitam

114 659 386 713 latebram
421 658 686 711 dementis
733 659 837 712 fati
885 658 1195 729 sepulcrum
1230 658 1443 711 habuit.
1495 664 1730 728 possunt

108 730 166 782 hi
199 730 466 801 praebere
502 729 890 783 documentum
927 730 1093 797 nimio
1129 729 1325 783 robore
1362 729 1731 782 membrorum

108 801 356 870 uigorem
399 800 595 852 mentis
636 799 959 868 hebescere,
1014 801 1171 871 quasi
1213 800 1490 853 abnuente
1532 806 1732 850 natura

107 872 396 942 utriusque
431 871 562 924 boni
598 870 973 940 largitionem,
1017 890 1085 923 ne
1130 889 1299 941 supra
1335 869 1622 923 mortalem
1660 870 1732 921 sit
1755 883 1796 915 ιο

111 941 432 994 felic-itatem
468 941 701 994 eundem
738 951 791 995 et
817 940 1259 994 ualentissimum
1286 960 1406 994 esse
1435 949 1486 993 et
1514 940 1730 1011 sapien-

117 1013 407 1065 tissimum.

395 1153 562 1205 XIII.
602 1158 701 1205 BE
736 1156 1172 1206 CVPIDITATE
1215 1156 1446 1206 VITAE.

215 1252 424 1304 Verum
450 1252 579 1322 quia
606 1269 865 1304 excessus
894 1271 922 1304 e
949 1252 1067 1304 uita
1093 1259 1148 1304 et
1167 1251 1423 1304 fortuitos
1447 1260 1500 1304 et
1518 1249 1727 1316 uiriles,

48 1352 52 1353 ν
112 1322 376 1393 quosdam
403 1322 570 1375 etiam
596 1323 914 1374 temerarios
945 1322 1190 1375 oratione
1219 1323 1536 1390 attigimus,
1581 1320 1726 1373 subi·
1753 1331 1794 1365 15

107 1394 315 1446 ciamus
330 1411 487 1460 ‘nunc
514 1393 882 1445 aestimationi
909 1411 1136 1445 enerues
1175 1401 1229 1445 et
1265 1392 1623 1457 effeminatOS,
1669 1398 1731 1442 ut

109 1464 231 1534 ipsa
265 1464 652 1534 conparatione
688 1470 874 1533 pateat
909 1471 1111 1533 quanto
1160 1481 1269 1515 non
1305 1462 1478 1514 solun]
1515 1461 1729 1527 fortior,

113 1533 211 1586 sed
236 1534 401 1586 etiam
427 1533 725 1603 sapientior
751 1534 942 1586 mortis
970 1533 1248 1586 interdum
1277 1553 1442 1603 quam
1480 1533 1629 1584 uitae
1658 1532 1730 1584 sit

113 1603 408 1674 cupiditas,

223 1675 270 1726 1.
296 1673 396 1725 Μ’.
419 1673 693 1744 Aquilius,
717 1692 839 1725 cum
863 1674 968 1727 sibi
990 1673 1226 1743 gloriose
1250 1673 1502 1742 extingui
1523 1679 1728 1742 posset,
1755 1687 1796 1719 20

109 1743 422 1798 Mithridati
446 1743 640 1795 maluit
667 1745 898 1813 turpiter
926 1745 1151 1796 seruire.
1206 1762 1367 1814 quem
1395 1743 1595 1813 aliquis
1624 1761 1733 1794 me-

112 1816 215 1869 rito
246 1814 452 1866 dixerit
478 1814 709 1867 Pontico
738 1814 1007 1884 supplicio
1037 1833 1200 1884 quam
1227 1815 1471 1866 Romano
1499 1813 1730 1883 imperio

41 1908 49 1917 ·
112 1885 435 1954 digniorem,
455 1886 718 1955 quoniam
745 1885 1001 1937 conmisit
1021 1893 1080 1936 ut
1102 1885 1379 1954 priuatum
1401 1884 1733 1954 obprobium

112 1954 366 2026 publicus
394 1955 564 2008 rubor
590 1956 870 2007 existeret.

111 2121 320 2163 conatus.
339 2115 538 2162 excussit
575 2129 760 2162 cuneos.
824 2116 1030 2161 manibus
1068 2117 1343 2175 compressis
1377 2129 1401 2160 a
1427 2115 1536 2160 feris
1564 2115 1733 2160 lacera·
1756 2125 1798 2157 25

1755 2165 1848 2200 Par.

115 2195 188 2232 ms
215 2192 312 2301 {325
347 2256 549 2301 VITAE
575 2256 999 2302 CVPIDITATE.
1059 2259 1093 2300 1.
1134 2255 1200 2301 Μ’.
1229 2256 1465 2316 Aquilius,
1505 2270 1606 2301 cum
1635 2256 1733 2316 glo-

113 2327 236 2372 riose
263 2327 466 2385 extingui
495 2334 668 2386 posset,
697 2328 944 2372 Mithridati
974 2328 1172 2386 turpiter
1198 2328 1372 2372 seruire
1393 2326 1566 2372 maluit.
1619 2331 1660 2372 2.
1686 2327 1731 2371 C.

232 2478 252 2516 1
276 2475 499 2529 polidam'
523 2476 565 2516 B
638 2475 669 2515 2·
688 2479 879 2516 coactus
903 2478 967 2516 ed.
999 2477 1105 2516 Ven.
1131 2477 1266 2515 1478:
1301 2480 1490 2516 coactus
1516 2480 1585 2516 est
1607 2477 1648 2516 B
1708 2478 1736 2516 4

116 2534 316 2586 egressis
338 2532 405 2572 B:
437 2533 698 2572 uitantibus
721 2547 759 2572 u.
783 2535 808 2572 l.
834 2534 875 2572 in
896 2546 974 2585 my.
998 2533 1040 2572 B
1099 2534 1124 2573 6
1145 2532 1304 2572 imbris
1327 2545 1471 2572 causa
1492 2534 1590 2573 edd.
1616 2539 1735 2580 uest,

116 2589 340 2629 imbribus
364 2590 500 2629 Aldus
520 2585 539 2641 Η
561 2590 754 2640 petitam
780 2586 883 2642 [lat.
908 2586 1152 2640 dementsss
1177 2588 1264 2627 fati
1285 2588 1327 2627 B
1379 2591 1402 2629 7
1426 2589 1542 2629 facti
1564 2589 1733 2629 Keller-

115 2645 250 2686 bauer
294 2642 314 2697 Η
367 2642 578 2697 [possunt
607 2667 659 2673 -
690 2641 1036 2697 do]cumentum
1065 2645 1205 2684 nimio
1247 2641 1430 2697 [robore
1459 2667 1516 2673 —
1543 2642 1735 2699 me]ntis

117 2699 418 2754 haebes[cere
439 2714 494 2728 ·—
515 2699 772 2753 utriusque]
797 2702 905 2741 boni
927 2701 969 2740 B
1051 2703 1102 2742 10
1131 2714 1218 2742 ne*
1238 2702 1280 2741 B
1361 2703 1413 2742 14
1443 2702 1631 2742 fortuito
1654 2701 1735 2742 sed

116 2757 279 2799 uiriles
301 2754 356 2797 B'
416 2759 471 2798 20
491 2755 586 2809 M'.]
620 2754 662 2795 .ῐῖ
684 2788 693 2796 .
718 2757 760 2796 Β
787 2754 806 2811 Η
836 2757 1063 2810 gloriosae
1088 2771 1223 2810 posse
1244 2754 1312 2806 B',
1338 2758 1547 2810 extingui
1570 2759 1670 2799 add.
1693 2760 1736 2797 in
1798 2804 1803 2806 ,

117 2827 196 2867 my.
220 2828 278 2855 ex
297 2815 340 2866 P
416 2815 468 2853 21
492 2810 762 2865 mithridati]
793 2815 855 2853 sic
875 2814 914 2855 h.
938 2816 963 2853 l.
987 2814 1029 2853 B
1078 2811 1098 2867 Η
1148 2827 1282 2866 quem
1316 2815 1416 2855 Fet
1438 2816 1580 2856 Paris.
1605 2827 1735 2854 unus:

119 2881 254 2922 quem
284 2883 375 2910 non
406 2869 470 2920 B,
504 2883 637 2922 quem
659 2882 809 2909 nonne
833 2871 978 2910 Periz.
1039 2871 1094 2910 24
1115 2871 1256 2911 robur
1276 2864 1332 2910 B'

230 2927 284 2967 25
307 2926 530 2975 manibus.
557 2926 816 2979 Oppressus
847 2928 891 2966 V
944 2928 998 2967 27
1021 2926 1206 2968 Marcus
1236 2928 1278 2967 V
