1936 3120
885 135 918 187 1,
945 137 967 178 1
985 159 1049 168 -
1061 135 1103 180 9.
1691 124 1798 177 489

184 253 501 316 profecturum
530 250 615 298 sub
641 250 986 296 denuntiatione
1011 247 1182 293 multae
1210 224 1451 298 continfiit,
1489 259 1543 292 eo
1571 244 1694 306 quod
1720 259 1790 291 es·
1808 259 1931 296 rann.

188 331 260 372 set
286 323 446 370 consul
474 322 590 368 idem
618 321 780 366 flamen
805 320 1047 366 Martialis:
1082 324 1132 363 ut
1167 317 1381 363 uidelicet
1406 318 1564 378 priore
1590 317 1692 363 loco
1718 316 1796 363 ha-

187 395 317 441 beret
343 394 556 440 sacerdos
583 405 709 438 sacra
737 405 867 452 quam
893 390 1054 436 consul
1082 389 1333 435 uictoriam.

295 469 336 511 3.
376 465 510 511 Gaius
537 462 1003 509 Flaminiusaduerso
1032 461 1183 505 omine
1219 461 1436 520 magister
1470 460 1675 519 equitum
1703 472 1803 504 esse
1826 470 1864 519 1,
1885 467 1912 509 5

160 547 181 580 5
203 536 366 585 noluit.

297 611 339 651 4.
378 605 615 666 Syracusis
643 618 743 650 cum
771 603 985 649 Clastidio
1024 603 1167 662 captis
1194 602 1249 647 M.
1277 601 1513 646 Marcellus
1551 601 1794 661 quinquies
1818 612 1854 658 1,
1882 611 1908 652 8

185 678 372 728 consul,
413 690 514 722 cum
550 690 600 722 ex
637 681 750 720 uoto
778 674 932 720 aedem
959 673 1132 719 Honori
1160 679 1205 718 et
1235 672 1398 717 Virtuti
1427 677 1737 722 construeret,
1777 685 1802 716 a

189 749 386 808 collegio
421 745 686 807 pontificum
722 745 983 806 prohibitus
1023 751 1092 789 est
1134 743 1311 789 duobus
1348 742 1611 788 numinibus
1660 756 1801 788 unum

189 819 424 866 delubrum
453 818 617 868 dicare,
655 831 712 862 ne
740 831 839 862 cum
868 814 1141 861 contumelia
1168 813 1476 875 praetermissi
1504 814 1638 860 alteri
1665 814 1802 859 sacri-

127 901 170 932 10
191 889 418 939 ficaretur,
460 894 538 933 aut
573 890 612 933 si
650 888 773 947 quod
809 887 1048 932 accidisset
1074 886 1348 946 prodigium,
1387 885 1441 930 de
1468 885 1687 945 placando
1715 885 1801 929 deo
1867 934 1875 941 ,

192 967 315 1006 esset
342 961 581 1005 incertum.
619 958 857 1004 Marcellus
877 957 1016 1018 duplo
1039 963 1223 1017 sumptu
1244 956 1334 1002 duo
1359 956 1524 1016 templa
1546 955 1801 1000 constituit.

297 1035 339 1077 5.
379 1030 427 1076 L.
452 1030 616 1075 Furius
643 1029 881 1074 Bibaculus
909 1034 1094 1089 praetor
1120 1043 1143 1072 a
1169 1034 1294 1085 patre
1322 1028 1542 1087 magistro
1570 1026 1794 1072 Saliorum
1821 1031 1857 1081 1,
1881 1030 1907 1070 9

192 1103 344 1148 iussus
381 1101 542 1146 ancilia
579 1100 705 1151 tulit,
744 1114 846 1145 cum
881 1100 925 1144 id
951 1099 1152 1159 praetori
1186 1112 1373 1144 necesse
1410 1112 1502 1143 non
1530 1103 1668 1143 esset.
1723 1096 1801 1142 sed

193 1179 343 1218 tamen
369 1170 608 1217 Bibaculus
635 1172 753 1231 patri
782 1177 827 1215 et
853 1172 994 1216 sacris
1022 1170 1187 1229 paruit.

127 1252 171 1285 15
329 1243 433 1289 .M.
460 1242 627 1288 Atilius
654 1242 867 1286 duumuir
893 1243 1021 1286 iussu
1042 1241 1273 1300 Tarquinii
1293 1242 1417 1300 regis
1446 1239 1591 1285 culleo
1619 1240 1802 1284 insutus
1827 1243 1936 1295 1,13

196 1320 281 1365 est,
309 1313 430 1395 quod
457 1312 622 1357 librum
653 1312 919 1357 occultioris
959 1314 1073 1357 sacri
1110 1310 1482 1362 describendum,
1521 1309 1802 1356 subtractum

194 1399 219 1430 e
244 1385 386 1446 regiis
413 1383 620 1434 secretis,
648 1382 943 1443 prodidisset.

299 1459 338 1500 7.
379 1454 589 1499 Gracchis
616 1467 710 1498 rem
737 1468 781 1513 p.
801 1453 1070 1499 uexantibus
1090 1458 1322 1513 repertum
1349 1453 1395 1497 in
1422 1451 1646 1513 sibyllinis
1668 1451 1798 1497 libris
1822 1457 1861 1509 1,
1887 1458 1909 1496 1

193 1525 556 1585 antiquissimam
577 1523 784 1570 Cererem
821 1524 1097 1585 placandam.
1147 1530 1258 1569 tunc
1285 1523 1542 1584 quindecim
1568 1524 1657 1568 uiri
1684 1515 1802 1568 Hen-

130 1605 172 1637 20
195 1610 296 1640 nam
332 1595 530 1656 profecti
566 1601 674 1639 sunt
700 1619 760 1626 —
790 1597 828 1640 is
868 1596 986 1640 enim
1020 1595 1151 1640 locus
1197 1608 1220 1640 a
1265 1596 1447 1656 uirgine
1485 1594 1634 1639 cultus
1670 1600 1802 1654 puta-

193 1673 269 1711 tur
298 1690 377 1716 -‚
414 1671 466 1711 ut
501 1665 610 1710 deae
648 1665 974 1711 satisfacerent.
1044 1666 1294 1725 propitiata
1332 1664 1634 1710 Gracchorum
1678 1665 1801 1710 exitu

191 1743 393 1797 putatur.

299 1810 341 1852 8.
381 1806 588 1851 Tiberius
616 1806 842 1852 Gracchus
880 1806 933 1851 ad
969 1819 1194 1867 augurum
1232 1805 1473 1866 collegium
1511 1820 1533 1851 e
1560 1807 1799 1866 prouincia
1822 1818 1861 1869 1,
1885 1819 1910 1858 3

193 1879 380 1938 scripsit
407 1877 685 1936 comperisse
721 1891 769 1922 se
807 1877 1020 1922 consules
1056 1891 1146 1922 non
1182 1878 1417 1936 auspicato
1446 1884 1638 1937 creatos.
1686 1878 1801 1923 reci—

132 1957 174 1990 25
200 1955 291 1994 tata
314 1950 359 1994 in
388 1954 548 1993 senatu
575 1947 769 2007 epistola
797 1949 1000 1993 reuocati
1029 1955 1135 1993 sunt
1162 1939 1388 1999 consules,
1415 1948 1605 2008 Figulus
1633 1962 1684 1993 ex
1701 1947 1800 1994 Gal-

189 2018 265 2070 lia,
305 2018 456 2079 Scipio
490 2018 647 2064 Nasica
682 2032 733 2063 ex
770 2018 951 2064 Corsica
989 2025 1035 2064 et
1069 2019 1339 2078 magistratu
1376 2033 1423 2064 se
1461 2019 1796 2064 abdicauerunt.

188 2096 314 2135 tanta
340 2091 410 2135 uis
437 2089 675 2149 relig10nis
702 2090 864 2139 inerat,
891 2095 941 2134 ut
969 2090 1023 2135 de
1051 2103 1102 2134 ea
1130 2089 1390 2134 crederetur
1416 2089 1611 2135 absenti.

293 2162 335 2205 9.
376 2159 486 2206 Cum
512 2159 715 2220 Sulpicio
743 2159 1022 2212 sacrificanti¹
1042 2174 1153 2221 apex
1181 2160 1356 2211 cecidit,
1398 2160 1703 2221 significatum
1731 2167 1800 2206 est
1822 2173 1859 2222 1,
1886 2172 1911 2212 5

192 2232 363 2276 instare
390 2233 610 2276 iacturam
639 2231 878 2277 sacerdoti.

303 2382 326 2419 1
347 2380 637 2438 profecturus
661 2381 693 2421 0
719 2378 738 2434 [Ι
764 2382 961 2422 multase
984 2383 1225 2422 continuat
1249 2382 1283 2422 C
1299 2378 1319 2435 [l
1348 2395 1448 2422 esse
1474 2383 1509 2423 G
1564 2385 1589 2423 2
1610 2384 1799 2424 flamen-

188 2449 277 2490 que
300 2436 396 2476 Mai
433 2433 452 2490 ΙΙ
491 2435 694 2477 haberet
715 2438 932 2478 sacerdos
954 2450 1088 2478 sacro
1112 2450 1225 2489 quos
1250 2438 1411 2478 consul
1434 2439 1477 2483 C,
1502 2452 1575 2479 em.
1603 2441 1671 2479 Du
1692 2441 1799 2481 Rieu

187 2495 216 2534 4
254 2493 484 2533 flaminius
508 2492 665 2533 eodem
687 2506 817 2534 omne
839 2494 985 2547 magis
1009 2507 1122 2547 eque
1146 2506 1245 2534 esse
1268 2494 1417 2534 uoluit
1440 2495 1487 2543 C,
1510 2508 1583 2538 em.
1609 2496 1709 2536 Mai
1772 2499 1798 2538 9

188 2550 338 2590 necno
370 2549 650 2590 contumelia
678 2551 963 2601 pretermissi
985 2551 1036 2598 0,
1072 2563 1153 2598 ne,
1177 2563 1266 2590 uno
1290 2551 1570 2592 contumelia
1590 2555 1798 2604 praeter·

188 2607 328 2647 misso
350 2606 447 2647 Mai
504 2608 555 2646 10
577 2605 631 2645 de
654 2605 882 2658 placando
906 2610 1030 2647 esset
1051 2608 1255 2647 incertus
1279 2607 1312 2647 C
1332 2614 1374 2647 et
1394 2608 1491 2648 Mai
1550 2609 1599 2648 11
1626 2610 1796 2650 consti—

188 2666 291 2703 tuat
314 2662 348 2703 0
406 2664 456 2702 12
478 2661 696 2715 Lirgulus
718 2662 961 2703 inuaculus
988 2664 1021 2704 G
1077 2666 1129 2704 13
1151 2667 1306 2716 pretor
1329 2664 1364 2704 Ο
1421 2666 1474 2704 14
1494 2665 1800 2707 miuaculusC

189 2721 243 2760 15
262 2719 473 2759 Matilius
494 2718 536 2758 B
597 2721 649 2759 16
672 2719 901 2760 oculnoris
926 2720 959 2760 G
1017 2722 1068 2759 19
1092 2733 1212 2760 enna
1236 2719 1268 2759 G
1326 2722 1379 2760 21
1402 2724 1454 2760 ut
1475 2721 1556 2761 des
1583 2722 1702 2762 satis
1725 2736 1797 2763 re-

189 2779 316 2816 ceret
338 2776 382 2823 G,
405 2789 480 2816 em.
502 2776 570 2814 Du
591 2776 709 2822 Rieu,
732 2777 840 2816 idem
870 2776 983 2816 satis
1004 2776 1134 2817 fieret
1163 2777 1373 2818 coniciens
1430 2778 1484 2818 25
1507 2782 1694 2819 seruatu
1718 2779 1752 2819 G
1774 2776 1792 2831 ΙΙ

187 2830 351 2873 ficulus
374 2835 420 2872 et
441 2831 587 2884 gallia
611 2831 644 2871 0
713 2833 768 2872 26
791 2830 862 2885 ex]
889 2836 935 2873 et
955 2833 996 2872 B
1069 2834 1122 2874 27
1146 2831 1399 2874 crederett
1421 2834 1605 2875 absenti
1630 2835 1672 2881 0,
1697 2848 1797 2875 cre-

189 2886 374 2929 deretui
397 2889 538 2929 etiam
560 2888 745 2929 absenti
766 2888 862 2929 Mai
917 2890 972 2930 28
994 2888 1124 2943 Cum]
1152 2891 1236 2931 Vm
1262 2890 1305 2942 0,
1327 2891 1435 2942 fort.
1457 2891 1518 2932 Vt
1536 2888 1556 2945 ss
1578 2895 1649 2932 est
1668 2891 1795 2932 insa.-

189 2957 265 2985 cre
286 2944 469 2998 iathyrae3⁴
490 2945 721 2985 sacerdoti
750 2945 784 2985 G
