1936 3120
578 119 583 126 ·
634 93 752 138 cAP.
782 92 868 142 vu,
895 92 924 150 g
950 89 1088 137 4-7',
1130 91 1227 137 Ext.
1255 93 1284 151 g
1313 95 1352 138 1.
1694 86 1800 138 393

134 242 138 246 .
176 207 231 252 et
255 200 409 252 anxii
434 207 488 252 et
511 218 812 270 numquam
838 200 1107 252 cessantis
1136 199 1305 251 studii
1331 201 1601 269 praemia,
1639 218 1798 270 prop-

176 279 260 323 ter
285 289 426 341 quae
453 279 732 323 tantorum
756 272 1003 323 uirorum
1039 269 1297 322 laudibus
1334 289 1444 322 non
1469 270 1800 340 inpudenter

178 360 234 394 se
260 360 496 412 persona
518 341 805 394 histrionis
832 341 1080 393 inseruit.

283 417 405 464 Ext.
434 413 480 464 1.
510 412 728 464 Graeca
747 430 964 482 quoque
982 412 1275 476 industria,
1299 413 1556 481 quoniam
1575 419 1799 464 nostrae

174 483 406 536 multum
430 483 665 553 profuit,
707 501 868 553 quem
894 490 1135 534 meretur
1169 481 1434 547 fructum,
1472 483 1674 534 Latina
1698 481 1797 535 lin·
1821 503 1843 536 5

175 571 284 623 gua
309 553 559 623 recipiat.
614 552 1044 619 Demosthenes,
1074 553 1227 604 cuius
1257 562 1676 606 commemorato
1704 573 1798 607 no-

174 624 320 676 mine
366 624 641 675 maximae
682 623 1027 694 eloquentiae
1078 625 1470 676 consummatio
1524 624 1805 676 audientis-

175 697 355 747 animo
384 695 649 760 oboritur,
679 713 803 746 eum
829 696 972 746 inter
998 695 1158 746 initia
1178 695 1432 747 iuuentae
1454 696 1606 759 artiS,
1634 713 1797 766 quam

175 765 521 830 adfectabat,
559 766 795 835 primam
822 767 1065 818 litteram
1094 765 1275 817 dicere
1300 785 1410 818 non
1436 773 1650 835 posset,
1687 766 1795 819 oris

177 837 260 888 sui
286 837 486 888 uitium
513 845 665 888 tanto
695 836 877 888 studio
906 838 1265 906 expugnauit,
1291 845 1354 888 ut
1381 855 1445 888 ea
1471 855 1503 887 a
1528 835 1676 889 nullo
1705 855 1795 888 ex·
1822 858 1864 889 10

175 908 418 977 pressius
447 907 763 959 referretur.
841 907 1037 958 deinde
1075 916 1299 977 propter
1333 907 1560 958 nimiam
1587 906 1796 959 exilita«

175 991 284 1030 tem
323 978 578 1030 acerbam
617 978 810 1029 auditu
846 997 1039 1030 uocem
1068 997 1221 1029 suam
1250 978 1644 1030 exercitatione
1673 996 1795 1029 con-

174 1047 436 1101 tinua'ad
470 1057 748 1100 maturum
785 1056 839 1100 et
875 1059 1091 1117 gratum
1118 1050 1346 1102 auribus
1375 1067 1570 1102 sonum
1595 1048 1794 1118 perdu-

172 1120 274 1171 xit.
349 1118 536 1171 lateris
574 1120 738 1171 etiam
778 1119 1039 1172 firmitate
1085 1119 1331 1171 defectus
1372 1138 1505 1190 quas
1552 1121 1794 1189 corporis

171 1189 392 1242 habitus
419 1191 565 1241 uires
592 1198 894 1258 negauerat
920 1209 952 1241 a
978 1191 1165 1243 labore
1192 1198 1470 1242 mutuatus
1499 1200 1598 1242 est.
1661 1189 1792 1241 mul·
1821 1210 1863 1242 15

171 1271 255 1312 tos
297 1259 440 1312 enim
478 1279 669 1312 uersus
706 1279 814 1312 uno
851 1263 1060 1331 impetu
1097 1262 1321 1331 spiritus
1349 1260 1797 1330 conplectebatur

172 1349 376 1401 eosque
412 1331 650 1383 aduersa
684 1330 806 1383 loca
842 1331 1006 1383 celeri
1041 1331 1220 1400 gradu
1256 1331 1522 1383 scandens
1559 1350 1796 1402 pronun-

171 1403 366 1454 tiabat.
427 1420 491 1453 ac
526 1403 749 1454 uadosis
786 1401 1042 1456 litoribus
1079 1403 1339 1454 insistens
1370 1401 1793 1455 declamationes

170 1471 434 1525 fluctuum
461 1472 774 1542 fragoribus
802 1474 1212 1526 obluctantibus
1241 1474 1468 1540 edebat,
1505 1483 1567 1526 ut
1594 1472 1664 1525 ad
1689 1473 1795 1525 fre-

170 1544 336 1594 mitus
376 1544 775 1595 concitatarum
809 1547 1126 1597 contionum
1162 1544 1430 1614 patientia
1466 1543 1675 1596 duratis
1703 1563 1793 1596 au·
1817 1564 1860 1596 20

171 1614 326 1665 ribus
362 1622 627 1666 uteretur.
703 1615 881 1666 fertur
926 1633 1140 1685 quoque
1188 1614 1269 1666 ori
1305 1615 1526 1666 insertis
1572 1613 1793 1666 calculis

172 1683 404 1735 multum
432 1702 494 1735 ac
523 1683 618 1735 diu
644 1684 792 1754 loqui
822 1684 1016 1737 solitus
1033 1725 1046 1750 ,
1086 1703 1190 1755 quo
1230 1703 1463 1736 uacuum
1491 1685 1793 1754 promptius

173 1763 317 1806 esset
343 1763 397 1805 et
422 1752 672 1807 solutius.
727 1754 1025 1824 proeliatus
1053 1764 1136 1806 est
1161 1773 1286 1807 eum
1311 1773 1492 1806 rerum
1518 1753 1716 1807 natura
1742 1763 1796 1806 et

282 1876 318 1919 1.
359 1874 686 1918 Demosthenes
722 1888 823 1918 eum
862 1875 980 1918 inter
1018 1874 1144 1918 initia
1180 1874 1394 1918 iuuentae
1423 1875 1534 1918 artis
1562 1888 1670 1918 suae
1698 1874 1791 1933 pri·
1819 1880 1888 1913 Par

171 1958 288 1989 mam
317 1944 518 1989 litteram
546 1944 698 1989 dicere
726 1959 817 1989 non
844 1951 1027 2004 posset,
1069 1946 1162 1989 oris
1198 1946 1267 1989 sui
1295 1945 1458 1988 uitium
1486 1951 1612 1989 tanto
1641 1944 1790 1988 studio
1817 1953 1858 1984 25

174 2016 470 2075 expugnauit,
500 2022 551 2059 ut
578 2029 626 2060 ea
657 2030 680 2059 a
708 2015 833 2060 nullo
862 2017 1125 2075 expressius
1152 2015 1426 2060 referretur:
1468 2015 1629 2059 deinde
1657 2029 1794 2074 prop-

171 2093 243 2130 ter
270 2087 453 2130 nimiam
480 2084 517 2142 Ἰ-
544 2087 915 2131 exercitationem
954 2086 1246 2131 continuandi
1276 2085 1329 2129 ad
1367 2091 1592 2130 maturum
1621 2094 1666 2130 et
1692 2100 1793 2145 gra-

171 2164 266 2200 tum
297 2171 458 2202 sonum
488 2156 674 2201 auribus
704 2157 929 2216 perduxit.
991 2157 1145 2201 lateris
1174 2158 1309 2201 etiam
1337 2155 1548 2201 firmitate
1588 2156 1793 2211 desectus

171 2228 295 2272 uires
325 2242 347 2270 a
376 2227 533 2272 labore
563 2234 797 2272 mutuatus
826 2235 909 2272 est.
972 2228 1142 2273 multos
1171 2229 1290 2273 enim
1318 2241 1482 2272 uersus
1510 2241 1600 2272 uno
1629 2228 1792 2287 spiritu

172 2297 548 2356 conplectebatur
595 2311 768 2357 eosque
815 2299 1003 2343 aduersa
1056 2298 1153 2343 loca
1200 2298 1336 2342 celeri
1382 2298 1525 2357 gradu
1572 2298 1790 2342 scandens
1815 2307 1859 2337 30

171 2367 512 2425 pronuntiabat,
543 2381 594 2411 ac
615 2368 799 2412 uadosis
822 2368 934 2413 locis
958 2370 1177 2413 insistens
1198 2369 1551 2413 declamationes
1576 2368 1791 2412 [luctuum

173 2437 434 2496 fragoribus
473 2437 816 2482 obluctantibus
856 2438 1031 2483 edebat.
1096 2439 1242 2482 fertur
1280 2452 1465 2497 quoque
1503 2439 1570 2482 ori
1606 2440 1792 2482 insertis

286 2562 334 2599 11
361 2559 603 2600 efferretur
627 2560 680 2610 Γ,
704 2563 818 2613 quod
836 2574 979 2600 uerum
1001 2561 1169 2600 uidetur
1231 2563 1280 2600 12
1305 2573 1520 2600 acernam
1545 2560 1674 2599 aditu
1695 2553 1784 2613 B'l'g

171 2617 556 2656 exercitationem
582 2617 802 2656 continua
825 2624 1081 2656 amaturum
1104 2610 1159 2656 B'
1213 2619 1263 2657 15
1286 2621 1488 2656 mutatus
1511 2611 1566 2656 B'
1628 2618 1679 2656 16
1701 2630 1791 2656 uno

167 2695 222 2700 —
247 2673 634 2725 conplectebatur
664 2673 706 2712 B
727 2676 770 2712 in
791 2687 882 2713 ras.
917 2674 1201 2725 (complebat
1222 2675 1346 2723 dett.)
1430 2675 1480 2712 19
1522 2672 1715 2713 sedebat
1735 2668 1789 2713 B'

169 2731 223 2770 20
245 2731 434 2770 auribus
458 2730 499 2769 B
522 2732 564 2769 in
586 2743 674 2769 ras,
690 2744 703 2769 :
738 2730 1002 2770 actionibus
1025 2732 1144 2776 dett„
1169 2730 1358 2770 auribus
1382 2729 1429 2768 in
1452 2730 1710 2769 actionibus
1733 2733 1789 2772 al.

168 2787 219 2824 21
245 2799 322 2827 ore
345 2787 442 2832 BP,
467 2800 540 2826 em.
568 2787 705 2827 Perz'z.
729 2788 823 2827 coll.
849 2789 886 2831 9,
911 2790 934 2825 1
956 2788 1012 2828 in.
1038 2788 1075 2826 9.
1103 2790 1138 2832 7,
1164 2789 1189 2825 2
1226 2783 1244 2839 Η
1287 2786 1492 2826 cauculis
1514 2780 1570 2825 B'
1631 2789 1683 2827 23
1706 2799 1790 2826 na-

168 2847 298 2883 turae
324 2843 508 2894 quidem
531 2843 572 2882 B

281 2901 335 2940 32
358 2899 640 2940 obluctantis
670 2893 725 2938 V'
742 2896 761 2952 Η
783 2894 858 2939 ore
890 2899 929 2937 V
