<?xml version="1.0" encoding="UTF-8"?>
<!DOCTYPE html PUBLIC "-//W3C//DTD XHTML 1.0 Transitional//EN"
    "http://www.w3.org/TR/xhtml1/DTD/xhtml1-transitional.dtd">
<html xmlns="http://www.w3.org/1999/xhtml" xml:lang="en" lang="en">
 <head>
  <title>
</title>
<meta http-equiv="Content-Type" content="text/html;charset=utf-8" />
  <meta name='ocr-system' content='tesseract 3.04.00' />
  <meta name='ocr-capabilities' content='ocr_page ocr_carea ocr_par ocr_line ocrx_word'/>
</head>
<body>
  <div class='ocr_page' id='page_1' title='image "./factorumetdictor00valeuoft_0384.png"; bbox 0 0 1936 3120; ppageno 0'>
   <div class='ocr_carea' id='block_1_1' title="bbox 184 130 1158 182">
    <p class='ocr_par' dir='ltr' id='par_1_1' title="bbox 184 130 1158 182">
     <span class='ocr_line' id='line_1_1' title="bbox 184 130 1158 182; baseline -0.004 0"><span class='ocrx_word' id='word_1_1' title='bbox 184 130 288 182; x_wconf 83' lang='lat'>356</span> <span class='ocrx_word' id='word_1_2' title='bbox 867 133 966 178; x_wconf 88' lang='lat' dir='ltr'><strong>LIB.</strong></span> <span class='ocrx_word' id='word_1_3' title='bbox 1007 133 1091 178; x_wconf 86' lang='lat' dir='ltr'>VII.</span> <span class='ocrx_word' id='word_1_4' title='bbox 1155 162 1158 165; x_wconf 92' lang='lat'><em>-</em></span> 
     </span>
    </p>
   </div>
   <div class='ocr_carea' id='block_1_2' title="bbox 119 239 1802 2125">
    <p class='ocr_par' dir='ltr' id='par_1_2' title="bbox 119 239 1802 2125">
     <span class='ocr_line' id='line_1_2' title="bbox 187 239 1794 311; baseline 0 -19"><span class='ocrx_word' id='word_1_5' title='bbox 187 258 309 292; x_wconf 90' lang='lat' dir='ltr'>cum</span> <span class='ocrx_word' id='word_1_6' title='bbox 336 239 539 309; x_wconf 84' lang='lat' dir='ltr'>alioqui</span> <span class='ocrx_word' id='word_1_7' title='bbox 565 240 650 290; x_wconf 89' lang='lat' dir='ltr'>uir</span> <span class='ocrx_word' id='word_1_8' title='bbox 676 241 926 306; x_wconf 83' lang='lat' dir='ltr'>egregius</span> <span class='ocrx_word' id='word_1_9' title='bbox 955 239 1247 292; x_wconf 88' lang='lat' dir='ltr'>haberetur</span> <span class='ocrx_word' id='word_1_10' title='bbox 1272 241 1615 311; x_wconf 80' lang='lat' dir='ltr'><strong>comitiisque</strong></span> <span class='ocrx_word' id='word_1_11' title='bbox 1639 259 1794 311; x_wconf 83' lang='lat' dir='ltr'>prae·</span> 
     </span>
     <span class='ocr_line' id='line_1_3' title="bbox 186 307 1791 378; baseline -0.001 -14"><span class='ocrx_word' id='word_1_12' title='bbox 186 310 338 363; x_wconf 85' lang='lat' dir='ltr'>toriis</span> <span class='ocrx_word' id='word_1_13' title='bbox 367 307 692 360; x_wconf 90' lang='lat' dir='ltr'>candidatus</span> <span class='ocrx_word' id='word_1_14' title='bbox 720 313 777 359; x_wconf 88' lang='lat' dir='ltr'>in</span> <span class='ocrx_word' id='word_1_15' title='bbox 803 327 1053 378; x_wconf 87' lang='lat' dir='ltr'>campum</span> <span class='ocrx_word' id='word_1_16' title='bbox 1078 309 1141 360; x_wconf 91' lang='lat' dir='ltr'>L.</span> <span class='ocrx_word' id='word_1_17' title='bbox 1170 309 1340 362; x_wconf 91' lang='lat' dir='ltr'>Paulo</span> <span class='ocrx_word' id='word_1_18' title='bbox 1367 329 1471 363; x_wconf 85' lang='lat' dir='ltr'>auo</span> <span class='ocrx_word' id='word_1_19' title='bbox 1499 321 1552 363; x_wconf 89' lang='lat' dir='ltr'>et</span> <span class='ocrx_word' id='word_1_20' title='bbox 1571 311 1632 363; x_wconf 88' lang='lat' dir='ltr'>P.</span> <span class='ocrx_word' id='word_1_21' title='bbox 1647 311 1791 377; x_wconf 81' lang='lat' dir='ltr'>Afri-</span> 
     </span>
     <span class='ocr_line' id='line_1_4' title="bbox 185 378 1791 450; baseline -0.001 -19"><span class='ocrx_word' id='word_1_22' title='bbox 185 398 319 431; x_wconf 88' lang='lat' dir='ltr'>cano</span> <span class='ocrx_word' id='word_1_23' title='bbox 360 378 628 429; x_wconf 90' lang='lat' dir='ltr'>auunculo</span> <span class='ocrx_word' id='word_1_24' title='bbox 666 380 827 430; x_wconf 82' lang='lat' dir='ltr'>nixus</span> <span class='ocrx_word' id='word_1_25' title='bbox 857 379 1257 446; x_wconf 77' lang='lat' dir='ltr'>descendisset,</span> <span class='ocrx_word' id='word_1_26' title='bbox 1286 380 1503 450; x_wconf 88' lang='lat' dir='ltr'>repulsa</span> <span class='ocrx_word' id='word_1_27' title='bbox 1527 380 1654 432; x_wconf 91' lang='lat' dir='ltr'>inde</span> <span class='ocrx_word' id='word_1_28' title='bbox 1680 380 1791 433; x_wconf 89' lang='lat' dir='ltr'>abi-</span> 
     </span>
     <span class='ocr_line' id='line_1_5' title="bbox 185 450 1795 519; baseline 0.001 -20"><span class='ocrx_word' id='word_1_29' title='bbox 185 457 267 500; x_wconf 89' lang='lat' dir='ltr'>ret</span> <span class='ocrx_word' id='word_1_30' title='bbox 301 456 535 500; x_wconf 68' lang='lat' dir='ltr'>notatus</span> <span class='ocrx_word' id='word_1_31' title='bbox 600 467 727 500; x_wconf 91' lang='lat' dir='ltr'>nam</span> <span class='ocrx_word' id='word_1_32' title='bbox 761 458 822 500; x_wconf 90' lang='lat' dir='ltr'>ut</span> <span class='ocrx_word' id='word_1_33' title='bbox 856 450 1116 518; x_wconf 87' lang='lat' dir='ltr'>priuatim</span> <span class='ocrx_word' id='word_1_34' title='bbox 1151 468 1365 519; x_wconf 87' lang='lat' dir='ltr'>semper</span> <span class='ocrx_word' id='word_1_35' title='bbox 1407 451 1795 502; x_wconf 84' lang='lat' dir='ltr'>continentiam</span> 
     </span>
     <span class='ocr_line' id='line_1_6' title="bbox 141 518 1792 589; baseline 0.002 -22"><span class='ocrx_word' id='word_1_36' title='bbox 141 535 162 567; x_wconf 84' lang='lat'><strong>5</strong></span> <span class='ocrx_word' id='word_1_37' title='bbox 185 518 521 588; x_wconf 84' lang='lat' dir='ltr'>probabant,</span> <span class='ocrx_word' id='word_1_38' title='bbox 566 518 895 588; x_wconf 77' lang='lat' dir='ltr'>ita-publice</span> <span class='ocrx_word' id='word_1_39' title='bbox 931 520 1169 570; x_wconf 84' lang='lat' dir='ltr'>maxima</span> <span class='ocrx_word' id='word_1_40' title='bbox 1202 538 1333 571; x_wconf 88' lang='lat' dir='ltr'>cura</span> <span class='ocrx_word' id='word_1_41' title='bbox 1369 519 1675 589; x_wconf 86' lang='lat' dir='ltr'>splendoris</span> <span class='ocrx_word' id='word_1_42' title='bbox 1700 521 1792 572; x_wconf 84' lang='lat' dir='ltr'>ha-</span> 
     </span>
     <span class='ocr_line' id='line_1_7' title="bbox 182 589 1791 658; baseline 0.001 -17"><span class='ocrx_word' id='word_1_43' title='bbox 182 589 302 642; x_wconf 88' lang='lat' dir='ltr'>bita</span> <span class='ocrx_word' id='word_1_44' title='bbox 327 594 425 639; x_wconf 90' lang='lat' dir='ltr'>est.</span> <span class='ocrx_word' id='word_1_45' title='bbox 491 589 745 658; x_wconf 82' lang='lat' dir='ltr'>quocirca</span> <span class='ocrx_word' id='word_1_46' title='bbox 770 589 899 640; x_wconf 88' lang='lat' dir='ltr'>urbs</span> <span class='ocrx_word' id='word_1_47' title='bbox 920 608 1028 641; x_wconf 89' lang='lat' dir='ltr'>non</span> <span class='ocrx_word' id='word_1_48' title='bbox 1048 590 1208 640; x_wconf 92' lang='lat' dir='ltr'>unius</span> <span class='ocrx_word' id='word_1_49' title='bbox 1233 590 1470 641; x_wconf 90' lang='lat' dir='ltr'>conuiuii</span> <span class='ocrx_word' id='word_1_50' title='bbox 1490 609 1791 657; x_wconf 89' lang='lat' dir='ltr'>numerum,</span> 
     </span>
     <span class='ocr_line' id='line_1_8' title="bbox 185 658 1791 727; baseline 0.001 -17"><span class='ocrx_word' id='word_1_51' title='bbox 185 658 281 710; x_wconf 88' lang='lat' dir='ltr'>sed</span> <span class='ocrx_word' id='word_1_52' title='bbox 307 665 478 711; x_wconf 89' lang='lat' dir='ltr'>totam</span> <span class='ocrx_word' id='word_1_53' title='bbox 504 677 559 710; x_wconf 90' lang='lat' dir='ltr'>se</span> <span class='ocrx_word' id='word_1_54' title='bbox 586 659 644 709; x_wconf 91' lang='lat' dir='ltr'>in</span> <span class='ocrx_word' id='word_1_55' title='bbox 669 658 778 709; x_wconf 89' lang='lat' dir='ltr'>illis</span> <span class='ocrx_word' id='word_1_56' title='bbox 807 658 1074 727; x_wconf 85' lang='lat' dir='ltr'>pelliculis</span> <span class='ocrx_word' id='word_1_57' title='bbox 1111 660 1343 710; x_wconf 89' lang='lat' dir='ltr'>iacuisse</span> <span class='ocrx_word' id='word_1_58' title='bbox 1374 660 1596 711; x_wconf 84' lang='lat' dir='ltr'>credens</span> <span class='ocrx_word' id='word_1_59' title='bbox 1633 661 1791 712; x_wconf 92' lang='lat' dir='ltr'>rubo-</span> 
     </span>
     <span class='ocr_line' id='line_1_9' title="bbox 184 728 1268 797; baseline 0.002 -17"><span class='ocrx_word' id='word_1_60' title='bbox 184 747 299 781; x_wconf 88' lang='lat' dir='ltr'>rem</span> <span class='ocrx_word' id='word_1_61' title='bbox 325 728 474 797; x_wconf 90' lang='lat' dir='ltr'>epuli</span> <span class='ocrx_word' id='word_1_62' title='bbox 503 729 776 796; x_wconf 83' lang='lat' dir='ltr'>suffragiis</span> <span class='ocrx_word' id='word_1_63' title='bbox 807 730 919 780; x_wconf 90' lang='lat' dir='ltr'>suis</span> <span class='ocrx_word' id='word_1_64' title='bbox 947 729 1268 783; x_wconf 90' lang='lat' dir='ltr'>uindicauit.</span> 
     </span>
     <span class='ocr_line' id='line_1_10' title="bbox 288 798 1792 868; baseline 0.001 -20"><span class='ocrx_word' id='word_1_65' title='bbox 288 798 339 849; x_wconf 79' lang='lat'>2.</span> <span class='ocrx_word' id='word_1_66' title='bbox 379 798 607 851; x_wconf 85' lang='lat' dir='ltr'>Publius</span> <span class='ocrx_word' id='word_1_67' title='bbox 629 807 810 850; x_wconf 89' lang='lat' dir='ltr'>autem</span> <span class='ocrx_word' id='word_1_68' title='bbox 828 798 1010 868; x_wconf 80' lang='lat' dir='ltr'>Scipio</span> <span class='ocrx_word' id='word_1_69' title='bbox 1033 798 1250 863; x_wconf 79' lang='lat' dir='ltr'>Nasica,</span> <span class='ocrx_word' id='word_1_70' title='bbox 1278 806 1498 867; x_wconf 88' lang='lat' dir='ltr'>togatae</span> <span class='ocrx_word' id='word_1_71' title='bbox 1518 799 1792 868; x_wconf 87' lang='lat' dir='ltr'>potentiae</span> 
     </span>
     <span class='ocr_line' id='line_1_11' title="bbox 119 867 1793 937; baseline 0.002 -21"><span class='ocrx_word' id='word_1_72' title='bbox 119 886 161 918; x_wconf 91' lang='lat'>10</span> <span class='ocrx_word' id='word_1_73' title='bbox 185 867 550 920; x_wconf 91' lang='lat' dir='ltr'>clarissimum</span> <span class='ocrx_word' id='word_1_74' title='bbox 577 867 785 933; x_wconf 92' lang='lat' dir='ltr'>lumen,</span> <span class='ocrx_word' id='word_1_75' title='bbox 824 869 916 937; x_wconf 83' lang='lat' dir='ltr'>qui</span> <span class='ocrx_word' id='word_1_76' title='bbox 943 869 1131 921; x_wconf 91' lang='lat' dir='ltr'>consul</span> <span class='ocrx_word' id='word_1_77' title='bbox 1158 870 1452 937; x_wconf 84' lang='lat' dir='ltr'>Iugurthae</span> <span class='ocrx_word' id='word_1_78' title='bbox 1486 867 1691 920; x_wconf 90' lang='lat' dir='ltr'>bellum</span> <span class='ocrx_word' id='word_1_79' title='bbox 1715 869 1793 919; x_wconf 90' lang='lat' dir='ltr'>in-</span> 
     </span>
     <span class='ocr_line' id='line_1_12' title="bbox 185 938 1794 1008; baseline 0.001 -19"><span class='ocrx_word' id='word_1_80' title='bbox 185 938 355 1005; x_wconf 78' lang='lat' dir='ltr'>dixit,</span> <span class='ocrx_word' id='word_1_81' title='bbox 386 939 480 1008; x_wconf 93' lang='lat' dir='ltr'>qui</span> <span class='ocrx_word' id='word_1_82' title='bbox 506 946 736 989; x_wconf 88' lang='lat' dir='ltr'>matrem</span> <span class='ocrx_word' id='word_1_83' title='bbox 765 939 989 990; x_wconf 86' lang='lat' dir='ltr'>Idaeam</span> <span class='ocrx_word' id='word_1_84' title='bbox 1018 958 1045 990; x_wconf 90' lang='lat' dir='ltr'>e</span> <span class='ocrx_word' id='word_1_85' title='bbox 1072 939 1326 1008; x_wconf 83' lang='lat' dir='ltr'>Phrygiis</span> <span class='ocrx_word' id='word_1_86' title='bbox 1356 938 1577 990; x_wconf 89' lang='lat' dir='ltr'>sedibus</span> <span class='ocrx_word' id='word_1_87' title='bbox 1607 938 1677 990; x_wconf 91' lang='lat' dir='ltr'>ad</span> <span class='ocrx_word' id='word_1_88' title='bbox 1702 957 1794 990; x_wconf 92' lang='lat' dir='ltr'>no-</span> 
     </span>
     <span class='ocr_line' id='line_1_13' title="bbox 185 1008 1794 1078; baseline -0.001 -17"><span class='ocrx_word' id='word_1_89' title='bbox 185 1017 326 1061; x_wconf 90' lang='lat' dir='ltr'>stras</span> <span class='ocrx_word' id='word_1_90' title='bbox 355 1027 479 1060; x_wconf 89' lang='lat' dir='ltr'>aras</span> <span class='ocrx_word' id='word_1_91' title='bbox 507 1008 768 1078; x_wconf 85' lang='lat' dir='ltr'>focosque</span> <span class='ocrx_word' id='word_1_92' title='bbox 795 1010 1119 1077; x_wconf 85' lang='lat' dir='ltr'>migrantem</span> <span class='ocrx_word' id='word_1_93' title='bbox 1156 1008 1517 1060; x_wconf 87' lang='lat' dir='ltr'>sanctissimis</span> <span class='ocrx_word' id='word_1_94' title='bbox 1543 1009 1794 1060; x_wconf 90' lang='lat' dir='ltr'>manibus</span> 
     </span>
     <span class='ocr_line' id='line_1_14' title="bbox 185 1078 1794 1148; baseline -0.001 -18"><span class='ocrx_word' id='word_1_95' title='bbox 185 1079 418 1148; x_wconf 79' lang='lat' dir='ltr'>excepit,</span> <span class='ocrx_word' id='word_1_96' title='bbox 448 1079 539 1148; x_wconf 91' lang='lat' dir='ltr'>qui</span> <span class='ocrx_word' id='word_1_97' title='bbox 566 1078 764 1130; x_wconf 88' lang='lat' dir='ltr'>multas</span> <span class='ocrx_word' id='word_1_98' title='bbox 794 1086 847 1130; x_wconf 86' lang='lat' dir='ltr'>et</span> <span class='ocrx_word' id='word_1_99' title='bbox 874 1080 1161 1148; x_wconf 85' lang='lat' dir='ltr'>pestiferas</span> <span class='ocrx_word' id='word_1_100' title='bbox 1190 1078 1480 1130; x_wconf 90' lang='lat' dir='ltr'>seditiones</span> <span class='ocrx_word' id='word_1_101' title='bbox 1509 1078 1794 1131; x_wconf 89' lang='lat' dir='ltr'>auctorita—</span> 
     </span>
     <span class='ocr_line' id='line_1_15' title="bbox 182 1149 1797 1219; baseline -0.001 -19"><span class='ocrx_word' id='word_1_102' title='bbox 182 1149 252 1200; x_wconf 90' lang='lat' dir='ltr'>tis</span> <span class='ocrx_word' id='word_1_103' title='bbox 281 1167 412 1200; x_wconf 90' lang='lat' dir='ltr'>suae</span> <span class='ocrx_word' id='word_1_104' title='bbox 448 1153 643 1201; x_wconf 87' lang='lat' dir='ltr'>robore</span> <span class='ocrx_word' id='word_1_105' title='bbox 680 1151 982 1218; x_wconf 88' lang='lat' dir='ltr'>oppressit,</span> <span class='ocrx_word' id='word_1_106' title='bbox 1021 1149 1407 1219; x_wconf 40' lang='lat' dir='ltr'>quo‘principe</span> <span class='ocrx_word' id='word_1_107' title='bbox 1446 1158 1666 1200; x_wconf 90' lang='lat' dir='ltr'>senatus</span> <span class='ocrx_word' id='word_1_108' title='bbox 1700 1166 1797 1218; x_wconf 91' lang='lat' dir='ltr'>per</span> 
     </span>
     <span class='ocr_line' id='line_1_16' title="bbox 120 1217 1796 1288; baseline 0.001 -21"><span class='ocrx_word' id='word_1_109' title='bbox 120 1236 162 1268; x_wconf 86' lang='lat'>15</span> <span class='ocrx_word' id='word_1_110' title='bbox 186 1217 392 1288; x_wconf 90' lang='lat' dir='ltr'>aliquot</span> <span class='ocrx_word' id='word_1_111' title='bbox 419 1237 587 1270; x_wconf 81' lang='lat' dir='ltr'>annos</span> <span class='ocrx_word' id='word_1_112' title='bbox 617 1218 881 1287; x_wconf 84' lang='lat' dir='ltr'>gloriatus</span> <span class='ocrx_word' id='word_1_113' title='bbox 910 1228 1009 1284; x_wconf 91' lang='lat' dir='ltr'>est,</span> <span class='ocrx_word' id='word_1_114' title='bbox 1039 1237 1162 1270; x_wconf 91' lang='lat' dir='ltr'>cum</span> <span class='ocrx_word' id='word_1_115' title='bbox 1189 1219 1524 1270; x_wconf 87' lang='lat' dir='ltr'>aedilitatem</span> <span class='ocrx_word' id='word_1_116' title='bbox 1553 1219 1796 1270; x_wconf 90' lang='lat' dir='ltr'>curulem</span> 
     </span>
     <span class='ocr_line' id='line_1_17' title="bbox 185 1288 1794 1358; baseline -0.002 -18"><span class='ocrx_word' id='word_1_117' title='bbox 185 1289 505 1340; x_wconf 90' lang='lat' dir='ltr'>adulescens</span> <span class='ocrx_word' id='word_1_118' title='bbox 524 1296 735 1358; x_wconf 88' lang='lat' dir='ltr'>peteret</span> <span class='ocrx_word' id='word_1_119' title='bbox 753 1307 1077 1358; x_wconf 90' lang='lat' dir='ltr'>manumque</span> <span class='ocrx_word' id='word_1_120' title='bbox 1098 1288 1386 1340; x_wconf 91' lang='lat' dir='ltr'>cuiusdam</span> <span class='ocrx_word' id='word_1_121' title='bbox 1406 1290 1607 1341; x_wconf 83' lang='lat' dir='ltr'>rustico</span> <span class='ocrx_word' id='word_1_122' title='bbox 1633 1305 1794 1357; x_wconf 92' lang='lat' dir='ltr'>opere</span> 
     </span>
     <span class='ocr_line' id='line_1_18' title="bbox 187 1357 1795 1427; baseline -0.001 -17"><span class='ocrx_word' id='word_1_123' title='bbox 187 1358 439 1410; x_wconf 89' lang='lat' dir='ltr'>duratam</span> <span class='ocrx_word' id='word_1_124' title='bbox 474 1377 624 1410; x_wconf 89' lang='lat' dir='ltr'>more</span> <span class='ocrx_word' id='word_1_125' title='bbox 667 1359 1083 1410; x_wconf 84' lang='lat' dir='ltr'>candidatorum</span> <span class='ocrx_word' id='word_1_126' title='bbox 1124 1358 1370 1410; x_wconf 88' lang='lat' dir='ltr'>tenacius</span> <span class='ocrx_word' id='word_1_127' title='bbox 1409 1357 1795 1427; x_wconf 81' lang='lat' dir='ltr'>adprehendis-</span> 
     </span>
     <span class='ocr_line' id='line_1_19' title="bbox 187 1427 1795 1496; baseline -0.001 -17"><span class='ocrx_word' id='word_1_128' title='bbox 187 1437 287 1494; x_wconf 88' lang='lat' dir='ltr'>set,</span> <span class='ocrx_word' id='word_1_129' title='bbox 315 1429 419 1481; x_wconf 91' lang='lat' dir='ltr'>ioci</span> <span class='ocrx_word' id='word_1_130' title='bbox 445 1429 622 1495; x_wconf 85' lang='lat' dir='ltr'>gratia</span> <span class='ocrx_word' id='word_1_131' title='bbox 648 1429 1008 1496; x_wconf 83' lang='lat' dir='ltr'>interrogauit</span> <span class='ocrx_word' id='word_1_132' title='bbox 1036 1447 1158 1478; x_wconf 86' lang='lat' dir='ltr'>eum</span> <span class='ocrx_word' id='word_1_133' title='bbox 1183 1447 1312 1478; x_wconf 92' lang='lat' dir='ltr'>num</span> <span class='ocrx_word' id='word_1_134' title='bbox 1333 1428 1582 1480; x_wconf 86' lang='lat' dir='ltr'>manibus</span> <span class='ocrx_word' id='word_1_135' title='bbox 1604 1427 1795 1479; x_wconf 89' lang='lat' dir='ltr'>solitus</span> 
     </span>
     <span class='ocr_line' id='line_1_20' title="bbox 189 1497 1796 1567; baseline -0.001 -18"><span class='ocrx_word' id='word_1_136' title='bbox 189 1506 333 1550; x_wconf 89' lang='lat' dir='ltr'>esset</span> <span class='ocrx_word' id='word_1_137' title='bbox 369 1497 663 1550; x_wconf 88' lang='lat' dir='ltr'>ambulare.</span> <span class='ocrx_word' id='word_1_138' title='bbox 726 1498 871 1567; x_wconf 92' lang='lat' dir='ltr'>quod</span> <span class='ocrx_word' id='word_1_139' title='bbox 907 1499 1109 1549; x_wconf 89' lang='lat' dir='ltr'>dictum</span> <span class='ocrx_word' id='word_1_140' title='bbox 1145 1517 1177 1548; x_wconf 91' lang='lat' dir='ltr'>a</span> <span class='ocrx_word' id='word_1_141' title='bbox 1203 1498 1678 1550; x_wconf 86' lang='lat' dir='ltr'>circumstantibus</span> <span class='ocrx_word' id='word_1_142' title='bbox 1707 1515 1796 1548; x_wconf 79' lang='lat' dir='ltr'>ex-</span> 
     </span>
     <span class='ocr_line' id='line_1_21' title="bbox 125 1566 1797 1637; baseline 0 -20"><span class='ocrx_word' id='word_1_143' title='bbox 125 1586 167 1618; x_wconf 85' lang='lat'>20</span> <span class='ocrx_word' id='word_1_144' title='bbox 192 1577 410 1637; x_wconf 90' lang='lat' dir='ltr'>ceptum</span> <span class='ocrx_word' id='word_1_145' title='bbox 435 1567 506 1619; x_wconf 91' lang='lat' dir='ltr'>ad</span> <span class='ocrx_word' id='word_1_146' title='bbox 525 1567 783 1637; x_wconf 93' lang='lat' dir='ltr'>populum</span> <span class='ocrx_word' id='word_1_147' title='bbox 804 1570 1047 1619; x_wconf 89' lang='lat' dir='ltr'>manauit</span> <span class='ocrx_word' id='word_1_148' title='bbox 1067 1586 1395 1637; x_wconf 74' lang='lat' dir='ltr'>causamque</span> <span class='ocrx_word' id='word_1_149' title='bbox 1416 1566 1665 1637; x_wconf 91' lang='lat' dir='ltr'>repulsae</span> <span class='ocrx_word' id='word_1_150' title='bbox 1687 1566 1797 1618; x_wconf 85' lang='lat' dir='ltr'>Sci-</span> 
     </span>
     <span class='ocr_line' id='line_1_22' title="bbox 193 1637 1798 1708; baseline -0.001 -20"><span class='ocrx_word' id='word_1_151' title='bbox 193 1639 343 1708; x_wconf 58' lang='lat' dir='ltr'>pio‘ni</span> <span class='ocrx_word' id='word_1_152' title='bbox 369 1637 569 1690; x_wconf 90' lang='lat' dir='ltr'>attulit.</span> <span class='ocrx_word' id='word_1_153' title='bbox 632 1656 816 1690; x_wconf 90' lang='lat' dir='ltr'>omnes</span> <span class='ocrx_word' id='word_1_154' title='bbox 845 1656 1078 1707; x_wconf 87' lang='lat' dir='ltr'>namque</span> <span class='ocrx_word' id='word_1_155' title='bbox 1105 1638 1342 1689; x_wconf 89' lang='lat' dir='ltr'>rusticae</span> <span class='ocrx_word' id='word_1_156' title='bbox 1369 1637 1541 1689; x_wconf 90' lang='lat' dir='ltr'>tribus</span> <span class='ocrx_word' id='word_1_157' title='bbox 1571 1654 1798 1706; x_wconf 90' lang='lat' dir='ltr'>pauper—</span> 
     </span>
     <span class='ocr_line' id='line_1_23' title="bbox 190 1707 1799 1777; baseline -0.001 -18"><span class='ocrx_word' id='word_1_158' title='bbox 190 1716 363 1766; x_wconf 82' lang='lat' dir='ltr'>tatem</span> <span class='ocrx_word' id='word_1_159' title='bbox 390 1708 494 1760; x_wconf 90' lang='lat' dir='ltr'>sibi</span> <span class='ocrx_word' id='word_1_160' title='bbox 522 1708 591 1760; x_wconf 89' lang='lat' dir='ltr'>ab</span> <span class='ocrx_word' id='word_1_161' title='bbox 620 1727 680 1760; x_wconf 90' lang='lat' dir='ltr'>eo</span> <span class='ocrx_word' id='word_1_162' title='bbox 709 1708 1094 1777; x_wconf 75' lang='lat' dir='ltr'>exprobratam</span> <span class='ocrx_word' id='word_1_163' title='bbox 1131 1707 1434 1759; x_wconf 89' lang='lat' dir='ltr'>iudicantes</span> <span class='ocrx_word' id='word_1_164' title='bbox 1473 1708 1612 1758; x_wconf 87' lang='lat' dir='ltr'>iram</span> <span class='ocrx_word' id='word_1_165' title='bbox 1646 1724 1799 1758; x_wconf 88' lang='lat' dir='ltr'>suam</span> 
     </span>
     <span class='ocr_line' id='line_1_24' title="bbox 193 1777 1799 1830; baseline -0.001 -1"><span class='ocrx_word' id='word_1_166' title='bbox 193 1779 456 1830; x_wconf 88' lang='lat' dir='ltr'>aduersus</span> <span class='ocrx_word' id='word_1_167' title='bbox 484 1777 933 1830; x_wconf 86' lang='lat' dir='ltr'>contumeliosam</span> <span class='ocrx_word' id='word_1_168' title='bbox 960 1779 1074 1829; x_wconf 90' lang='lat' dir='ltr'>eius</span> <span class='ocrx_word' id='word_1_169' title='bbox 1102 1778 1470 1829; x_wconf 88' lang='lat' dir='ltr'>urbanitatem</span> <span class='ocrx_word' id='word_1_170' title='bbox 1497 1778 1799 1829; x_wconf 79' lang='lat' dir='ltr'>destrinxe-</span> 
     </span>
     <span class='ocr_line' id='line_1_25' title="bbox 193 1846 1802 1916; baseline -0.002 -17"><span class='ocrx_word' id='word_1_171' title='bbox 193 1857 337 1900; x_wconf 88' lang='lat' dir='ltr'>runt.</span> <span class='ocrx_word' id='word_1_172' title='bbox 386 1848 557 1916; x_wconf 84' lang='lat' dir='ltr'>igitur</span> <span class='ocrx_word' id='word_1_173' title='bbox 582 1848 772 1900; x_wconf 83' lang='lat' dir='ltr'>ciuitas</span> <span class='ocrx_word' id='word_1_174' title='bbox 799 1858 989 1900; x_wconf 88' lang='lat' dir='ltr'>nostra</span> <span class='ocrx_word' id='word_1_175' title='bbox 1014 1848 1279 1899; x_wconf 86' lang='lat' dir='ltr'>nobilium</span> <span class='ocrx_word' id='word_1_176' title='bbox 1305 1848 1562 1898; x_wconf 88' lang='lat' dir='ltr'>iuuenum</span> <span class='ocrx_word' id='word_1_177' title='bbox 1581 1846 1802 1915; x_wconf 85' lang='lat' dir='ltr'>ingenia</span> 
     </span>
     <span class='ocr_line' id='line_1_26' title="bbox 130 1915 1800 1986; baseline -0.001 -19"><span class='ocrx_word' id='word_1_178' title='bbox 130 1936 171 1968; x_wconf 81' lang='lat'>25</span> <span class='ocrx_word' id='word_1_179' title='bbox 195 1918 265 1971; x_wconf 90' lang='lat' dir='ltr'>ab</span> <span class='ocrx_word' id='word_1_180' title='bbox 292 1919 586 1970; x_wconf 87' lang='lat' dir='ltr'>insolentia</span> <span class='ocrx_word' id='word_1_181' title='bbox 611 1918 919 1970; x_wconf 87' lang='lat' dir='ltr'>reuocando</span> <span class='ocrx_word' id='word_1_182' title='bbox 957 1936 1182 1986; x_wconf 85' lang='lat' dir='ltr'>magnos</span> <span class='ocrx_word' id='word_1_183' title='bbox 1210 1926 1264 1969; x_wconf 91' lang='lat' dir='ltr'>et</span> <span class='ocrx_word' id='word_1_184' title='bbox 1289 1917 1452 1968; x_wconf 89' lang='lat' dir='ltr'>utiles</span> <span class='ocrx_word' id='word_1_185' title='bbox 1480 1917 1623 1968; x_wconf 90' lang='lat' dir='ltr'>ciues</span> <span class='ocrx_word' id='word_1_186' title='bbox 1650 1915 1800 1980; x_wconf 83' lang='lat' dir='ltr'>fecit,</span> 
     </span>
     <span class='ocr_line' id='line_1_27' title="bbox 194 1985 1799 2057; baseline -0.002 -19"><span class='ocrx_word' id='word_1_187' title='bbox 194 1988 624 2057; x_wconf 90' lang='lat' dir='ltr'>honoribusque,</span> <span class='ocrx_word' id='word_1_188' title='bbox 666 2007 772 2040; x_wconf 91' lang='lat' dir='ltr'>non</span> <span class='ocrx_word' id='word_1_189' title='bbox 798 1988 1052 2057; x_wconf 88' lang='lat' dir='ltr'>patiendo</span> <span class='ocrx_word' id='word_1_190' title='bbox 1082 2005 1171 2038; x_wconf 90' lang='lat' dir='ltr'>eos</span> <span class='ocrx_word' id='word_1_191' title='bbox 1202 2006 1234 2038; x_wconf 90' lang='lat' dir='ltr'>a</span> <span class='ocrx_word' id='word_1_192' title='bbox 1261 1987 1463 2038; x_wconf 87' lang='lat' dir='ltr'>securis</span> <span class='ocrx_word' id='word_1_193' title='bbox 1492 1987 1622 2056; x_wconf 87' lang='lat' dir='ltr'>peti,</span> <span class='ocrx_word' id='word_1_194' title='bbox 1652 1985 1799 2038; x_wconf 84' lang='lat' dir='ltr'>debi-</span> 
     </span>
     <span class='ocr_line' id='line_1_28' title="bbox 197 2057 1164 2125; baseline -0.002 -16"><span class='ocrx_word' id='word_1_195' title='bbox 197 2066 312 2109; x_wconf 89' lang='lat' dir='ltr'>tum</span> <span class='ocrx_word' id='word_1_196' title='bbox 339 2058 679 2110; x_wconf 86' lang='lat' dir='ltr'>auctoritatis</span> <span class='ocrx_word' id='word_1_197' title='bbox 707 2058 919 2125; x_wconf 87' lang='lat' dir='ltr'>pondus</span> <span class='ocrx_word' id='word_1_198' title='bbox 949 2057 1164 2108; x_wconf 89' lang='lat' dir='ltr'>adiecit.</span> 
     </span>
    </p>
   </div>
   <div class='ocr_carea' id='block_1_3' title="bbox 87 2176 1805 2739">
    <p class='ocr_par' dir='ltr' id='par_1_3' title="bbox 87 2176 1801 2315">
     <span class='ocr_line' id='line_1_29' title="bbox 87 2176 1801 2247; baseline -0.002 -13"><span class='ocrx_word' id='word_1_199' title='bbox 87 2201 175 2234; x_wconf 83' lang='lat' dir='ltr'>Par.</span> <span class='ocrx_word' id='word_1_200' title='bbox 202 2190 365 2234; x_wconf 79' lang='lat' dir='ltr'>strauit</span> <span class='ocrx_word' id='word_1_201' title='bbox 402 2196 446 2232; x_wconf 87' lang='lat' dir='ltr'>et</span> <span class='ocrx_word' id='word_1_202' title='bbox 480 2203 561 2247; x_wconf 82' lang='lat' dir='ltr'>pro</span> <span class='ocrx_word' id='word_1_203' title='bbox 599 2190 825 2246; x_wconf 78' lang='lat' dir='ltr'>argenteis</span> <span class='ocrx_word' id='word_1_204' title='bbox 864 2189 983 2231; x_wconf 78' lang='lat' dir='ltr'>uasis</span> <span class='ocrx_word' id='word_1_205' title='bbox 1012 2187 1155 2230; x_wconf 76' lang='lat' dir='ltr'>Samia</span> <span class='ocrx_word' id='word_1_206' title='bbox 1194 2188 1415 2246; x_wconf 79' lang='lat' dir='ltr'>exposuit.</span> <span class='ocrx_word' id='word_1_207' title='bbox 1481 2188 1608 2230; x_wconf 89' lang='lat' dir='ltr'>cuius</span> <span class='ocrx_word' id='word_1_208' title='bbox 1635 2189 1699 2230; x_wconf 86' lang='lat' dir='ltr'>rci</span> <span class='ocrx_word' id='word_1_209' title='bbox 1727 2176 1801 2230; x_wconf 88' lang='lat' dir='ltr'>de-</span> 
     </span>
     <span class='ocr_line' id='line_1_30' title="bbox 202 2256 1801 2315; baseline -0.003 -12"><span class='ocrx_word' id='word_1_210' title='bbox 202 2259 405 2304; x_wconf 82' lang='lat' dir='ltr'>formitas</span> <span class='ocrx_word' id='word_1_211' title='bbox 434 2259 499 2302; x_wconf 89' lang='lat' dir='ltr'>sic</span> <span class='ocrx_word' id='word_1_212' title='bbox 525 2271 681 2302; x_wconf 87' lang='lat' dir='ltr'>omnes</span> <span class='ocrx_word' id='word_1_213' title='bbox 709 2257 919 2307; x_wconf 79' lang='lat' dir='ltr'>offendit,</span> <span class='ocrx_word' id='word_1_214' title='bbox 960 2264 1007 2301; x_wconf 87' lang='lat' dir='ltr'>ut</span> <span class='ocrx_word' id='word_1_215' title='bbox 1034 2271 1133 2301; x_wconf 88' lang='lat' dir='ltr'>cum</span> <span class='ocrx_word' id='word_1_216' title='bbox 1162 2256 1356 2301; x_wconf 82' lang='lat' dir='ltr'>comitiis</span> <span class='ocrx_word' id='word_1_217' title='bbox 1383 2257 1624 2315; x_wconf 81' lang='lat' dir='ltr'>praetoriis</span> <span class='ocrx_word' id='word_1_218' title='bbox 1652 2256 1801 2300; x_wconf 84' lang='lat' dir='ltr'>candi-</span> 
     </span>
    </p>

    <p class='ocr_par' dir='ltr' id='par_1_4' title="bbox 137 2326 1805 2669">
     <span class='ocr_line' id='line_1_31' title="bbox 137 2326 1801 2386; baseline -0.002 -14"><span class='ocrx_word' id='word_1_219' title='bbox 137 2341 177 2372; x_wconf 85' lang='lat'>30</span> <span class='ocrx_word' id='word_1_220' title='bbox 201 2330 331 2374; x_wconf 87' lang='lat' dir='ltr'>datus</span> <span class='ocrx_word' id='word_1_221' title='bbox 359 2330 405 2373; x_wconf 89' lang='lat' dir='ltr'>in</span> <span class='ocrx_word' id='word_1_222' title='bbox 432 2329 581 2372; x_wconf 87' lang='lat' dir='ltr'>sorum</span> <span class='ocrx_word' id='word_1_223' title='bbox 608 2327 931 2377; x_wconf 79' lang='lat' dir='ltr'>descendisset,</span> <span class='ocrx_word' id='word_1_224' title='bbox 959 2328 1139 2386; x_wconf 82' lang='lat' dir='ltr'>repulsa</span> <span class='ocrx_word' id='word_1_225' title='bbox 1162 2333 1345 2370; x_wconf 77' lang='lat' dir='ltr'>notatus</span> <span class='ocrx_word' id='word_1_226' title='bbox 1371 2326 1634 2370; x_wconf 85' lang='lat' dir='ltr'>discederet.</span> <span class='ocrx_word' id='word_1_227' title='bbox 1686 2329 1726 2368; x_wconf 82' lang='lat'>2.</span> <span class='ocrx_word' id='word_1_228' title='bbox 1753 2326 1801 2370; x_wconf 90' lang='lat' dir='ltr'>P.</span> 
     </span>
     <span class='ocr_line' id='line_1_32' title="bbox 199 2396 1802 2458; baseline -0.002 -15"><span class='ocrx_word' id='word_1_229' title='bbox 199 2399 381 2450; x_wconf 81' lang='lat' dir='ltr'>Nasica,</span> <span class='ocrx_word' id='word_1_230' title='bbox 419 2400 456 2442; x_wconf 90' lang='lat' dir='ltr'>is</span> <span class='ocrx_word' id='word_1_231' title='bbox 498 2400 574 2458; x_wconf 92' lang='lat' dir='ltr'>qui</span> <span class='ocrx_word' id='word_1_232' title='bbox 603 2398 761 2443; x_wconf 86' lang='lat' dir='ltr'>consul</span> <span class='ocrx_word' id='word_1_233' title='bbox 796 2397 1041 2456; x_wconf 78' lang='lat' dir='ltr'>Iugurthae</span> <span class='ocrx_word' id='word_1_234' title='bbox 1076 2396 1245 2441; x_wconf 83' lang='lat' dir='ltr'>bellum</span> <span class='ocrx_word' id='word_1_235' title='bbox 1284 2397 1463 2446; x_wconf 85' lang='lat' dir='ltr'>indixit,</span> <span class='ocrx_word' id='word_1_236' title='bbox 1501 2398 1577 2455; x_wconf 88' lang='lat' dir='ltr'>qui</span> <span class='ocrx_word' id='word_1_237' title='bbox 1615 2403 1802 2440; x_wconf 83' lang='lat' dir='ltr'>matrem</span> 
     </span>
     <span class='ocr_line' id='line_1_33' title="bbox 200 2466 1803 2529; baseline -0.002 -15"><span class='ocrx_word' id='word_1_238' title='bbox 200 2469 374 2529; x_wconf 78' lang='lat' dir='ltr'>Idaeam</span> <span class='ocrx_word' id='word_1_239' title='bbox 402 2469 697 2513; x_wconf 69' lang='lat' dir='ltr'>sanctissimis</span> <span class='ocrx_word' id='word_1_240' title='bbox 726 2467 932 2512; x_wconf 84' lang='lat' dir='ltr'>manibus</span> <span class='ocrx_word' id='word_1_241' title='bbox 960 2468 1148 2526; x_wconf 87' lang='lat' dir='ltr'>excepit,</span> <span class='ocrx_word' id='word_1_242' title='bbox 1178 2480 1278 2510; x_wconf 89' lang='lat' dir='ltr'>cum</span> <span class='ocrx_word' id='word_1_243' title='bbox 1305 2467 1577 2511; x_wconf 83' lang='lat' dir='ltr'>aedilitatem</span> <span class='ocrx_word' id='word_1_244' title='bbox 1604 2466 1803 2510; x_wconf 87' lang='lat' dir='ltr'>curulem</span> 
     </span>
     <span class='ocr_line' id='line_1_34' title="bbox 201 2536 1805 2599; baseline -0.003 -15"><span class='ocrx_word' id='word_1_245' title='bbox 201 2546 379 2599; x_wconf 85' lang='lat' dir='ltr'>peteret</span> <span class='ocrx_word' id='word_1_246' title='bbox 414 2553 686 2598; x_wconf 85' lang='lat' dir='ltr'>manumque</span> <span class='ocrx_word' id='word_1_247' title='bbox 724 2537 953 2583; x_wconf 81' lang='lat' dir='ltr'>cuiusdam</span> <span class='ocrx_word' id='word_1_248' title='bbox 990 2538 1161 2581; x_wconf 87' lang='lat' dir='ltr'>rustico</span> <span class='ocrx_word' id='word_1_249' title='bbox 1203 2551 1340 2596; x_wconf 85' lang='lat' dir='ltr'>opere</span> <span class='ocrx_word' id='word_1_250' title='bbox 1377 2537 1580 2581; x_wconf 86' lang='lat' dir='ltr'>duratam</span> <span class='ocrx_word' id='word_1_251' title='bbox 1617 2536 1805 2595; x_wconf 85' lang='lat' dir='ltr'>adpren-</span> 
     </span>
     <span class='ocr_line' id='line_1_35' title="bbox 202 2606 1805 2669; baseline -0.003 -15"><span class='ocrx_word' id='word_1_252' title='bbox 202 2610 367 2659; x_wconf 87' lang='lat' dir='ltr'>disset‚</span> <span class='ocrx_word' id='word_1_253' title='bbox 404 2611 491 2655; x_wconf 88' lang='lat' dir='ltr'>ioci</span> <span class='ocrx_word' id='word_1_254' title='bbox 528 2611 673 2669; x_wconf 79' lang='lat' dir='ltr'>gratia</span> <span class='ocrx_word' id='word_1_255' title='bbox 709 2609 1012 2667; x_wconf 82' lang='lat' dir='ltr'>interrogauit</span> <span class='ocrx_word' id='word_1_256' title='bbox 1048 2621 1148 2651; x_wconf 89' lang='lat' dir='ltr'>eum</span> <span class='ocrx_word' id='word_1_257' title='bbox 1176 2621 1230 2651; x_wconf 85' lang='lat' dir='ltr'>an</span> <span class='ocrx_word' id='word_1_258' title='bbox 1263 2607 1467 2651; x_wconf 82' lang='lat' dir='ltr'>manibus</span> <span class='ocrx_word' id='word_1_259' title='bbox 1496 2606 1657 2651; x_wconf 83' lang='lat' dir='ltr'>solitus</span> <span class='ocrx_word' id='word_1_260' title='bbox 1685 2612 1805 2650; x_wconf 86' lang='lat' dir='ltr'>esset</span> 
     </span>
    </p>

    <p class='ocr_par' dir='ltr' id='par_1_5' title="bbox 138 2677 1804 2739">
     <span class='ocr_line' id='line_1_36' title="bbox 138 2677 1804 2739; baseline -0.001 -19"><span class='ocrx_word' id='word_1_261' title='bbox 138 2689 180 2720; x_wconf 83' lang='lat'>35</span> <span class='ocrx_word' id='word_1_262' title='bbox 203 2679 447 2724; x_wconf 78' lang='lat' dir='ltr'>ambulare.</span> <span class='ocrx_word' id='word_1_263' title='bbox 501 2679 624 2739; x_wconf 87' lang='lat' dir='ltr'>quod</span> <span class='ocrx_word' id='word_1_264' title='bbox 650 2679 818 2723; x_wconf 90' lang='lat' dir='ltr'>dictum</span> <span class='ocrx_word' id='word_1_265' title='bbox 846 2692 946 2722; x_wconf 85' lang='lat' dir='ltr'>cum</span> <span class='ocrx_word' id='word_1_266' title='bbox 974 2678 1027 2722; x_wconf 87' lang='lat' dir='ltr'>ad</span> <span class='ocrx_word' id='word_1_267' title='bbox 1052 2677 1269 2737; x_wconf 89' lang='lat' dir='ltr'>populum</span> <span class='ocrx_word' id='word_1_268' title='bbox 1297 2683 1549 2725; x_wconf 82' lang='lat' dir='ltr'>manasset,</span> <span class='ocrx_word' id='word_1_269' title='bbox 1578 2689 1710 2720; x_wconf 82' lang='lat' dir='ltr'>causa</span> <span class='ocrx_word' id='word_1_270' title='bbox 1735 2688 1804 2719; x_wconf 86' lang='lat' dir='ltr'>re-</span> 
     </span>
    </p>
   </div>
   <div class='ocr_carea' id='block_1_4' title="bbox 204 2774 1806 2963">
    <p class='ocr_par' dir='ltr' id='par_1_6' title="bbox 204 2774 1806 2963">
     <span class='ocr_line' id='line_1_37' title="bbox 320 2774 1802 2852; baseline -0.003 -13"><span class='ocrx_word' id='word_1_271' title='bbox 320 2804 340 2840; x_wconf 86' lang='lat'>1</span> <span class='ocrx_word' id='word_1_272' title='bbox 364 2801 559 2841; x_wconf 74' lang='lat' dir='ltr'>habetur</span> <span class='ocrx_word' id='word_1_273' title='bbox 581 2802 623 2840; x_wconf 83' lang='lat' dir='ltr'><em>B</em></span> <span class='ocrx_word' id='word_1_274' title='bbox 700 2804 725 2841; x_wconf 87' lang='lat'><strong>3</strong></span> <span class='ocrx_word' id='word_1_275' title='bbox 748 2801 918 2840; x_wconf 75' lang='lat' dir='ltr'>abierit</span> <span class='ocrx_word' id='word_1_276' title='bbox 938 2801 961 2840; x_wconf 81' lang='lat' dir='ltr'><em>b</em></span> <span class='ocrx_word' id='word_1_277' title='bbox 1039 2802 1065 2841; x_wconf 90' lang='lat'>8</span> <span class='ocrx_word' id='word_1_278' title='bbox 1089 2774 1236 2852; x_wconf 65' lang='lat' dir='ltr'>e‘pulis</span> <span class='ocrx_word' id='word_1_279' title='bbox 1259 2800 1301 2839; x_wconf 86' lang='lat' dir='ltr'><em>B</em></span> <span class='ocrx_word' id='word_1_280' title='bbox 1381 2801 1432 2839; x_wconf 86' lang='lat'>10</span> <span class='ocrx_word' id='word_1_281' title='bbox 1452 2799 1491 2838; x_wconf 85' lang='lat' dir='ltr'>is</span> <span class='ocrx_word' id='word_1_282' title='bbox 1515 2798 1592 2848; x_wconf 89' lang='lat' dir='ltr'>qui</span> <span class='ocrx_word' id='word_1_283' title='bbox 1617 2797 1679 2838; x_wconf 81' lang='lat' dir='ltr'>Pb</span> <span class='ocrx_word' id='word_1_284' title='bbox 1754 2799 1802 2836; x_wconf 84' lang='lat'>11</span> 
     </span>
     <span class='ocr_line' id='line_1_38' title="bbox 204 2851 1806 2910; baseline -0.003 -13"><span class='ocrx_word' id='word_1_285' title='bbox 204 2857 354 2897; x_wconf 85' lang='lat' dir='ltr'>ideam</span> <span class='ocrx_word' id='word_1_286' title='bbox 376 2858 415 2896; x_wconf 86' lang='lat' dir='ltr'><em>B</em></span> <span class='ocrx_word' id='word_1_287' title='bbox 436 2854 454 2910; x_wconf 81' lang='grc' dir='ltr'>ΙΙ</span> <span class='ocrx_word' id='word_1_288' title='bbox 477 2857 708 2909; x_wconf 82' lang='lat' dir='ltr'>phrygicis</span> <span class='ocrx_word' id='word_1_289' title='bbox 730 2853 785 2895; x_wconf 87' lang='lat' dir='ltr'>B&#39;</span> <span class='ocrx_word' id='word_1_290' title='bbox 847 2859 896 2897; x_wconf 81' lang='lat'>17</span> <span class='ocrx_word' id='word_1_291' title='bbox 919 2869 1041 2896; x_wconf 88' lang='lat' dir='ltr'>mere</span> <span class='ocrx_word' id='word_1_292' title='bbox 1064 2851 1118 2895; x_wconf 92' lang='lat' dir='ltr'>B&#39;</span> <span class='ocrx_word' id='word_1_293' title='bbox 1171 2858 1221 2897; x_wconf 89' lang='lat'>18</span> <span class='ocrx_word' id='word_1_294' title='bbox 1243 2868 1348 2895; x_wconf 89' lang='lat' dir='ltr'>num</span> <span class='ocrx_word' id='word_1_295' title='bbox 1369 2854 1437 2894; x_wconf 90' lang='lat' dir='ltr'>B:</span> <span class='ocrx_word' id='word_1_296' title='bbox 1469 2866 1528 2894; x_wconf 87' lang='lat' dir='ltr'>an</span> <span class='ocrx_word' id='word_1_297' title='bbox 1550 2854 1589 2892; x_wconf 80' lang='lat' dir='ltr'><em>P</em></span> <span class='ocrx_word' id='word_1_298' title='bbox 1646 2854 1697 2893; x_wconf 88' lang='lat'>19</span> <span class='ocrx_word' id='word_1_299' title='bbox 1721 2853 1806 2893; x_wconf 87' lang='lat' dir='ltr'>cir-</span> 
     </span>
     <span class='ocr_line' id='line_1_39' title="bbox 207 2913 709 2963; baseline -0.006 -9"><span class='ocrx_word' id='word_1_300' title='bbox 207 2926 308 2954; x_wconf 87' lang='lat' dir='ltr'>cum</span> <span class='ocrx_word' id='word_1_301' title='bbox 329 2913 613 2954; x_wconf 84' lang='lat' dir='ltr'>instantibus</span> <span class='ocrx_word' id='word_1_302' title='bbox 638 2913 678 2951; x_wconf 91' lang='lat' dir='ltr'><em>B</em></span> <span class='ocrx_word' id='word_1_303' title='bbox 703 2957 709 2963; x_wconf 24' lang='grc' dir='ltr'>ι</span> 
     </span>
    </p>
   </div>
   <div class='ocr_carea' id='block_1_5' title="bbox 823 0 1936 85">
    <p class='ocr_par' dir='ltr' id='par_1_7' title="bbox 823 0 1936 85">
     <span class='ocr_line' id='line_1_40' title="bbox 823 0 1936 85; baseline 0 3035"><span class='ocrx_word' id='word_1_304' title='bbox 823 0 1936 85; x_wconf 95' lang='lat' dir='ltr'> </span> 
     </span>
    </p>
   </div>
  </div>
 </body>
</html>
