1936 3120
181 122 289 176 384
328 79 331 83 .
840 127 968 172 -ΙᾸΒ,
1005 128 1150 173 νιιι..
1186 112 1191 118 ’

229 303 333 354 ΠΙ.
391 307 580 363 QVAE
618 307 985 355 MVLIERES
1023 309 1210 355 APVD
1250 267 1750 359 MAGISTRATVS

184 376 316 425 PRO
373 376 459 423 SE
501 377 649 424 AVT
704 377 836 425 PRO
883 378 1075 426 ALJJS
1129 378 1392 428 CAVSAS
1446 380 1798 429 EGERVNT.

290 470 374 522 Ne
401 471 467 522 de
493 470 558 522 iis
588 470 807 540 quidem
828 470 1046 523 feminis
1076 473 1365 525 tacendum
1387 488 1484 539 est,
1513 491 1646 544 quas
1675 491 1799 526 con-

184 541 328 594 dicio
356 550 586 593 naturae
614 549 666 593 et
691 542 1025 594 uerecundia
1061 541 1233 595 stolae
1268 551 1329 595 ut
1353 545 1411 595 in
1436 543 1556 597 foro
1586 552 1638 595 et
1662 543 1798 595 iudi-

142 629 162 660 5
185 613 282 664 ciis
311 619 554 664 tacerent
580 611 835 664 cohibere
862 631 971 664 non
997 611 1190 664 ualuit.
1432 676 1435 677 ⁷
1584 667 1598 676 ,

295 683 340 734 1.
382 681 594 734 Maesia
639 681 896 734 Sentinas
937 700 1031 734 rea
1076 700 1301 734 causam
1346 701 1500 735 suam
1541 683 1605 735 L.
1653 684 1798 735 Titio

183 759 432 823 praetore
472 753 734 804 iudicium
772 762 999 822 cogente
1035 754 1275 804 maximo
1311 752 1500 824 populi
1536 771 1802 806 concursu

185 823 299 892 egit
326 825 361 888 †
386 831 674 892 motusque
714 842 896 875 omnes
935 842 999 875 ac
1025 842 1282 876 numeros
1321 823 1657 877 defensionis
1693 842 1801 876 non

185 895 359 946 solum
387 892 677 962 diligenter
704 895 799 945 sed
828 894 991 945 etiam
1011 893 1224 946 fortiter
1245 901 1522 961 exsecuta,
1552 902 1606 946 et
1625 893 1803 964 prima

121 981 161 1012 10
184 964 398 1016 actione
426 974 478 1016 et
499 983 669 1034 paene
690 964 899 1016 cunctis
921 964 1204 1016 sententiis
1226 962 1461 1017 liberata
1482 972 1580 1017 est.
1621 982 1800 1035 quam,

185 1035 314 1105 quia
359 1034 459 1087 sub
505 1035 683 1104 specie
733 1035 967 1086 feminae
1010 1035 1226 1086 uirilem
1271 1035 1510 1087 animum
1558 1034 1800 1104 gerebat,

187 1105 585 1174 Androgynem
612 1105 982 1175 appellabant.

293 1175 343 1227 2.
385 1176 444 1227 O.
491 1175 726 1227 Afrania
769 1195 899 1228 uero
913 1216 926 1242 7
980 1175 1174 1227 Licinii
1219 1175 1487 1227 Bucconis
1534 1174 1802 1227 senatoris

185 1265 329 1299 uxor
342 1285 355 1311 ⁷
390 1255 647 1316 prompta
683 1246 754 1298 ad
793 1245 916 1298 lites
956 1245 1351 1297 contrahendas
1380 1264 1477 1315 pro
1506 1264 1563 1297 se
1591 1262 1804 1314 semper

125 1333 165 1365 15
189 1316 337 1386 apud
364 1326 671 1385 praetorem
697 1317 868 1368 uerba
899 1316 1054 1383 fecit,
1094 1333 1202 1366 non
1229 1315 1375 1384 quod
1403 1315 1685 1367 aduocatis
1715 1313 1803 1366 de-

186 1386 501 1451 ficiebatur,
550 1388 644 1438 sed
681 1387 829 1457 quod
863 1385 1182 1455 inpudentia
1217 1384 1551 1438 abundabat.
1619 1385 1803 1455 itaque

189 1456 470 1508 inusitatis
523 1456 642 1509 foro
699 1456 992 1508 latratibus
1039 1455 1267 1507 adsidue
1311 1455 1608 1507 tribunalia
1653 1472 1802 1506 exer-

187 1527 358 1579 cendo
411 1526 694 1579 muliebris
748 1526 1050 1578 calumniae
1101 1526 1444 1576 notissimum
1495 1524 1803 1594 exemplum

189 1598 394 1662 euasit,
436 1597 571 1650 adeo
599 1608 667 1648 ut·
686 1615 780 1667 pro
810 1598 1038 1648 crimine
1064 1596 1312 1665 inprobis
1340 1596 1668 1647 feminarum
1695 1613 1804 1647 mo-

124 1687 165 1718 20
188 1667 341 1719 ribus
371 1668 430 1719 G.
459 1667 725 1719 Afraniae
761 1685 955 1718 nomen
994 1667 1278 1719 obiciatur.
1353 1667 1677 1736 prorogauit
1713 1683 1805 1716 au·
1880 1675 1883 1678 ’

188 1747 300 1791 tem
327 1738 582 1808 spiritum
610 1757 765 1789 suum
802 1738 873 1789 ad
902 1737 961 1789 C.
992 1736 1281 1789 Caesarem
1315 1737 1515 1788 iterum
1541 1741 1596 1788 P.
1627 1735 1806 1788 Serui-

190 1807 322 1860 lium
351 1808 622 1861 consules.
692 1808 801 1860 tale
838 1809 982 1860 enim
1009 1816 1310 1859 monstrum
1337 1807 1513 1876 magis
1542 1825 1645 1877 quo
1674 1816 1805 1858 tem-

73 1953 166 1988 Par.
298 1941 482 1996 QVAE
517 1941 828 1985 FEMINAE
862 1940 992 1985 PER
1032 1941 1114 1986 SE
1159 1939 1409 1985 CAVSAS
1450 1937 1802 1984 DIXERINT.

193 2015 231 2058 1.
271 2012 438 2058 Maesia
465 2013 674 2058 Sentinas
710 2026 783 2056 rea
823 2026 1004 2057 causam
1032 2025 1183 2061 suam,
1222 2011 1267 2055 T.
1300 2012 1417 2056 Titio
1453 2016 1666 2070 praetore
1691 2008 1807 2069 iudi-

126 2094 168 2127 25
193 2083 311 2127 cium
339 2090 558 2143 cogente,
587 2084 778 2127 maximo
806 2082 963 2141 populi
991 2095 1217 2127 concursu
1245 2083 1361 2140 egit:
1391 2087 1436 2125 et
1463 2081 1567 2139 quia
1594 2078 1677 2131 sub
1705 2091 1806 2138 spe-

193 2153 258 2197 cie
287 2153 479 2197 feminae
507 2154 684 2197 uirilem
712 2154 909 2197 animum
937 2152 1138 2211 gerebat,
1166 2151 1441 2210 Androgyne
1469 2149 1689 2209 adpellata
1721 2155 1804 2193 est.

191 2227 232 2266 2.
261 2222 306 2267 C.
327 2223 525 2273 Afrania,
553 2224 696 2268 Licini
724 2223 944 2267 Bucconis
974 2222 1197 2268 senatoris
1226 2236 1352 2272 uxor,
1380 2226 1592 2281 prompta
1619 2219 1672 2264 ad
1698 2219 1802 2264 lites

193 2294 525 2339 contrahendas
561 2308 645 2353 pro
685 2308 732 2338 se
771 2307 951 2352 semper
977 2293 1093 2352 egit:
1134 2298 1178 2336 et
1207 2292 1263 2337 ob
1291 2293 1334 2337 id
1362 2291 1582 2351 inprobae
1610 2291 1803 2336 feminae

309 2419 329 2455 1
362 2417 523 2466 QVAE
545 2439 601 2445 —
621 2417 912 2457 EGERVNT
935 2417 975 2455 B
996 2431 1045 2458 m.
1070 2419 1095 2455 2
1119 2419 1160 2456 in
1182 2418 1310 2455 litura
1407 2418 1431 2456 3
1462 2415 1533 2455 his
1555 2413 1611 2464 B,
1635 2415 1714 2454 sed
1733 2413 1762 2452 h
1784 2427 1806 2453 e

192 2487 307 2514 corr.
367 2477 394 2513 4
415 2474 727 2513 uerecundiae
752 2473 870 2513 stola
893 2473 949 2523 B,
975 2487 1047 2513 em.
1071 2475 1214 2513 Periz.
1246 2469 1263 2524 ΙΙ
1292 2475 1342 2511 ut
1363 2472 1405 2511 B
1427 2484 1539 2512 corr.
1563 2483 1620 2510 eae
1643 2474 1723 2510 aut
1781 2472 1806 2510 6

194 2531 376 2569 Maesia
399 2544 499 2570 nos:
530 2531 718 2569 Amesia
741 2531 796 2582 B,
821 2530 1002 2569 Maesta
1025 2530 1066 2568 P
1103 2528 1120 2581 ΙΙ
1161 2529 1368 2568 sentinas
1390 2529 1452 2567 P:
1492 2527 1727 2567 sententia
1748 2525 1804 2574 B,

194 2587 452 2626 sententias
476 2587 498 2625 b
539 2583 557 2639 Η
597 2600 677 2626 rea
702 2599 891 2626 causam
912 2598 1042 2625 suam
1072 2586 1114 2624 B
1135 2589 1177 2625 in
1196 2598 1283 2627 ras,
1326 2582 1344 2637 Η
1383 2586 1437 2624 L.
1461 2583 1526 2623 B:
1558 2582 1663 2622 Tito
1683 2582 1725 2621 P
1781 2581 1806 2619 8

193 2645 435 2694 motusque
459 2644 562 2682 dett.
575 2657 588 2681 .·
619 2647 868 2694 partesque
891 2642 933 2680 B
954 2644 1000 2684 in
1018 2656 1106 2682 ras.
1139 2641 1218 2692 (eoe
1238 2643 1276 2689 8,
1302 2645 1338 2689 7,
1363 2644 1388 2681 6
1410 2638 1471 2692 ?)‚
1500 2640 1606 2691 fort.
1626 2636 1805 2678 modos—

195 2711 280 2749 que
330 2701 355 2738 9
380 2695 576 2739 executa
599 2699 621 2738 b
684 2702 734 2739 12
758 2700 1065 2750 Androgynen
1088 2698 1257 2750 Kempf
1311 2700 1361 2738 13
1384 2695 1622 2737 buce-ionis
1645 2694 1688 2733 B
1708 2700 1805 2734 ante

192 2767 387 2794 rasuram
467 2756 519 2795 15
549 2754 767 2807 praetorii
788 2750 857 2808 B'‚
882 2758 1117 2808 praetores
1143 2754 1185 2793 Γ
1201 2760 1244 2794 et
1268 2754 1305 2793 Β
1328 2767 1404 2805 my.
1486 2753 1538 2792 16
1569 2751 1680 2802 inpu
1702 2751 1743 2789 B
1765 2753 1806 2790 in

189 2812 274 2861 fine
296 2825 457 2857 uersus,
481 2814 581 2851 add.
607 2811 763 2852 dentia
786 2827 835 2852 m.
862 2814 887 2850 2
950 2813 1000 2851 17
1023 2811 1304 2851 latrantibus
1329 2807 1384 2850 B‘
1433 2811 1484 2848 21
1509 2820 1741 2848 caesarem
1764 2808 1805 2847 B

147 2878 149 2880 ·
193 2868 235 2905 in
258 2873 449 2910 &werenzo
471 2880 609 2914 uersu,
633 2871 731 2910 add.
756 2883 809 2908 m.
832 2872 857 2908 2
879 2869 963 2908 ΙΙΙ.
987 2873 1116 2908 eoetra
1138 2880 1302 2907 uersum
1321 2864 1340 2919 Η
1362 2867 1410 2907 Ρ.
1435 2860 1632 2916 Piylzius:
1665 2877 1740 2904 om.
1763 2865 1805 2904 B

309 2925 364 2963 24
386 2925 569 2964 Maesta
599 2924 643 2963 V
695 2927 747 2964 27
770 2924 941 2964 afrinia
969 2917 1028 2963 V'
