1872 3132
686 78 885 195 CAH}⁸
921 117 950 177 3
978 122 1118 163 2-7,
1648 110 1714 162 19

197 239 241 281 5.
279 236 387 282 Cum
413 234 622 281 Metellus
647 249 692 296 p.
721 247 778 279 m.
807 232 1115 279 Tusculanum
1140 237 1302 291 petens
1327 232 1437 282 iret,
1467 232 1598 276 corui
1622 231 1712 277 duo
1738 244 1830 278 Par.

90 311 136 355 in
163 323 216 354 os
243 309 342 353 eius
376 306 617 352 aduersum
643 304 788 350 ueluti
815 304 904 349 iter
928 303 1210 362 inpedientes
1248 301 1583 348 aduolauerunt
1617 303 1714 348 uix-

93 394 182 440 que
228 378 503 425 extuderunt
538 383 590 422 ut
625 375 806 420 domum
847 374 1033 419 rediret
1109 373 1371 433 insequenti
1414 379 1550 419 nocte
1591 373 1714 419 aedis

93 451 255 495 Vestae
290 439 419 494 arsit.
477 461 568 508 quo
606 445 814 492 incendio
842 443 1050 489 Metellus
1087 437 1208 489 inter
1233 446 1362 503 ipsos
1388 443 1508 503 ignis
1535 451 1714 505 raptum

91 520 338 566 Palladium
363 518 592 564 incolume
621 516 840 562 seruauit.
1737 529 1758 561 5

198 593 239 635 6.
278 591 333 635 Μ.
361 590 567 635 Ciceroni
592 602 718 633 mors
745 586 968 632 inminens
995 585 1198 645 auspicio
1227 585 1456 645 praedicta
1484 592 1567 631 est.
1615 599 1714 631 cum

93 662 214 707 enirn
250 662 294 706 in
332 660 442 705 uilla
468 658 679 705 Caietana
715 664 860 708 esset,
899 671 1067 702 coruus
1094 657 1140 701 in
1167 663 1419 716 conspectu
1457 656 1718 702 6111511010-

93 732 207 793 logii
234 732 406 777 ferrum
433 730 536 777 loco
563 736 738 775 motuni
766 729 969 774 excussit
1000 732 1046 772 et
1072 726 1284 787 protinus
1312 727 1366 772 ad
1393 727 1542 786 ipsum
1570 733 1718 772 teten-

28 819 30 821 ’
93 803 159 849 dit
195 817 247 849 ac
282 802 487 847 laciniam
524 807 661 860 togae
699 813 752 844 eo
788 812 935 859 usque
971 811 1128 843 morsu
1167 798 1336 853 tenuit,
1382 797 1527 843 donec
1553 812 1717 843 seruus

94 873 263 918 milites
290 873 343 919 ad
371 886 472 918 eum
501 870 796 917 occidendum
821 871 1006 914 uenisse
1032 869 1277 913 nuntiaret.
1741 883 1783 914 10

204 947 244 988 7.
283 943 340 988 M.
368 943 537 987 Brutus
564 955 665 987 cum
693 940 908 1000 reliquias
947 939 1172 984 exercitus
1201 939 1270 984 sui
1311 939 1533 984 aduersus
1560 939 1718 985 Caesa-

94 1027 191 1060 rem
228 1020 274 1058 et
299 1015 546 1058 Antonium
582 1012 835 1061 eduxisset,
876 1010 990 1055 duae
1031 1009 1208 1069 aquilae
1244 1024 1297 1055 ex
1325 1010 1517 1055 diuersis
1552 1012 1718 1056 castris

96 1084 453 1137 aduolauerunt,
496 1089 540 1127 et
568 1082 685 1127 edita
716 1081 835 1126 inter
862 1095 909 1126 se
946 1094 1099 1142 pugna
1127 1094 1176 1125 ea
1194 1115 1204 1130 ‚
1243 1095 1357 1140 quae
1386 1095 1408 1125 a
1435 1087 1564 1141 parte
1590 1081 1718 1126 Bruti

96 1155 270 1206 fuerat,
297 1153 414 1200 male
438 1153 636 1199 mulcata
663 1153 797 1211 fugit.

201 1239 317 1284 Exi.
346 1241 384 1284 1.
425 1237 534 1283 Cum
560 1251 639 1282 rex
664 1236 914 1282 Alexander
939 1235 1100 1281 urbem
1128 1237 1174 1280 in
1200 1237 1408 1296 Aegypto
1437 1236 1718 1282 constituere
1743 1249 1784 1283 15

98 1377 1046 1509 classem-flqugfltffimsQlanum
1047 1376 1199 1439 multo
1223 1377 1311 1445 rei
1317 1377 1690 1466 Ρι111.(111111110
1671 1385 1717 1423 et
1739 1389 1834 1432 Nep.

101 1450 349 1521 SllgssAEHO
378 1449 542 1495 amisit.
608 1502 711 1529 „rm

99 1592 256 1638 lanum
284 1593 413 1638 corui
446 1591 535 1636 duo
564 1589 802 1636 euidenter
829 1588 1136 1640 obstiterunt,
1176 1590 1255 1634 sed
1283 1590 1496 1654 neglecto
1525 1592 1719 1649 augurIo

99 1664 165 1708 ire
202 1662 448 1708 contendit.
511 1663 632 1706 inter
667 1674 716 1706 se
753 1674 860 1706 aues
898 1660 1132 1720 unguibus
1177 1625 1368 1706 laniare0
1372 1667 1638 1721 >‘coeperunt
1676 1667 1721 1705 et
1743 1674 1784 1706 20

101 1734 266 1778 rostris
304 1733 409 1777 dare
444 1734 579 1778 ictus.
644 1732 814 1776 mirans
840 1731 1052 1776 Metellus
1078 1731 1264 1776 Romam
1300 1731 1449 1776 rediit.
1512 1733 1722 1791 sequenti

101 1810 236 1849 nocte
262 1816 315 1847 ex
342 1803 551 1848 incendio
577 1800 824 1846 Palladium
853 1802 1018 1880 rapuit.

206 1875 247 1918 6.
304 1873 358 1918 Μ.
399 1872 574 1918 Tullius
609 1871 766 1916 Cicero
802 1885 902 1916 cum
946 1872 991 1915 in
1033 1885 1143 1930 agro
1182 1871 1394 1916 Caietano
1433 1848 1723 1933 proscriptus
1765 1878 1872 1937 s

100 1944 266 1990 lateret
290 1945 543 1989 insectante
569 1941 798 1991 Antonio,
839 1956 1007 1986 coruus
1036 1942 1263 2000 uirgulam
1293 1942 1511 1993 serrea,m
1541 1958 1629 2003 qua
1657 1944 1722 1988 di-

101 2013 453 2076 stinguebantur
486 2015 650 2063 horae,
688 2013 754 2057 sic
779 2012 1001 2058 conscidit
1036 2019 1216 2062 rostro,
1254 2020 1305 2057 ut
1342 2026 1438 2058 eam
1477 2021 1719 2069 excuteret,
1745 2027 1788 2058 25

42 2138 45 2139 ⁷
100 2092 347 2145 togamque
374 2084 507 2129 Tullii
542 2082 842 2143 apprehendit
881 2090 926 2128 et
952 2083 1102 2128 traxit.
1157 2082 1240 2128 sub
1268 2091 1517 2140 momento
1538 2085 1721 2130 adeum

100 2167 420 2231 percussores
424 2155 674 2206 {iu-uerunt.

207 2230 250 2270 7.
286 2225 343 2270 M.
370 2225 560 2276 Brutus,
590 2224 777 2284 collega
794 2204 952 2274 Cassii,
981 2224 1035 2268 de
1063 2224 1187 2269 exitu
1213 2224 1321 2270 belli
1351 2232 1421 2270 est
1446 2226 1597 2271 ciuilis
1631 2241 1722 2272 ani—

102 2297 317 2342 monitus.
367 2309 472 2341 nam
509 2295 621 2341 duae
655 2293 830 2354 aquilae
865 2294 1138 2340 aduolantes
1180 2310 1320 2355 super
1356 2309 1458 2341 eum
1496 2311 1719 2357 campum,

102 2368 148 2411 in
187 2381 276 2426 quo
314 2367 558 2427 pugnauit,
610 2379 664 2410 ex
699 2365 895 2410 diuersis
943 2365 1108 2411 castris
1146 2368 1470 2413 conuenientes
1516 2370 1635 2413 inter
1674 2382 1722 2413 se
1746 2380 1787 2410 30

102 2435 416 2482 conflixerunt.
466 2436 632 2482 uictrix
666 2435 868 2495 profecta
895 2435 949 2480 ad
975 2436 1208 2482 Caesarem
1237 2444 1306 2482 est
1331 2439 1616 2498 Augustum,
1653 2438 1723 2484 su-

62 2550 65 2553 .
106 2506 174 2566 git
200 2506 274 2552 illa
305 2520 499 2566 quaeex
524 2507 649 2551 Bruti
676 2505 973 2551 aduolauerat
997 2513 1141 2566 parte.

218 2646 251 2685 7
267 2642 485 2683 ealetana
514 2643 554 2682 V
612 2643 636 2682 9
658 2641 907 2681 laociniam
938 2635 990 2682 V'

219 2701 274 2740 16
305 2699 477 2752 egadas
504 2695 554 2749 C,
589 2712 663 2739 em.
688 2698 856 2749 Kempf
907 2700 959 2737 21
991 2711 1118 2738 roma
1145 2699 1178 2738 C
1234 2701 1286 2739 23
1319 2698 1496 2754 Cicero]
1531 2718 1585 2743 nr
1617 2701 1660 2755 (z'.
1684 2717 1721 2746 e.

107 2756 279 2806 noster)
306 2752 376 2810 CH
396 2755 610 2796 saletano
636 2754 668 2794 C
725 2755 779 2794 25
802 2754 868 2793 sic
892 2754 1122 2799 conscidit
1142 2768 1242 2795 nos:
1265 2757 1391 2797 sicce
1415 2758 1552 2799 scidit
1575 2761 1629 2811 C,
1653 2761 1722 2800 sic

29 2836 37 2851 2
107 2812 299 2853 rescidit
319 2812 416 2852 Mai
475 2815 529 2853 30
560 2811 889 2852 conuenientes
911 2810 1032 2850 Mai:
1055 2813 1304 2852 conuenire
1330 2814 1361 2853 G
1386 2810 1406 2868 ss
1436 2815 1558 2856 inte1
1580 2813 1649 2870 se]
1676 2818 1723 2855 in

109 2881 157 2909 se
181 2869 234 2916 G,
265 2882 341 2910 om.
363 2868 459 2908 Mai
517 2870 569 2909 31
599 2868 853 2920 Augustum
876 2880 952 2907 om.
974 2866 1072 2906 Mai
1098 2864 1116 2920 Η
1145 2868 1279 2920 fugat
1302 2870 1336 2909 C
1394 2873 1447 2911 32
1468 2872 1634 2913 brucia
1657 2873 1723 2911 di-

32 2975 35 2981 ,
107 2924 294 2965 luxerat
317 2925 359 2971 0,
382 2938 455 2965 em.
479 2926 547 2964 Οτι
570 2925 686 2972 Rieu,
720 2924 771 2963 B.
798 2922 1052 2964 aduenerat
1072 2923 1169 2964 Mai
1186 2921 1204 2978 Η
1226 2929 1357 2979 porte
1382 2927 1415 2966 C
