1924 3152
0 2893 21 2975 ξ,

0 2978 43 3152 l<

621 159 740 205 cAP.
767 158 862 210 vn,
886 157 983 205 Ext.
1012 157 1041 218 g
1071 161 1108 205 1.
1137 163 1177 205 2.
1602 153 1710 208 209

82 267 394 336 domicilia,
431 267 629 320 harum
654 266 766 319 fida
791 265 1074 320 hominum
1101 273 1326 337 pectora
1351 267 1510 338 quasi
1544 285 1709 340 quae-

83 340 216 393 dam
242 345 428 392 sancto
456 338 655 409 spiritu
678 336 884 390 referta
909 337 1115 407 templa
1141 346 1286 399 sunt.

193 417 244 466 2.
285 407 449 477 Quod
492 409 572 461 ita
613 427 734 461 esse
777 425 879 460 rex
913 407 1236 461 Alexander
1271 409 1486 461 sensit:
1534 408 1724 463 Darei

82 481 311 548 castriS‚
346 480 405 532 in
430 479 628 550 quibus
664 494 853 532 omnes
878 478 1177 531 necessarii
1203 479 1319 531 eius
1349 487 1530 546 erant,
1568 480 1720 551 poti-r

85 560 198 619 ωε,
217 549 630 622 Hephaestione
655 549 972 619 gratissimo
1001 549 1110 603 sibi
1134 548 1279 602 latus
1309 569 1467 603 suum
1490 558 1710 621 tegente
1731 565 1762 604 5'

83 621 158 681 ad.
174 640 276 675 ¹eos
303 619 681 692 adloquendos
707 620 878 674 uenit.
941 621 1096 684 cuius
1132 621 1373 674 aduentu
1398 630 1574 675 mater
1598 622 1710 675 Da-

86 692 168 746 rei
191 700 456 760 recreata,
495 691 646 744 humi
672 698 1013 762 prostratum
1048 689 1216 762 caput
1252 692 1429 745 erexit
1455 692 1711 763 Hephae-

83 763 454 833 sidonemque,
499 763 630 834 quia
666 781 789 815 eum
827 770 1040 815 statura
1066 769 1121 814 et
1154 763 1334 815 forma
1367 763 1708 833 praestabat,

85 852 238 888 more
263 834 558 886 Persarum
593 832 819 886 adulata
853 841 1135 903 tamquam
1161 831 1543 886 Alexandrum
1569 833 1710 886 salu-

86 905 245 958 tauit.
310 904 591 958 admonita
626 903 825 957 deinde
858 904 1059 956 erroris
1096 922 1194 974 per
1239 922 1508 957 summam
1543 905 1710 976 trepi-
1734 924 1778 956 10

88 975 367 1029 dationem
394 975 760 1028 excusationis
788 974 960 1027 uerba
987 974 1304 1046 quaerebat.
1353 976 1442 1027 cui
1468 975 1710 1028 Alexan-

87 1047 190 1100 der
216 1045 373 1099 enihil
407 1052 510 1099 est'
554 1046 734 1117 inquit
771 1045 936 1116 ‘quod
963 1044 1066 1098 hoc
1091 1045 1311 1098 nomine
1336 1045 1711 1100 confundaris

85 1136 216 1170 nam
252 1125 306 1169 et
337 1117 428 1169 hic
453 1115 775 1169 Alexander
809 1121 931 1168 est.'
994 1115 1107 1167 utri
1150 1117 1301 1186 prius
1336 1115 1712 1185 gratulemur?

86 1189 181 1260 qui
205 1187 310 1241 hoc
337 1186 518 1240 dicere
542 1186 722 1241 uoluit
747 1206 819 1239 an
840 1187 929 1239 cui
955 1187 1145 1239 audire
1171 1188 1439 1256 contigit?
1486 1188 1714 1240 maximi

86 1258 233 1312 enim
269 1258 438 1310 animi
471 1276 598 1324 rex,
645 1267 700 1310 et
738 1257 849 1310 iam
883 1265 1061 1311 totum
1094 1264 1366 1310 terrarum
1393 1260 1582 1312 orbem
1617 1265 1714 1311 aut
1738 1277 1781 1310 15

85 1329 335 1382 uictoriis
363 1336 460 1381 aut
487 1347 583 1399 spe
603 1328 920 1399 conplexuS‚
949 1337 1062 1381 tam
1080 1328 1273 1398 paucis
1300 1329 1487 1382 uerbis
1516 1349 1573 1382 se
1591 1347 1715 1381 cum

86 1400 284 1454 comite
309 1417 407 1452 suo
428 1399 666 1470 partitus
694 1407 791 1452 est.
832 1418 862 1452 o
884 1398 1088 1452 donum
1113 1398 1332 1452 inclitae
1357 1400 1529 1467 uociS‚
1559 1399 1716 1453 danti

87 1471 293 1542 pariter
327 1478 490 1541 atque
537 1470 831 1541 accipienti
877 1469 1206 1540 speciosum!
1272 1471 1417 1541 quod
1452 1471 1714 1541 priuatim

89 1559 305 1613 quoque
331 1542 525 1594 merito
550 1560 801 1608 ueneror,
830 1539 1119 1592 clarissimi
1145 1559 1210 1592 ac
1230 1540 1578 1605 disertissimi
1606 1541 1714 1594 uiri

87 1611 520 1683 promtissimam
546 1630 680 1680 erga
704 1630 790 1663 me
815 1609 1249 1664 beniuolentiam
1276 1620 1555 1681 expertus
1611 1631 1712 1665 nec
1735 1631 1777 1663 20

88 1691 272 1735 metuo
320 1700 391 1734 ne
430 1700 627 1752 parum
665 1682 957 1735 conueniat
999 1680 1133 1733 mihi
1174 1681 1495 1752 Pompeium
1534 1701 1715 1735 meum

91 1754 271 1806 instar
296 1770 416 1804 esse
440 1750 764 1818 Alexandri,
794 1770 917 1804 cum
940 1750 1024 1802 illi
1048 1750 1388 1821 Hephaestio
1417 1771 1546 1804 suus
1576 1752 1715 1804 alter

87 1823 258 1877 fuerit
295 1821 627 1875 Alexander.
690 1840 790 1891 ego
827 1840 958 1874 uero
996 1822 1324 1890 grauissimo
1362 1822 1578 1873 crimini
1611 1823 1716 1874 sim

90 1893 383 1960 obnoxius,
413 1892 716 1946 constantis
756 1900 810 1944 et
843 1891 1117 1960 benignae
1153 1892 1427 1944 amicitiae
1462 1891 1715 1963 exempla

91 1966 208 2018 sine
233 1963 346 2016 ulla
372 1964 488 2015 eius
514 1964 792 2017 mentione
826 1970 1205 2031 transgressus
1221 2003 1234 2029 ,
1264 1962 1420 2014 cuius
1447 1962 1505 2014 in
1531 1963 1712 2016 animo
1738 1981 1779 2014 25

89 2034 244 2088 uelut
276 2035 332 2086 in
371 2041 662 2105 parentum
706 2033 1208 2086 amantissimorum
1252 2041 1474 2103 pectore
1517 2033 1714 2087 laetior

89 2106 240 2159 uitae
274 2124 425 2159 meae
462 2112 639 2158 status
676 2104 877 2174 uiguit,
925 2103 1139 2157 tristior
1181 2103 1492 2174 adquieuit,
1538 2123 1571 2156 a
1608 2122 1713 2175 quo

92 2253 246 2313 itaque
280 2252 345 2299 eis
379 2254 568 2298 remisit.
643 2257 683 2297 2.
721 2251 973 2298 Alexander
1016 2253 1165 2297 uictor
1199 2251 1338 2302 Darii,
1377 2266 1479 2298 cum
1523 2260 1712 2298 matrem
1738 2261 1830 2296 Par.

93 2320 191 2370 eius
218 2325 436 2384 cepisset,
464 2323 519 2371 ad
544 2322 779 2369 uisendam
808 2337 905 2368 eam
931 2337 1033 2368 cum
1060 2323 1396 2383 Hephaestione
1423 2323 1570 2368 uenit:
1600 2337 1715 2383 quae

95 2395 336 2453 ignorans,
363 2400 467 2438 uter
491 2393 742 2439 Alexander
768 2399 912 2443 esset,
940 2393 1288 2453 Hephaestionis
1316 2406 1364 2438 se
1390 2393 1581 2454 pedibus
1610 2393 1715 2438 suh·
1739 2386 1794 2432 30>

95 2465 227 2509 iecit:
268 2463 494 2509 admonita
531 2463 692 2509 deinde
729 2464 865 2510 alium
904 2477 1006 2510 esse
1034 2478 1190 2524 regem
1216 2464 1470 2509 Alexandro
1499 2478 1545 2509 se
1582 2477 1713 2510 excu-

97 2547 197 2591 sare
224 2534 392 2593 coepit.
446 2540 539 2577 tum
567 2533 643 2578 ille
671 2531 746 2578 ‘et
772 2535 871 2580 hic'
901 2535 1049 2594 inquit
1076 2533 1348 2580 ‘Alexander
1374 2540 1442 2579 est
1462 2534 1491 2578 ’.

211 2687 237 2726 5
261 2684 530 2738 ephestione
559 2685 602 2724 B
631 2690 673 2725 et
700 2686 762 2725 sic
782 2685 902 2735 infra
919 2680 939 2739 Η
959 2684 1082 2726 latus
1112 2685 1161 2725 b:
1192 2685 1312 2725 datis
1334 2685 1376 2724 B
1443 2684 1469 2724 8
1493 2697 1595 2725 eum
1617 2698 1718 2726 nos:

94 2746 146 2782 et
172 2741 220 2782 in
249 2741 305 2791 B,
340 2743 383 2782 ei
415 2745 460 2781 et
488 2741 511 2781 b
522 2757 537 2787 ,·
568 2747 717 2782 auctor
745 2746 890 2782 noster
917 2755 1083 2794 semper
1112 2743 1215 2782 (licit
1241 2743 1483 2795 praestare
1514 2741 1719 2794 aliquem

99 2797 258 2850 aliqua
286 2811 357 2849 re,
389 2805 436 2838 ut
464 2804 526 2839 est
559 2801 600 2844 3,
623 2801 664 2846 2,
688 2801 726 2840 6.
768 2799 807 2844 4,
833 2799 869 2844 1,
893 2797 1000 2839 Eaet.
1027 2802 1063 2840 7.
1107 2801 1141 2845 7,
1166 2800 1206 2846 2,
1237 2797 1291 2841 E.
1316 2801 1383 2839 17.
1423 2800 1462 2846 8,
1496 2801 1563 2846 15,
1595 2799 1651 2841 Ε.
1676 2802 1717 2842 2.

19 2865 23 2867 ’
101 2856 152 2894 11
175 2855 515 2895 excussationis
536 2850 593 2894 B'
654 2856 707 2895 14
727 2853 934 2895 uoluerit
952 2847 1022 2901 B',
1054 2854 1204 2895 ualuit
1222 2857 1317 2896 mal.
1340 2855 1512 2907 Kempf
1563 2857 1615 2896 15
1638 2868 1718 2895 rex

100 2909 242 2950 etiam
270 2910 332 2958 B,
373 2912 623 2952 em.-Perz'z.
693 2913 747 2951 22
787 2923 888 2951 cum
919 2914 965 2951 et
994 2910 1065 2951 illi
1093 2912 1235 2952 Periz.
1303 2913 1357 2953 26
1393 2915 1633 2965 pectorum
1661 2903 1718 2951 B'

94 2968 152 3007 27
174 2967 301 3007 uitae
322 2971 542 3025 mestatus
565 2961 620 3008 B'
1709 2966 1730 2983 ⁶

184 3049 291 3077 VAL.
314 3050 421 3080 MAx.
1399 3036 1464 3087 14
