1872 3132
689 146 809 192 CAP.
838 146 879 198 1,
920 145 950 204 g
980 147 1119 190 1—-3,
1686 140 1720 191 3

57 255 380 322 'derentur,
435 254 759 325 Cererique,
811 273 975 324 quam
1011 271 1161 305 more
1203 253 1419 306 Graeco
1466 254 1720 306 uenerari

90 327 472 392 instituerant,
523 325 867 378 sacerdotem
902 343 934 376 a
970 323 1160 391 Velia,
1203 342 1326 377 cum
1363 324 1421 377 id
1458 323 1720 395 oppidum

91 398 334 452 nondum
361 396 602 448 ciuitatis
632 396 937 466 accepisset
964 414 1184 462 nomen,
1215 394 1598 466 Calliphanam
1627 415 1717 466 pe·—

91 473 268 523 terent
306 466 414 538 [uel
427 508 441 534 ,
481 475 543 519 ut
580 465 673 519 alii
711 466 927 532 dicunt,
969 465 1404 539 Calliphoenam]
1423 507 1436 534 ,
1479 486 1545 519 ne
1583 467 1719 519 deae

89 539 321 593 uetustis
349 538 548 591 ritibus
576 539 755 608 perita
782 537 1000 590 deesset
1026 538 1278 590 antistes,
1763 548 1784 580 5

196 609 364 663 Cuius
401 628 523 661 cum
550 609 607 660 in
631 609 768 662 urbe
803 606 1229 679 pulcherrimum
1256 608 1519 678 templum
1554 609 1718 662 habe-

87 690 236 749 rent,
277 681 601 734 Gracchano
638 679 878 732 tumultu
911 679 1106 732 moniti
1142 678 1426 750 Sibyllinis
1465 680 1619 732 libris
1656 688 1721 732 ut

86 751 517 805 uetustissimam
546 749 801 804 Cererem
827 749 1127 821 placarent,
1155 750 1430 818 Hennam,
1460 751 1720 822 quoniam

89 842 247 876 sacra
284 822 399 875 eius
435 821 564 874 inde
594 830 714 876 orta
749 821 1146 888 credebantur,
1188 821 1451 874 XVuiros
1490 822 1562 874 ad
1598 841 1720 874 eam

23 945 25 947 ,
87 893 496 965 propitiandam
533 892 817 946 miserunt.
867 893 1001 945 item
1026 892 1195 944 Matri
1223 893 1384 944 deum
1415 911 1579 963 saepe
1616 913 1711 945 nu-
1737 904 1781 937 10

87 984 236 1018 mero
287 964 645 1034 imperatores
691 964 866 1016 nostri
903 972 1160 1034 conpotes
1206 964 1566 1016 uictoriarum
1602 984 1718 1016 sus-

89 1043 247 1107 cepta
272 1043 404 1087 uota
429 1035 814 1088 Pessinuntem
839 1035 1076 1105 profecti
1103 1034 1403 1088 soluerunt.

194 1106 245 1158 2.
302 1104 561 1158 Metellus
611 1124 739 1157 uero
777 1105 1030 1175 pontifex
1064 1106 1337 1158 maximus
1375 1106 1717 1158 Postumium

86 1175 365 1230 consulem
401 1175 742 1247 eundemque
769 1177 1045 1228 flaminem
1071 1175 1384 1229 Martialem
1416 1176 1487 1228 ad
1513 1176 1718 1230 bellum

87 1248 387 1322 gerendum
413 1246 665 1299 Africam
691 1255 988 1317 petentem,
1030 1266 1098 1299 ne
1126 1266 1158 1299 a
1186 1249 1356 1300 sacris
1387 1246 1715 1314 discederet,
1743 1259 1784 1292 15

86 1317 259 1371 multa
295 1317 442 1370 dicta
475 1318 670 1371 urbem
706 1317 893 1387 egredi
919 1337 1116 1389 passus
1145 1336 1254 1370 non
1291 1328 1401 1384 est,
1444 1318 1718 1388 religioni-

87 1408 192 1462 que
227 1408 496 1441 summum
533 1389 823 1459 imperium
858 1390 1050 1455 cessit,
1092 1390 1236 1459 quod
1276 1399 1393 1442 tuto
1432 1409 1490 1442 se
1525 1390 1717 1443 Postu-

86 1461 228 1513 mius
264 1459 463 1512 Martio
511 1461 799 1512 certamini
844 1460 1215 1512 conmissurus
1263 1480 1375 1514 non
1420 1460 1718 1514 uidebatur

87 1531 432 1585 caerimoniis
459 1531 656 1583 Martis
687 1531 938 1584 desertis.

193 1602 244 1655 3.
302 1601 610 1654 Laudabile
662 1602 953 1655 duodecim
983 1602 1219 1654 fascium
1255 1602 1577 1672 religiosum
1623 1604 1715 1656 ob·
1741 1615 1783 1647 20

90 1673 360 1743 sequium:
403 1671 734 1726 laudabilior
761 1681 994 1744 quatuor
1021 1683 1075 1726 et
1110 1673 1311 1742 uiginti
1350 1675 1407 1726 in
1443 1674 1717 1728 censimili

87 1762 146 1795 re
193 1742 561 1796 oboedientia.
623 1762 655 1795 a
694 1744 919 1797 Tiberio
961 1744 1107 1796 enim
1145 1744 1398 1797 Graccho
1450 1744 1520 1797 ad
1558 1744 1716 1797 colle-

88 1814 239 1882 gium
275 1831 546 1881 augurum
590 1813 784 1865 litteris
824 1833 893 1866 ex
928 1815 1215 1884 prouincia
1250 1815 1463 1882 missis,
1515 1817 1714 1886 quibus

89 1883 440 1953 significabat
487 1902 572 1949 se,
635 1902 759 1935 cum
805 1884 973 1937 libros
1012 1884 1082 1936 ad
1121 1903 1280 1937 sacra
1315 1885 1506 1956 populi
1551 1888 1715 1957 perti-

88 2004 298 2049 uenerari
337 2004 655 2054 instituerant,
705 2003 990 2050 sacerdotem
1019 2004 1328 2065 Calliphanam
1365 2021 1407 2066 p.
1450 2021 1485 2051 c.
1526 2021 1551 2052 a
1587 2006 1711 2052 Velia
1737 2012 1781 2044 25

87 2074 256 2135 oppido
276 2075 525 2135 petierunt,
555 2075 677 2134 quod
699 2075 900 2121 nondum
927 2076 972 2120 in
1003 2077 1237 2121 ciuitatem
1250 2076 1497 2122 Romanam
1524 2092 1710 2138 recepe·
1735 2053 1829 2087 Par.

28 2186 34 2190 .
85 2151 202 2191 rant.
226 2171 283 2178 —-
315 2145 531 2190 Tumultu
554 2146 815 2192 Gracchano
845 2161 897 2192 ex
918 2146 1047 2203 libris
1070 2147 1305 2208 Sibyllinis
1326 2148 1529 2193 Hennam
1559 2148 1716 2194 decem

86 2217 175 2262 uiri
201 2216 329 2262 missi
357 2216 567 2262 Cererem
598 2219 984 2278 propitiauerunt.
1037 2223 1078 2264 2.
1103 2218 1313 2264 Metellus
1343 2219 1550 2279 pontifex
1577 2221 1716 2264 maxi-

85 2301 186 2333 mus
211 2288 496 2334 Postumium
537 2302 628 2333 cos.
668 2289 956 2350 eundemque
983 2289 1211 2335 flaminem
1248 2290 1500 2336 Martialem
1539 2291 1594 2336 ad
1619 2290 1715 2336 bel-

83 2357 177 2404 lum
205 2358 455 2420 gerendum
482 2358 848 2419 proficiscentem
890 2360 1001 2406 urbe
1030 2361 1184 2420 egredi
1212 2375 1376 2421 passus
1404 2376 1495 2407 non
1525 2369 1618 2413 est,
1658 2376 1715 2406 ne
1742 2368 1782 2399 30

79 2430 375 2476 caerimoniis
402 2429 559 2475 Martis
586 2430 780 2476 desertis
818 2431 1105 2492 inauspicato
1135 2431 1303 2477 bellum
1333 2434 1739 2496 cqmmitteretur.‘

86 2502 126 2544 3.
166 2500 356 2561 Figulus
385 2507 430 2546 et
458 2500 612 2561 Scipio
638 2501 797 2547 Nasica
836 2502 1078 2548 consulatu
1115 2517 1162 2548 se
1202 2502 1552 2554 abdicauerunt,
1594 2504 1716 2563 quod

86 2570 152 2617 Ti.
179 2571 407 2617 Gracchus
445 2572 821 2618 animaduertisse
862 2587 909 2619 se
945 2574 1119 2618 dixerat
1158 2575 1356 2618 comitiis
1394 2573 1715 2619 consularibus

198 2683 223 2723 3
248 2681 531 2721 calcitanam
553 2681 595 2721 B
618 2686 658 2721 et
680 2684 773 2722 rell.
799 2680 818 2736 {l
836 2682 975 2723 uel—
993 2682 1114 2724 Call.
1138 2684 1234 2722 incl.
1259 2682 1427 2735 Kempf
1481 2684 1504 2723 7
1528 2671 1713 2736 gracch.

83 2737 285 2778 tumultu
317 2751 372 2779 ex
401 2738 532 2779 libris
564 2738 798 2790 sibyllinis
830 2736 927 2791 (om.
962 2739 1141 2789 moniti)
1172 2739 1215 2779 B
1245 2740 1287 2778 in
1317 2741 1446 2780 litura
1473 2738 1599 2780 habe&
1620 2754 1718 2780 cor·

14 2795 20 2798 ’
83 2790 243 2835 reolum
272 2808 330 2835 eoe
353 2795 514 2835 Paride
574 2797 599 2835 9
633 2794 941 2835 credebantur
962 2795 1174 2848 Stanyer:
1209 2795 1466 2837 credebant
1485 2797 1527 2836 B
1556 2793 1575 2850 Η
1603 2796 1715 2836 Xui-

83 2863 158 2892 ros
182 2851 230 2898 P,
254 2856 298 2890 zet
319 2856 383 2892 est
404 2856 446 2892 in
472 2852 556 2892 Cic.
584 2852 712 2892 Ver-r.
739 2851 826 2901 IV,
853 2854 876 2902 ἓ
900 2852 1000 2899 108,
1023 2854 1104 2893 sed
1122 2855 1265 2894 codex
1290 2867 1454 2907 quoqne
1478 2854 1715 2907 Nepotiani

84 2907 168 2948 XV
189 2907 314 2963 habet
374 2910 426 2948 16
449 2909 559 2948 urbe
582 2909 623 2948 P
683 2910 733 2949 17
759 2921 846 2960 quo
869 2912 970 2949 tuto
993 2903 1049 2948 B'
1109 2911 1163 2950 22
1186 2922 1357 2963 gracco
1381 2903 1436 2950 B'

199 2965 253 3004 25
277 2965 386 3005 uela
415 2965 457 3004 V
513 2966 567 3005 27
589 2965 789 3005 bennam
819 2966 862 3005 V

1383 3036 1440 3085 1²2<
