1924 3152
681 139 801 187 CAP.
828 139 890 192 11,
930 137 1027 186 Exi.
1054 138 1084 198 3
1114 142 1254 185 1—5.
1664 133 1767 187 129

133 250 295 306 turi’.
343 266 492 303 mors
519 255 639 301 erat
664 247 1012 301 denuntiata:
1053 246 1510 314 Lacedaemonii,
1536 247 1766 317 perinde

135 339 201 375 ac
223 321 460 375 uictoria
483 326 634 373 esset
657 318 948 390 promissa,
978 316 1127 372 dicto
1155 317 1419 389 intrepidi
1442 328 1762 389 paruerunt.

240 392 294 444 4.
333 387 655 461 Othryadae
674 407 891 461 quoque
915 407 1105 460 pugna
1122 389 1331 461 pariter
1356 407 1421 442 ac
1446 397 1624 443 morte
1647 408 1765 460 spe·

135 464 288 517 ciosa
331 461 692 532 Thyreatium
730 458 895 536 laude
938 478 1104 531 quam
1150 461 1332 531 spatio
1374 459 1542 514 latius
1589 459 1766 515 solum

134 533 393 588 cernitur.
442 530 537 613 qui
562 531 831 601 sanguine
867 548 965 584 suo
993 531 1212 602 scriptis
1248 530 1449 585 litteris
1478 530 1764 603 dereptam
1785 554 1807 588 5

133 603 386 659 hostibus
423 602 718 656 uictoriam
751 609 969 655 tantum
1002 620 1117 655 non
1150 609 1277 673 post
1308 603 1430 656 fata
1464 621 1567 656 sua
1601 604 1660 655 in
1696 604 1765 656 si-

133 693 267 729 num
289 673 506 746 patriae
530 680 758 727 cruento
782 681 869 727 tro
913 673 1001 726 aei
1026 673 1188 726 titulo
1214 674 1444 727 rettulit.

239 745 294 800 5.
331 742 843 798 Excellentissimos
913 752 1180 816 partanae
1207 744 1433 798 uirtutis
1460 753 1762 816 prouentus

132 814 466 870 miserabilis
490 814 546 869 la
586 833 679 868 sus
705 814 973 886 sequitur.
1033 814 1454 887 Epaminondas
1468 857 1483 884 ,
1520 817 1766 870 maxima

134 887 454 941 Thebarum
502 885 558 939 fe
579 886 740 940 icitas
798 886 1056 957 idemque
1104 887 1536 941 Lacedaemonis
1587 888 1766 958 prima
1790 911 1830 943 10

134 957 319 1012 clades
334 999 349 1026 ‚
395 975 520 1010 cum
553 964 835 1011 uetustam
872 956 989 1010 eius
1017 957 1172 1011 urbis
1209 956 1445 1028 gloriam
1479 958 1764 1013 inuictam·

134 1047 239 1100 que
265 1028 339 1082 ad
364 1027 425 1081 id
450 1036 666 1099 tempus
691 1027 976 1099 publicam
1000 1029 1267 1082 uirtutem
1292 1029 1443 1100 apud
1467 1029 1765 1083 Leuctram

132 1107 190 1153 et
213 1098 554 1153 Mantineam
579 1098 834 1152 secundis
860 1098 1084 1181 proeliis
1111 1099 1472 1167 contudisset,
1498 1101 1763 1155 traiectus

132 1169 322 1237 hasta,
357 1169 629 1240 sanguine
662 1177 718 1222 et
743 1188 768 1221 s
809 1169 945 1223 intu
980 1170 1267 1237 deficiens,
1306 1189 1557 1225 recreare
1593 1191 1651 1225 se
1678 1191 1764 1226 co·

131 1248 353 1308 nanteS,
380 1241 620 1312 primum
645 1259 717 1292 an
743 1258 772 1293 c
797 1241 808 1251 ‘
854 1259 949 1293 eus
978 1260 1109 1294 suus
1139 1241 1324 1294 saluus
1352 1251 1525 1309 esset,
1567 1241 1764 1296 deinde
1788 1265 1830 1299 15

131 1330 204 1366 an
226 1312 446 1383 penitus
472 1311 587 1365 fusi
603 1310 791 1366 hostes
813 1259 1000 1366 {orent
1024 1313 1409 1383 interrogauit.
1449 1331 1589 1395 quae
1615 1323 1764 1385 post-

132 1401 298 1453 quam
323 1401 395 1436 ex
419 1382 588 1437 animi
614 1383 888 1436 sententia
913 1383 1182 1455 conperit,
1213 1388 1353 1453 ‘non
1378 1383 1556 1451 finis',
1585 1385 1765 1456 inquit

132 1454 560 1521 ‘conmilitoneS‚
595 1454 745 1507 uitae
770 1473 954 1522 meae,
991 1453 1094 1508 sed
1116 1453 1309 1508 melius
1338 1463 1393 1509 et
1418 1456 1634 1509 auctius
1661 1456 1762 1508 ini-

131 1524 551 1596 nuaradmmit.
624 1543 770 1587 nunc
804 1526 953 1580 enim
993 1534 1181 1579 uester
1216 1525 1633 1597 Epaminondas
1669 1545 1762 1579 na-

133 1590 328 1665 Qu,
365 1588 600 1667 quia'sic
623 1597 903 1649 moritur(
925 1596 1158 1650 <Thebas
1198 1596 1368 1650 ductu
1405 1606 1461 1650 et
1496 1598 1759 1669 auspiciis
1786 1620 1828 1652 20

131 1664 267 1718 meis
300 1674 465 1736 caput
499 1666 770 1720 Graeciae
805 1667 985 1721 factas
1027 1667 1217 1734 uide0‚
1270 1676 1325 1720 et
1358 1667 1521 1721 fortis
1559 1677 1612 1722 et
1647 1670 1762 1721 ani-

132 1754 287 1790 mosa
333 1737 532 1789 ciuitas
569 1737 845 1807 Spartana
885 1738 1027 1790 iacet
1062 1739 1229 1790 armis
1261 1738 1467 1792 nostris
1516 1739 1759 1792 abiecta:

132 1824 323 1860 amara
348 1806 724 1860 dominatione
752 1807 992 1861 Graecia
1017 1807 1254 1862 liberata
1279 1817 1382 1862 est.
1435 1809 1603 1863 orbus
1669 1828 1762 1862 uo-

131 1896 255 1949 que‚
282 1896 394 1932 non
409 1886 593 1931 tamen
619 1878 735 1930 sine
755 1876 944 1931 liberis
971 1879 1193 1946 morior,
1220 1878 1479 1950 quoniam
1499 1879 1623 1932 miri
1668 1899 1760 1933 cas

130 1997 244 2043 haec
268 2010 358 2043 uox
385 1996 557 2043 fertur:
599 1998 693 2043 ‘sic
718 1997 965 2058 prandete,
991 1997 1352 2049 commilitones,
1382 2005 1612 2059 tamquam
1639 1999 1759 2059 apud
1782 2014 1824 2048 25

131 2067 306 2114 inferos
332 2068 553 2114 cenaturi.
614 2067 957 2114 Lacedaemonii
981 2069 1171 2129 perinde
1198 2083 1248 2116 ac
1274 2070 1470 2116 uictoria
1505 2077 1627 2115 esset
1654 2084 1759 2132 pro·
1783 2084 1875 2119 Par.

130 2139 289 2190 missa,
316 2138 439 2184 dicto
466 2146 721 2199 paruerunt
746 2139 977 2201 intrepidi.
1027 2143 1070 2185 4.
1100 2139 1357 2202 Othryades
1379 2139 1629 2202 Spartanus
1657 2155 1760 2202 spe-

130 2209 285 2255 ciosus
319 2222 474 2271 pugna
499 2223 551 2256 ac
575 2216 747 2271 morte,
788 2211 1011 2271 sanguine
1036 2225 1121 2258 suo
1159 2212 1391 2272 inscriptis
1419 2214 1644 2273 tropaeis,
1685 2212 1759 2258 de-

129 2286 307 2340 reptam
349 2279 561 2326 hostibus
610 2281 852 2328 uictoriam
894 2283 991 2328 suis
1037 2282 1258 2329 restituit.
1332 2286 1375 2327 5.
1427 2282 1758 2344 Epaminondas

130 2349 372 2397 Thebanus
413 2352 630 2397 traiectus
665 2352 817 2404 hasta,
858 2355 1083 2413 sanguine
1117 2359 1165 2400 et
1199 2355 1367 2415 spiritu
1403 2353 1645 2405 deficiens,
1688 2367 1759 2399 re·
1782 2369 1823 2403 30

131 2417 286 2466 creare
332 2435 382 2467 se
426 2429 668 2473 conantes,
722 2425 920 2482 primum
955 2438 1013 2470 an
1050 2423 1226 2485 clipeus
1265 2439 1378 2471 suus
1415 2424 1572 2471 saluus
1618 2432 1772 2474 esset‚.

132 2488 294 2536 deinde
315 2504 377 2550 Nan
404 2492 588 2551 penitus
617 2492 707 2538 susi
735 2494 917 2547 hostes,
948 2494 1268 2555 interrogauit.
1322 2495 1489 2555 quibus
1516 2497 1579 2541 ita
1607 2509 1655 2541 se
1682 2497 1758 2541 ha·

248 2614 271 2653 l
310 2612 676 2655 lacedaemoniis
704 2615 768 2663 B,
809 2618 891 2657 sed
918 2629 939 2657 s
965 2625 1109 2669 punct.
1196 2619 1221 2657 2
1258 2617 1382 2658 dicto
1413 2618 1502 2657 Pb:
1542 2616 1679 2659 docto
1715 2617 1757 2657 B

128 2671 159 2711 4
177 2667 467 2722 thyreatrum
486 2670 530 2710 B
589 2671 616 2711 5
636 2669 865 2724 direptam
885 2672 991 2720 BP,
1023 2687 1098 2714 em.
1122 2674 1264 2714 Periz.
1326 2674 1352 2714 6
1373 2673 1505 2714 facta
1526 2673 1569 2714 B
1629 2676 1654 2716 9
1677 2676 1758 2715 mi-

128 2725 298 2767 rabilis
326 2719 383 2766 B'
463 2725 518 2768 10
546 2726 906 2769 lacedaemoniis
927 2728 985 2777 B,
1025 2743 1101 2770 em.
1131 2730 1271 2770 Aldus
1331 2731 1384 2770 12
1406 2730 1628 2772 bellicam
1650 2732 1756 2771 uirt.

131 2781 418 2825 Keller-bauer
497 2786 550 2825 13
579 2784 854 2826 contulisset
875 2785 918 2825 B
998 2787 1050 2827 15
1074 2785 1261 2839 clypeus
1282 2786 1325 2826 B
1404 2789 1457 2829 18
1489 2789 1670 2829 auctius
1696 2790 1738 2829 Γ
1747 2803 1756 2827 :

131 2850 286 2879 muzus
309 2837 508 2891 (avimus
517 2840 556 2892 ?)
578 2841 634 2889 B,
660 2842 812 2895 aptius
834 2841 872 2889 b,
907 2840 1049 2883 altius
1069 2842 1114 2883 B
1133 2857 1212 2897 my.
1272 2845 1329 2885 20
1348 2844 1416 2884 sic
1438 2845 1631 2886 moritur
1650 2848 1692 2886 in
1715 2845 1757 2884 B

130 2901 386 2948 eaepzmctum

243 2953 299 2994 28
322 2965 376 2993 ac
398 2958 542 2995 morte
568 2954 687 2996 Mai:
718 2955 944 3009 othryade
974 2958 1015 2997 V
1032 2953 1053 3011 Η
1072 2955 1299 3012 direptam
1329 2958 1373 2997 V

219 3034 323 3065 vu..
349 3035 459 3067 nax.
1467 3027 1499 3079 9
