1936 3120
799 129 851 181 x,
879 131 932 173 17
947 153 1008 162 -
1023 128 1094 180 xi,
1119 129 1161 173 9.
1254 99 1260 108 ’
1683 119 1790 174 505

172 246 294 292 mina
319 246 549 306 incompta
589 244 847 305 conscripta
883 248 1011 288 sunt:
1057 242 1258 288 adiectae
1285 247 1490 287 etruscae
1516 239 1936 286 saltationesv21.u.11

174 330 292 378 eque
326 316 509 362 Etruria
548 316 797 361 accersitus
833 314 1011 364 ludius,
1055 313 1101 358 id
1137 319 1206 358 est
1244 314 1457 373 princeps
1485 312 1786 363 scenicorum,

176 389 254 448 qui
281 387 454 433 Histrio
477 386 752 437 uocabatur,
791 386 923 446 isque
961 390 1006 430 et
1041 390 1171 430 motu
1209 384 1416 444 corporis
1446 390 1492 429 et
1518 397 1633 429 sono
1660 383 1788 429 uocis

175 458 277 504 rudi
314 457 535 519 populum
572 457 830 502 delectauit.
882 458 928 501 in
965 457 1094 502 cuius
1133 456 1355 501 honorem
1389 456 1523 501 istius
1560 453 1684 499 modi
1719 467 1790 499 ar-

130 542 152 574 5
175 528 319 575 tifiees
345 529 594 574 histriones
621 528 729 574 dicti
757 533 879 572 sunt.
933 542 955 572 a
982 526 1106 573 ludio
1135 532 1278 572 tracta
1306 526 1444 572 editio
1472 525 1698 572 ludorum.

280 604 320 645 4.
360 599 564 645 Atellana
604 613 736 645 scena
774 599 847 644 uel
889 600 1057 643 comica
1096 597 1247 643 sabula
1283 596 1337 643 ab
1366 596 1494 643 Oscis
1535 597 1677 642 accita
1704 594 1903 648 est‚4‚4

175 671 342 717 ceteris
369 671 579 716 seuerior
605 676 651 716 et
678 669 814 731 digna
841 671 1065 729 grauitate
1093 683 1294 715 romana.
1333 675 1377 714 et
1399 682 1498 714 cum
1524 669 1599 714 alii
1623 667 1791 713 scenici

174 741 368 787 infames
396 742 502 792 sint,
530 742 577 786 hi
603 755 688 786 nec
710 741 831 787 tribu
859 740 1129 786 arcebantur
1155 754 1241 786 nee
1267 755 1290 785 a
1318 739 1557 800 stipendiis
1583 739 1788 784 militari-

180 813 265 859 bus
291 811 646 872 repellebantur.

111 898 155 929 10
283 886 324 929 5.
365 882 548 928 Catulus
593 884 767 943 primus
816 883 1021 944 exemplo
1068 896 1307 942 campanae
1345 882 1549 927 luxuriae
1589 881 1705 927 uelis
1743 881 1790 926 in
1809 890 1850 941 4,
1874 891 1903 930 6

177 955 359 1000 theatro
387 961 648 1014 spectantes
675 954 729 1000 ab
758 961 888 999 aestu
916 954 1133 999 defendit.

282 1028 323 1070 6.
365 1025 707 1086 Gn.Pompeius
735 1040 876 1086 aquas
904 1026 1080 1070 induxit
1105 1039 1187 1085 per
1216 1024 1430 1085 quasdam
1457 1024 1642 1070 semitas
1663 1022 1790 1069 fistu-
1810 1033 1850 1084 4,
1874 1034 1904 1074 6

136 1088 139 1091 ’
175 1097 337 1147 larum,
365 1104 415 1142 ut
442 1111 660 1157 uaporem
689 1097 855 1142 leniret
882 1097 1084 1142 aestatis.

282 1171 323 1216 7.
353 1167 614 1213 Saeculares
651 1167 769 1218 ludi,
816 1169 893 1227 qui
930 1173 1037 1227 post
1063 1181 1229 1212 aunum
1257 1167 1554 1213 centesimum
1582 1167 1788 1216 ueniunt,
1808 1163 1904 1220 4,'5

110 1252 152 1284 15
175 1253 199 1283 a
219 1238 399 1284 Valerio
420 1238 652 1285 Publicola
679 1240 954 1299 imperatore
974 1239 1171 1298 primum
1200 1239 1400 1283 instituti
1429 1244 1474 1283 et
1500 1239 1545 1282 in
1568 1238 1790 1282 honorem

172 1309 284 1354 Ditis
329 1310 472 1370 patris
513 1310 908 1370 Proserpinaeque
955 1309 1170 1355 celebrati
1216 1316 1323 1355 sunt
1363 1309 1482 1369 apud
1518 1322 1614 1354 eam
1651 1322 1788 1358 aram,

175 1393 311 1440 quam
347 1381 550 1442 ipsorum
587 1382 822 1426 numinum
864 1381 996 1425 titulo
1041 1381 1306 1441 inscriptam
1344 1379 1546 1425 Valesius
1583 1379 1789 1439 locuples

173 1452 433 1496 rusticanus
460 1466 545 1511 pro
575 1453 712 1497 trium
740 1451 938 1497 filiorum
966 1451 1050 1497 sibi
1074 1451 1247 1497 reddita
1267 1452 1491 1511 sospitate
1518 1452 1786 1496 inuenerat:

175 1521 230 1566 ad
257 1535 391 1581 quam
417 1529 463 1566 et
488 1524 633 1583 nigris
673 1523 837 1568 hostiis
875 1522 1195 1568 immolabatur
1235 1529 1280 1568 et
1315 1522 1597 1567 lectisternia
1625 1522 1790 1567 excita-

111 1605 152 1637 20
174 1591 341 1637 bantur
367 1598 412 1637 et
437 1594 675 1638 nocturnis
703 1593 821 1639 ludis
849 1595 965 1639 festa
992 1593 1269 1654 agebantur,
1306 1595 1430 1639 uotis
1466 1592 1647 1653 publice
1674 1607 1791 1638 nun-

175 1663 353 1723 cupatis
380 1677 464 1723 pro
492 1663 638 1708 salute
665 1678 863 1710 romana.

280 1736 321 1778 8.
362 1734 411 1790 Q.
439 1734 651 1780 Claudius
678 1736 850 1795 primus
877 1749 1056 1781 scenam
1083 1736 1218 1795 pictis
1247 1734 1411 1780 tabulis
1441 1734 1695 1791 adornauit,
1738 1733 1786 1780 G.
1807 1739 1848 1787 4,
1872 1739 1902 1778 6

172 1805 398 1851 Antonius
426 1819 551 1856 auro,
590 1804 795 1851 Petreius
824 1806 985 1852 ebore:
1027 1806 1074 1851 P.
1100 1807 1321 1851 Lentulus
1349 1805 1566 1866 Spinther
1591 1806 1790 1865 exquisi-

176 1882 271 1920 tum
309 1876 481 1922 cultum
520 1877 664 1921 uestis
701 1877 890 1922 induxit.
942 1878 1073 1937 piget
1107 1877 1292 1937 longius
1319 1878 1540 1938 prosequi
1569 1883 1614 1921 et
1642 1876 1788 1921 tibici-

108 1959 151 1991 25
174 1960 282 1991 num
322 1947 471 1992 cultus
509 1961 560 1993 ac
598 1947 935 1993 multitudinem
970 1948 1098 2007 loqui
1134 1955 1211 1993 aut
1249 1949 1507 1993 canentium
1544 1954 1788 1993 eneruatos

173 2017 356 2069 modos,
395 2024 446 2063 ut
473 2018 608 2064 etiam
635 2020 875 2064 mimorum
904 2019 1238 2079 turpitudines:
1268 2033 1383 2078 quae
1411 2020 1561 2064 omnia
1587 2019 1714 2079 prius
1742 2019 1788 2063 in

173 2087 581 2135 dissimulationem
608 2088 778 2136 laboris
804 2089 1098 2150 parabantur,
1126 2104 1247 2136 nunc
1267 2090 1431 2135 dantur
1456 2091 1502 2135 in
1530 2089 1788 2136 incendium

172 2158 389 2205 libidinis.

283 2233 324 2276 9.
363 2230 524 2277 Munus
551 2231 870 2290 gladiatorium
900 2232 1051 2278 datum
1075 2232 1240 2278 Romae
1267 2233 1548 2293 estprimum
1575 2233 1620 2277 in
1643 2232 1787 2278 hono-
1807 2244 1847 2292 4,
1872 2244 1898 2284 7

112 2313 153 2345 30
177 2313 271 2345 rem
298 2300 631 2352 defunctorum,
661 2303 836 2348 scilicet
862 2317 886 2348 a
913 2302 1017 2349 filiis
1043 2305 1171 2349 Bruti
1197 2303 1345 2349 Marco
1375 2310 1420 2348 et
1440 2304 1616 2349 Decimo
1638 2302 1788 2348 Brutis

175 2371 413 2418 consulatu
456 2373 590 2432 Appii
636 2372 807 2418 Claudii
852 2379 897 2418 et
938 2373 1093 2429 Quinti
1136 2373 1299 2419 Fuluii.
1376 2374 1569 2420 athletas
1613 2374 1787 2419 Marcus

178 2441 375 2487 Scaurus
403 2442 560 2487 aedilis
586 2444 759 2502 primus
788 2443 974 2489 induxit.

290 2610 312 2648 1
337 2608 646 2662 incomposita
666 2609 951 2650 Kellerbauer
1009 2613 1034 2651 3
1056 2610 1249 2651 historio
1270 2611 1504 2651 uocabant
1524 2610 1686 2663 hisque
1707 2610 1739 2650 G
1763 2609 1784 2662 Η

173 2676 287 2705 sona
307 2665 437 2706 uocis
460 2665 616 2705 rudem
640 2666 671 2706 G
730 2667 756 2706 5
776 2666 1053 2707 historiones
1078 2667 1111 2708 0
1148 2669 1172 2708 6
1196 2667 1383 2708 stabula
1407 2668 1440 2708 0
1479 2669 1504 2708 8
1526 2666 1573 2706 hi
1597 2671 1642 2707 et
1663 2667 1789 2707 tribu

175 2721 210 2761 G
275 2723 325 2761 11
351 2726 650 2775 expectantes
675 2722 708 2762 0
775 2724 828 2764 13
848 2735 1066 2776 uoporem
1091 2725 1135 2774 C,
1160 2724 1389 2765 feruorem
1410 2725 1507 2765 Mai
1575 2725 1626 2765 16
1649 2724 1786 2764 dictis

176 2775 245 2833 01]
265 2774 323 2819 εὖ
342 2790 425 2819 ara
449 2778 482 2819 G
530 2779 583 2819 18
605 2780 827 2832 sospitate
850 2779 1173 2821 celebrabatur
1193 2781 1436 2822 inuenerat
1457 2781 1490 2820 Ο
1539 2782 1594 2821 24
1617 2784 1663 2821 et
1683 2793 1786 2821 nos:

172 2847 228 2876 ex
251 2835 294 2883 0,
317 2847 395 2875 om.
418 2835 515 2875 Mai
571 2835 626 2875 25
649 2835 821 2876 cultum
843 2837 939 2877 Mai
956 2833 975 2890 ΙΙ
997 2835 1068 2890 ac]
1095 2851 1122 2877 a
1147 2837 1178 2878 C
1243 2840 1297 2879 26
1319 2838 1476 2879 modus
1501 2838 1534 2878 C
1553 2834 1571 2891 ΙΙ
1592 2838 1786 2890 turpitu-

170 2890 290 2932 dinis
311 2891 345 2932 C
426 2893 480 2933 30
502 2904 529 2931 a
550 2891 656 2932 filiis
680 2915 732 2922 -
755 2893 1000 2934 consulatu
1022 2907 1132 2935 nos:-
1153 2893 1238 2934 filii
1259 2896 1386 2936 bruti
1404 2908 1559 2936 marco
1584 2898 1630 2934 et
1651 2893 1784 2941 decio

169 2947 318 2990 brutis
340 2961 487 2989 conss.
511 2951 607 2988 tum
631 2948 664 2989 G
722 2951 773 2990 31
799 2949 999 2991 athletos
1016 2963 1198 2992 marcus
1221 2954 1425 2993 staturus
1451 2951 1483 2992 C
