1878 3132
492 70 637 150 *CAR
668 104 779 154 vlu,
808 104 837 162 g
866 107 931 149 12·
967 67 1067 150 'En‘
1096 104 1124 162 S
1155 105 1293 147 1-6.
1647 93 1717 145 53

197 214 254 273 ,3.
284 196 684 265 χΜίεθιέιίὤίοι·
722 220 904 263 tamen
941 211 1217 282 sequentis
1258 227 1416 261 casus
1454 207 1717 259 narratio.

22 283 25 286 ⁴
98 282 447 350 Nausimenis
477 283 621 335 enim
641 281 995 334 Atheniensis
1022 292 1190 346 uxor,
1229 299 1351 332 cum
1375 278 1454 330 fili
1482 297 1545 330 ac
1572 276 1719 329 filiae

98 375 230 408 suae
258 363 447 424 stupro
475 352 889 419 interuenisset,
917 353 1188 422 inopinati
1212 350 1444 402 monstri
1468 347 1721 420 perculsa

101 433 392 496 conspectu
442 433 495 476 et
539 424 617 475 in·
641 441 899 494 praesens
946 430 1160 492 tempus
1208 421 1278 473 ad
1323 419 1722 489 indignandum

100 505 156 549 et
181 498 238 548 in
254 503 535 565 posterum
561 490 633 548 ad
654 493 987 564 loquendum
1013 492 1299 546 obmutuit.
1342 491 1422 542 illi
1448 490 1720 542 nefarium
1743 511 1764 543 5

100 566 450 620 concubitum
477 563 787 616 uoluntaria
812 572 984 618 morte
1010 552 1351 634 pensarunt.'

205 637 257 688 4.
294 635 415 688 Hoc
443 635 604 688 modo
633 635 854 687 fortuna
881 636 1130 686 saeuiens
1158 652 1350 687 uocem
1377 633 1599 698 ademit,
1629 630 1721 684 illo

99 708 340 778 propitia
386 706 630 760 donauit.
708 705 971 758 Echecles
1011 705 1226 758 Samius
1275 703 1482 755 athleta
1517 711 1723 768 mutus,

102 797 225 830 cum
251 779 302 829 ei
324 778 617 843 uictoriae,
646 795 809 847 quam
835 778 1062 846 adeptus
1090 784 1234 841 erat,
1270 774 1462 826 titulus
1491 782 1545 825 et
1569 791 1722 844 prae-

101 849 270 900 mium
333 849 663 918 eriperetur,
738 846 1117 917 indignatione
1179 864 1440 898 accensus
1512 843 1721 897 uocalis
1748 868 1788 897 10

103 920 298 972 euasit.

211 990 262 1043 ὃ.
302 990 544 1058 Gorgiae
573 1007 785 1058 quoque
811 988 1104 1059 Epirotae,
1149 987 1309 1040 fortis
1349 994 1402 1038 et
1428 985 1561 1038 clari
1596 985 1722 1050 uiri,

104 1062 256 1130 origo
305 1064 623 1112 admirabilis
660 1062 794 1122 fuit,
850 1058 995 1129 quod
1040 1059 1096 1109 in
1140 1057 1330 1110 funere
1367 1058 1556 1108 matris
1596 1075 1724 1108 suae

103 1139 259 1183 utero
307 1129 524 1200 elapsus
570 1130 849 1199 inopinato
889 1130 1082 1198 uagitu
1119 1147 1215 1180 suo
1251 1127 1453 1180 lectum
1497 1128 1724 1179 ferentis

106 1201 403 1266 consistere
455 1200 658 1268 coegit,
729 1204 1038 1270 nouumque
1088 1198 1464 1268 spectaculum
1512 1198 1726 1268 patriae
1750 1220 1792 1251 15

104 1272 385 1343 praebuit,
423 1279 637 1323 tantum
662 1289 773 1323 non
800 1290 870 1322 ex
905 1272 1024 1340 ipso
1061 1270 1355 1338 genetricis
1384 1287 1515 1337 rogo
1550 1267 1728 1320 lucem

108 1351 160 1395 et
194 1361 383 1394 cunas-
400 1341 712 1393 adsecutus,
764 1340 955 1394 eodem
991 1342 1137 1393 enim
1162 1347 1435 1391 momento
1462 1339 1726 1409 temporis

108 1413 281 1467 altera
304 1413 415 1463 iam
433 1412 549 1464 fato
578 1412 768 1464 fun‘cta
793 1411 1019 1483 peperit,
1048 1410 1186 1463 alter
1211 1420 1337 1463 ante
1364 1410 1535 1462 elatus
1564 1428 1729 1480 quam

107 1491 270 1536 natus
299 1491 397 1535 est.

214 1554 264 1606 6.
314 1553 554 1605 Diuinae
588 1553 842 1605 fortunae
876 1552 1073 1604 uulnus
1110 1551 1353 1604 Pheraeo
1388 1551 1577 1604 Iasoni
1613 1551 1728 1620 qui·
1753 1575 1795 1605 20
1819 1575 1831 1578 ·

111 1623 236 1675 dam
268 1624 524 1675 inimicus
564 1624 720 1676 exitii
755 1625 871 1675 eius
909 1622 1143 1693 cupidus
1180 1621 1384 1675 intulit.
1442 1640 1571 1673 nam
1608 1640 1731 1673 cum

111 1695 254 1746 inter
304 1693 537 1745 insidias
586 1693 771 1761 gladio
819 1713 941 1745 eum
986 1693 1371 1763 percussisset,
1433 1693 1729 1758 uomicam,

113 1783 251 1834 quae
278 1782 310 1815 a
334 1762 481 1815 nullo
510 1763 847 1815 medicorum
874 1764 1057 1815 sanari
1082 1771 1363 1832 potuerat,
1392 1764 1471 1814 ita
1497 1764 1646 1832 rupit
1670 1771 1731 1815 ut

111 1834 384 1886 hominem
410 1833 673 1903 pestifero
701 1833 845 1886 malo
871 1833 1151 1886 liberaret.
1473 1832 1477 1836 ’

113 1954 256 1998 moria
281 1951 494 2002 retinuit,
533 1952 804 1998 eruditionis
833 1954 973 1998 totius
1011 1951 1179 1997 oblitus
1208 1958 1293 1997 est.
1367 1955 1406 1996 3.
1444 1950 1728 1997 Nausimenis
1753 1966 1795 1998 25

114 2022 403 2068 Atheniensis
438 2036 576 2074 uxor,
616 2038 716 2068 cum
743 2022 860 2068 filiae
889 2038 939 2068 ac
964 2022 1046 2067 filii
1073 2031 1233 2083 stupro
1273 2023 1622 2071 interuenisset,
1660 2025 1727 2067 in-
1751 2009 1848 2042 Par.

114 2096 301 2154 opinato
339 2094 599 2153 spectaculo
637 2107 853 2154 percussa
889 2096 1147 2139 ommutuit.
1217 2098 1257 2143 4,
1304 2093 1517 2139 Echecles
1555 2093 1732 2138 Samius

113 2164 284 2210 athleta
321 2170 498 2214 mutus,
536 2178 635 2209 cum
674 2166 714 2209 ei
750 2166 969 2210 uictoriae
1006 2163 1168 2210 titulus
1206 2164 1486 2224 eriperetur,
1529 2164 1733 2223 indigna-

85 2267 88 2269 -
119 2236 240 2279 tione
276 2248 491 2280 accensus
519 2234 690 2280 uocalis
719 2236 880 2280 euasit.
942 2239 983 2281 5.
1020 2234 1213 2294 Gorgiae
1240 2235 1374 2280 sortis
1402 2241 1538 2294 atque
1565 2234 1733 2280 nohilis

115 2305 247 2364 origo
274 2296 549 2350 admirabilis
578 2305 677 2355 suit,
707 2307 782 2365 qui
812 2307 854 2349 in
882 2305 1042 2351 funere
1071 2307 1227 2350 matris
1256 2319 1362 2351 suae
1389 2312 1522 2350 utero
1551 2305 1733 2365 elapsus
1757 2325 1798 2356 30

116 2374 350 2434 inopinato
389 2375 546 2434 uagitu
586 2375 753 2421 lectum
790 2376 978 2421 serentis
1016 2377 1271 2421 consistere
1308 2375 1476 2435 coegit.
1542 2378 1582 2420 6.
1621 2376 1735 2420 Phe-

119 2457 220 2488 raeo
256 2445 402 2489 insoni
440 2446 621 2504 quidam
670 2446 901 2496 inimicus,
952 2461 1053 2492 cuin
1093 2460 1193 2491 euni
1227 2453 1475 2492 ⁴conaretur
1512 2446 1733 2494 occidere,

120 2515 364 2564 uomicam,
404 2528 518 2572 quae
546 2531 568 2560 a
596 2515 719 2561 nullo
749 2517 1027 2566 medicorum
1056 2518 1203 2562 sanari
1231 2523 1426 2576 poterat,
1454 2516 1603 2574 gladio
1631 2530 1736 2575 per-

235 2624 254 2660 1
288 2622 547 2662 Mirabilior
578 2625 674 2664 edd.
704 2629 806 2664 neit.
868 2628 892 2665 3
921 2638 1144 2677 percussa
1172 2626 1213 2664 P
1269 2626 1294 2664 S
1325 2624 1519 2663 donauit
1546 2624 1734 2676 Kempf:

29 2668 34 2674 ’
82 2727 86 2731 .
109 2677 261 2718 donat
280 2679 322 2718 B
348 2675 366 2731 Η
397 2679 627 2719 Echecles
650 2702 702 2706 -—
727 2681 907 2720 athleta
929 2681 970 2719 B
1000 2683 1042 2720 in
1062 2695 1150 2723 ras.
1184 2694 1241 2720 ex
1263 2681 1304 2719 P
1362 2682 1413 2720 13
1446 2680 1734 2721 admirabilis

20 2844 59 2913 ᾗ

118 2734 209 2774 fuit
228 2736 442 2787 suppleuit
455 2735 658 2788 Kempfe
676 2737 716 2775 P
773 2738 826 2776 14
847 2737 1006 2789 uagito
1028 2729 1084 2776 B'
1105 2734 1124 2790 Η
1146 2737 1339 2776 ferentis
1363 2737 1449 2778 Pb:
1473 2737 1678 2777 ferentes
1694 2737 1736 2776 B

122 2791 174 2830 16
215 2803 303 2830 non
339 2794 518 2831 tantum
547 2792 612 2842 B,
654 2805 728 2832 em.
772 2793 946 2832 Colerus
975 2789 994 2846 {l
1026 2792 1276 2846 genetricis
1314 2792 1379 2832 B:
1429 2794 1596 2846 genitr.
1636 2795 1736 2836 edd.

122 2841 176 2887 18
190 2848 458 2943 Ρέιέθὲὲέιὲ
470 2848 643 2945 ἓξῖἰίνξ
702 2851 756 2889 20
775 2849 1029 2901 phedreoB
1051 2846 1069 2903 Η
1091 2848 1276 2901 quidam
1294 2849 1507 2889 inimicus
1519 2851 1579 2889 F:
1603 2864 1679 2890 om.
1694 2850 1741 2888 B
