1936 3120
226 129 330 182 406
716 157 720 160 ’
913 139 1012 184 LIB'.
1055 139 1153 184 V111.

226 241 358 293 dum
385 260 507 293 eum
533 260 605 293 an
631 242 702 294 ad
729 244 1088 313 spectandum
1126 255 1563 301 concurreretur:
1615 251 1694 303 sic
1719 270 1836 304 uer-

223 311 307 364 bis
348 312 598 364 oratoriis
635 321 887 382 aspectus
926 323 979 367 et
1018 335 1205 368 rursus
1244 320 1490 388 aspectui
1523 321 1694 375 uerba
1729 340 1836 373 ser-

223 381 465 433 uiebant.
518 391 733 435 constat
760 386 1042 454 Aesopum
1067 386 1451 459 Rosciumque,
1481 388 1724 444 ludicrae
1753 411 1834 444 ar-

221 451 288 502 tis
317 452 698 520 peritissimOS,
726 452 818 507 illo
846 473 1037 508 causas
1067 465 1263 525 agente
1291 458 1348 510 in
1368 477 1566 511 corona
1587 460 1834 532 frequen·

178 536 197 568 5
223 528 307 643 te}
350 521 660 590 adstitisse,
716 531 776 576 ut
818 524 938 578 foro
993 527 1191 596 petitos
1248 536 1435 596 gestus
1479 531 1536 582 in
1581 549 1834 584 scaenam

219 609 276 643 re
306 600 502 644 errent.

323 663 370 716 3.
411 662 553 714 Nam
577 663 653 721 M.
684 664 881 716 Cicero*
901 674 1165 733 quantum
1189 669 1246 718 in
1271 677 1501 739 utraque
1528 689 1603 736 re,
1633 671 1700 724 de
1763 691 1834 724 ua

215 731 505 802 loquimur,
534 735 793 787 momenti
820 737 908 801 sit,
937 737 1198 803 oratione,
1229 756 1392 808 quam
1417 757 1515 809 pro
1540 691 1831 794 Gallioffia-

214 803 351 869 buit,
382 803 735 872 significauit,
764 805 835 860 M,
860 805 1070 860 Calidio
1093 809 1399 860 accusatori
1427 811 1831 880 exprobrando,

151 888 192 919 10
215 872 363 942 quod
388 883 778 944 praeparatum
807 876 914 928 sibi
941 895 973 928 a
999 896 1090 929 reo
1119 896 1388 930 uenenum
1424 880 1683 947 testibus,
1722 882 1831 934 chi-

211 943 527 1013 rographiS‚
576 946 988 1015 quaestionibus
1030 948 1386 1017 probaturum
1421 949 1716 1003 adfirmans
1751 970 1830 1004 re-

211 1013 377 1066 misso
407 1013 564 1067 uultu
592 1023 645 1068 et
670 1015 934 1084 languida
961 1037 1096 1070 uoce
1125 1026 1177 1071 et
1205 1018 1380 1072 soluto
1407 1038 1605 1089 genere
1633 1023 1829 1076 oratio-

210 1084 292 1135 nis
321 1104 449 1136 usus
480 1094 655 1152 esset,
700 1087 1011 1157 pariterque
1050 1097 1103 1140 et
1130 1090 1359 1142 oratoris
1395 1090 1592 1142 uitium
1620 1092 1829 1146 detexit

211 1161 264 1205 et
284 1173 482 1207 causae
503 1156 862 1226 periclitantis
886 1159 1222 1226 argumentis
1245 1160 1462 1225 adiecit,
1491 1169 1667 1214 totum
1685 1162 1828 1216 hunc

147 1238 187 1271 15
210 1223 389 1277 locum
412 1226 490 1277 ita
516 1225 848 1293 claudendo,
878 1233 956 1280 ‘tu
982 1229 1159 1295 istud,
1186 1229 1262 1280 M.
1291 1229 1499 1297 Calidi,
1528 1232 1636 1283 nisi
1663 1232 1825 1302 finge-

210 1314 315 1362 res,
346 1296 423 1348 sic
450 1315 639 1365 ageres
651 1298 700 1348 ‘?’

316 1371 436 1418 Ext.
467 1367 511 1417 1.
532 1367 970 1419 Consentaneum
989 1367 1116 1419 huic
1128 1369 1515 1422 Demosthenis
1543 1370 1822 1424 iudicium.

208 1436 302 1504 qui
329 1454 451 1487 cum
478 1437 912 1504 interrogaretur
948 1437 1207 1507 quidnam
1245 1447 1387 1491 esset
1411 1440 1467 1491 in
1494 1441 1722 1493 dicendo
1751 1442 1826 1494 ef-

207 1505 610 1572 ficacissimum,
640 1507 923 1576 respondit
952 1504 1004 1575 (ἡ
1026 1504 1356 1576 ὑπόκρισις’.
1401 1510 1601 1562 iterum
1627 1511 1824 1564 deinde

144 1590 185 1622 20
208 1582 261 1627 et
285 1577 446 1628 tertio
474 1577 852 1647 interpellatus
880 1578 1029 1630 idem
1056 1578 1226 1642 dixit,
1257 1598 1430 1648 paene
1456 1588 1635 1633 totum
1663 1599 1720 1633 se
1746 1581 1826 1633 illi

208 1644 408 1699 debere
435 1647 762 1700 confitendo.
815 1656 963 1700 recte
990 1649 1176 1718 itaque
1205 1649 1527 1716 AeschineS,
1557 1669 1679 1702 cum
1743 1671 1826 1704 ro-

205 1723 327 1784 pter
351 1715 661 1769 iudicialem
687 1718 1044 1786 ignominiam
1079 1718 1284 1771 relictis
1314 1719 1545 1772 Athenis
1573 1720 1692 1773 Rho
1734 1741 1825 1774 um

91 1839 186 1874 Par·
213 1848 347 1894 quam
374 1837 419 1880 in
447 1836 546 1895 ipsa
573 1836 835 1896 eloquentia
862 1837 1083 1897 inpendit.
1136 1838 1290 1897 itaque
1317 1845 1498 1883 constat
1522 1839 1752 1899 Aesopum
1780 1847 1825 1884 et

205 1905 443 1956 Roscium,
482 1906 682 1951 ludicrae
710 1908 820 1951 artis
860 1908 1189 1966 peritissimos,
1226 1908 1305 1953 illo
1335 1922 1515 1953 causam
1542 1916 1707 1969 agente
1735 1909 1824 1954 sre-

141 1983 183 2015 25
209 1982 404 2034 quenter
441 1976 688 2022 adstitisse.
764 1980 804 2022 3.
843 1978 895 2022 M.
935 1977 1092 2023 Cicero
1129 1978 1372 2037 utriusque
1409 1979 1472 2023 rei
1512 1993 1661 2023 curam
1701 1983 1821 2039 egit:

207 2045 402 2105 ideoque
430 2047 570 2092 obicit
596 2048 642 2091 in
670 2061 720 2091 ea
749 2048 978 2097 oratione,
1010 2062 1144 2107 quam
1170 2062 1254 2106 pro
1283 2048 1425 2093 Gallio
1454 2048 1634 2098 habuit,
1662 2050 1715 2094 M.
1744 2048 1825 2093 Ca·

205 2114 314 2161 lidio
343 2119 621 2167 accusatori,
662 2117 784 2176 quod
811 2124 1127 2177 praeparatum
1163 2117 1250 2162 sibi
1277 2131 1301 2161 a
1328 2132 1406 2162 reo
1435 2131 1662 2162 uenenum
1692 2117 1823 2163 adfir-

206 2199 334 2231 mans
372 2199 466 2230 rem
503 2188 648 2245 ipsam
684 2187 877 2232 remisso
914 2187 1046 2232 uultu
1083 2188 1242 2246 egerit.
1320 2188 1472 2247 itaque
1513 2188 1578 2232 sic
1611 2189 1697 2233 ait:
1750 2189 1820 2233 ‘tu

206 2257 343 2306 istud,
372 2257 427 2301 Μ.
457 2255 611 2306 Calidi,
640 2258 730 2301 nisi
756 2256 968 2316 fingeres,
998 2259 1064 2302 sic
1090 2270 1250 2316 ageres
1263 2254 1300 2300 ’.θ’

316 2329 356 2372 l.
404 2328 732 2372 Demosthenes
777 2328 1167 2386 pronuntiationis
1215 2341 1368 2372 curam
1414 2328 1652 2372 maximam
1699 2331 1817 2387 egit:

205 2396 401 2456 ideoque
428 2398 740 2458 interrogatus
771 2397 984 2457 quidnam
1011 2403 1134 2442 esset
1160 2399 1207 2442 in
1227 2397 1419 2443 dicendo
1441 2397 1819 2448 efficacissimum,

205 2467 773 2528 hypocrisimrespondit.
835 2469 989 2527 itaque
1017 2468 1264 2513 Aeschines
1301 2481 1403 2512 cum
1437 2474 1626 2528 propter
1662 2469 1821 2513 iudici-

143 2335 184 2366 30

317 2592 342 2630 2
365 2592 559 2632 oratoris
581 2591 623 2631 B
683 2593 708 2631 3
729 2591 843 2642 itaq.
867 2594 1048 2631 constat
1068 2591 1111 2631 B
1132 2604 1210 2643 my.
1272 2590 1297 2630 5
1321 2591 1526 2630 astitisse
1550 2590 1573 2630 b
1602 2587 1622 2644 ll
1650 2590 1818 2643 petitos

202 2668 259 2674 —
281 2651 502 2699 quantum
523 2650 566 2687 in
587 2647 629 2686 B
649 2652 734 2690 αεὶ.
756 2661 806 2686 ηι.
832 2649 891 2687 acl
908 2660 1039 2700 marg.
1060 2649 1297 2699 suppletum
1318 2652 1383 2686 est
1442 2648 1466 2686 7
1487 2646 1579 2686 iam
1601 2645 1643 2685 B
1659 2659 1772 2688 corr.
1797 2658 1818 2685 e

204 2715 311 2742 nam
370 2703 395 2742 8
418 2704 625 2743 oratione
648 2703 690 2742 B
711 2705 754 2743 in
775 2716 864 2743 ras.
888 2700 906 2756 Η
928 2703 1072 2756 gallio
1097 2703 1184 2743 Pb:
1208 2702 1335 2756 gallo
1358 2702 1399 2742 B
1461 2704 1512 2742 14
1535 2702 1816 2755 argumentis

204 2757 270 2797 B:
293 2763 564 2811 argumenta
581 2760 617 2806 b,
642 2759 1017 2812 argumentum?
1053 2761 1104 2799 15
1115 2762 1225 2799 tune
1248 2759 1271 2798 b
1292 2755 1311 2812 [Ι
1332 2758 1502 2811 fingere
1525 2759 1593 2798 sio
1611 2769 1747 2810 agere
1762 2751 1817 2796 B'

206 2815 257 2854 18
300 2815 377 2866 qui
406 2816 534 2856 detta
567 2815 754 2866 quidam
774 2815 830 2866 B,
863 2816 942 2866 qui
971 2815 1154 2867 quidem
1184 2815 1391 2856 Foertseh
1422 2814 1490 2862 II,
1517 2815 1574 2853 37
1594 2812 1709 2853 Mad
1725 2816 1815 2854 scio

204 2884 256 2910 an
278 2878 395 2911 recte
458 2873 509 2911 19
533 2870 834 2912 ΗΤΟΚΡΙΣ
850 2865 904 2910 Β’

318 2929 371 2967 29
392 2928 485 2967 nisi
512 2928 687 2986 Vcorrj.
712 2941 733 2968 e
759 2928 798 2968 si
