1924 3152
653 23 657 26 ,
680 22 681 25 ,

1230 39 1255 51 -κ

702 121 822 168 CAP.
852 121 939 173 vn,
968 121 999 182 g
1027 124 1067 167 1.
1094 126 1135 167 2.
1662 114 1768 169 203

133 229 259 287 silio
295 231 592 305 praecipue
627 228 881 284 consules
915 229 1240 297 utebantur,
1285 248 1387 300 pro
1422 247 1481 282 se
1515 228 1768 282 Blossius

135 304 492 377 deprecatum
550 301 796 355 uenisset
851 299 1353 372 familiaritatisque
1401 300 1770 354 'excusatione

135 382 410 442 uteretur,
462 381 627 444 atque
659 373 707 425 is
745 372 1004 438 dixisset,
1058 372 1261 443 ‘quid‘?
1309 372 1357 424 si
1391 378 1447 424 te
1483 370 1768 424 Gracchus

135 444 344 518 templo
370 444 518 498 Iouis
558 443 751 525 optimi
777 443 1007 496 maximi
1042 442 1191 496 faces
1220 441 1457 495 subdere
1493 443 1769 508 iussisset,

132 517 573 570 obsecuturusne
606 512 756 567 lllius
791 513 1066 566 uoluntati
1103 520 1331 585 propter
1363 514 1556 581 istam,
1605 530 1771 584 quam
1793 527 1816 561 5

133 587 334 654 iactaS,
372 584 808 638 familiaritatem
840 585 1068 638 fuisti‘?’
1108 588 1436 655 ‘numquam
1469 583 1653 638 istud'
1692 582 1771 634 in-

137 657 258 729 quit
295 655 608 711 ‘Gracchus
645 658 1018 728 imperasset’.
1083 656 1245 723 satis,
1281 657 1447 710 immo
1486 655 1653 708 etiam
1689 655 1770 705 ni-

135 729 327 781 mium:
393 728 560 782 totius
606 745 845 798 namque
889 733 1112 780 senatus
1165 744 1435 780 consensu
1482 726 1769 779 damnatos

137 799 252 852 eius
272 816 451 852 mores
479 797 777 851 defendere
805 816 972 851 ausus
1002 807 1104 852 est.
1142 816 1334 850 uerum
1355 797 1505 868 quod
1527 797 1772 868 sequitur

134 869 308 924 multo
354 868 616 923 audacius
663 869 943 941 multoque
986 868 1364 940 periculosius.
1440 885 1768 939 conpressus
1794 878 1838 915 ιο

138 941 283 994 enim
308 941 689 1012 perseueranti
713 941 1144 1010 interrogatione
1161 938 1317 993 Laeli
1342 941 1400 992 in
1427 939 1618 992 eodem
1644 956 1769 991 con-

136 1011 373 1065 stantiae
394 1010 573 1081 gradu
600 1011 779 1078 stetit,
810 1030 976 1083 seque
1004 1011 1171 1063 etiam
1189 1012 1293 1064 hoc
1306 1051 1320 1078 ,
1351 1010 1396 1062 si
1416 1011 1576 1064 modo
1600 1010 1770 1063 Grac-

138 1082 271 1135 chus
300 1082 614 1148 annuisset,
652 1082 931 1135 facturum
958 1081 1262 1153 respondit.
1325 1082 1446 1152 quis
1472 1080 1629 1133 illum
1657 1098 1769 1133 sce-

135 1155 373 1207 leratum
397 1160 650 1223 putasset
674 1153 873 1220 fuisse,
904 1155 950 1205 si
977 1153 1278 1206 tacuisset?
1354 1153 1438 1204 uis
1466 1170 1576 1204 non
1603 1153 1770 1206 etiam

135 1243 199 1278 sa
238 1224 460 1291 ientem,
489 1225 537 1276 si
562 1242 660 1294 pro
686 1226 1015 1276 necessitate
1043 1223 1307 1294 temporis
1360 1231 1554 1276 ocutus
1583 1223 1767 1276 esset?
1793 1235 1836 1268 15

136 1303 195 1349 at
264 1294 462 1348 lossius
490 1313 593 1348 nec
621 1294 836 1348 silentio
859 1295 1088 1348 honesto
1115 1313 1215 1347 nec
1241 1293 1499 1365 prudenti
1520 1311 1772 1346 sermone

135 1364 371 1420 salutem
407 1384 593 1433 suam,
654 1385 720 1419 ne
758 1385 866 1438 qua
901 1385 971 1419 ex
1006 1372 1165 1436 parte
1210 1364 1445 1417 infelicis
1490 1365 1770 1417 amicitiae

133 1438 457 1491 memoriam
484 1436 790 1505 desereret,
831 1437 974 1492 tueri
1000 1436 1194 1491 uoluit.

243 1508 296 1561 2.
335 1507 629 1561 In‘eadem
657 1508 816 1562 domo
845 1527 1018 1580 aeque
1044 1509 1275 1562 robusta
1302 1507 1608 1561 constantis
1637 1507 1771 1558 ami-

137 1580 299 1631 citiae
335 1597 493 1631 exem
536 1579 588 1630 la
626 1581 972 1632 oboriuntur.
1056 1578 1347 1649 prostratis
1390 1579 1536 1631 enim
1570 1579 1680 1630 iam
1720 1585 1774 1630 et
1796 1590 1838 1622 20

136 1647 367 1720 perditis
395 1649 457 1701 O.
542 1649 725 1702 racchi
753 1649 997 1703 consiliis
1024 1651 1329 1719 rebusque,
1359 1667 1482 1701 cum
1508 1656 1627 1701 tota
1654 1649 1771 1700 eius

138 1720 470 1792 conspiratio
506 1719 617 1772 late
653 1730 1032 1790 quaereretur,
1073 1721 1350 1773 desertum
1378 1720 1528 1772 omni
1565 1718 1772 1771 auxilio

140 1790 248 1843 duo
285 1797 501 1843 tantum
535 1790 725 1857 amici,
766 1790 1100 1861 Pomponius
1139 1798 1193 1842 et
1228 1789 1516 1842 Laetorius
1532 1829 1546 1854 ,
1587 1789 1657 1841 ab
1693 1789 1774 1840 in-

137 1861 296 1914 festis
334 1868 389 1914 et
421 1860 665 1933 undique
699 1861 987 1914 ruentibus
1024 1860 1148 1913 telis
1186 1861 1444 1930 oppositu
1479 1877 1774 1929 corporum

138 1949 363 1985 suorum
388 1940 666 1985 texerunt.
707 1949 938 2003 quorum
958 1931 1312 2002 Pomponius,
1343 1949 1448 2002 quo
1476 1932 1523 1982 is
1551 1929 1771 1982 facilius
1795 1942 1838 1976 25

137 2001 429 2069 euaderet,
489 2004 825 2057 concitatum
875 2004 1220 2074 sequentium
1268 2019 1466 2071 agmen
1510 2001 1568 2052 in
1612 2009 1773 2072 porta

136 2074 436 2143 trigemina
472 2073 815 2146 aliquamdiu
850 2074 1121 2126 acerrima
1146 2090 1335 2144 pugna
1368 2072 1636 2139 inhibuit,
1674 2090 1774 2140 nec

137 2145 298 2197 uiuus
335 2143 468 2215 pelli
500 2145 713 2216 potuit,
767 2144 864 2196 sed
901 2144 1086 2197 multis
1126 2144 1406 2197 confectus
1452 2143 1771 2196 uulneribus

137 2215 436 2270 transitum
462 2234 626 2287 super
651 2216 891 2270 cadauer
918 2233 1077 2268 suum
1102 2216 1205 2283 eiS,
1242 2215 1406 2269 credo
1444 2215 1612 2268 etiam
1646 2221 1774 2285 post

137 2356 269 2394 ceret
301 2348 469 2399 fuisse,
517 2349 695 2396 dicente
733 2351 923 2396 consule
959 2351 1103 2410 ‘ergo
1140 2352 1178 2395 si
1220 2357 1262 2395 te
1297 2350 1525 2396 Gracchus
1561 2348 1773 2394 iussisset
1795 2358 1838 2390 30

140 2418 264 2463 faces
302 2417 528 2478 Capitolio
570 2419 789 2471 subdere,
835 2421 1087 2467 fecisses?'
1155 2421 1432 2480 ‘numquam
1467 2420 1582 2465 hoc’
1624 2419 1771 2479 inquit
1795 2397 1851 2431 Pa

141 2487 404 2534 ‘Gracchus
449 2490 768 2549 imperasset'.
843 2491 1004 2536 deinde
1050 2504 1159 2536 suae
1198 2490 1359 2536 salutis
1407 2490 1577 2536 oblitus
1622 2490 1775 2548 coepit

141 2558 383 2604 damnatos
421 2558 519 2604 eius
555 2573 707 2606 mores
754 2561 873 2621 apud
911 2568 1119 2607 senatum
1156 2560 1412 2606 defendere.
1488 2563 1528 2605 2.
1574 2558 1776 2604 Eundem

143 2630 266 2675 hunc
303 2629 555 2675 Gracchum
595 2633 795 2676 omnium
830 2631 997 2677 auxilio
1032 2633 1263 2692 priuatum
1300 2631 1391 2676 duo
1429 2636 1607 2675 tantum
1643 2628 1775 2675 amici

63 2756 66 2757 ⁷
141 2706 371 2746 texerunt.
435 2699 740 2761 Pomponius,
770 2701 914 2748 donec
940 2702 1155 2748 euaderet
1183 2701 1433 2752 Gracchus,
1463 2702 1505 2746 in
1532 2707 1668 2761 porta
1693 2702 1773 2746 tri·
1797 2707 1838 2741 35

1853 2408 1891 2433 r·

260 2826 286 2865 9
318 2824 416 2865 eius
439 2825 591 2865 addidi
610 2838 667 2866 ex
688 2825 730 2865 P
788 2826 838 2865 11
864 2825 1102 2866 constanti
1121 2823 1176 2873 B,
1209 2838 1284 2866 em.
1308 2826 1450 2866 Per-iz.
1515 2827 1567 2867 13
1597 2825 1776 2865 innuis·

147 2881 415 2988 {ffafdeimu'zk
456 2883 511 2923 23
541 2881 786 2951 Atat'vvcog
815 2882 941 2923 habet
968 2883 1083 2926 Pezat.
1114 2896 1153 2924 u.
1190 2881 1232 2924 C.
1266 2881 1448 2925 Gracek.
1483 2883 1536 2922 16
1604 2882 1658 2922 27
1690 2880 1778 2923 ali-
