1936 3120
194 133 303 186 400
882 140 982 185 LIB.
1023 141 1124 186 vm.

195 246 412 314 ingenio
440 264 537 297 suo
568 245 662 296 diu
689 247 987 316 percipere,
1016 266 1139 303 cum
1166 265 1285 299 eam
1303 249 1450 309 omni
1470 266 1605 301 aeuo
1625 248 1806 301 fruen-

198 316 322 367 dam
346 315 645 367 traditurus
675 326 836 368 esset.

306 386 388 436 14.
437 385 580 437 Nam
625 385 791 439 Solon
834 397 1038 457 quanta
1081 388 1353 441 industria
1395 387 1713 458 flagrauerit
1757 398 1810 441 et

195 455 448 507 uersibus
485 455 783 526 conplexus
823 468 932 523 est,
970 459 1166 529 quibus
1205 458 1478 528 significat
1515 478 1572 511 se
1608 459 1808 512 cotidie

151 541 170 570 5
195 525 400 596 aliquid
427 525 800 579 addiscentem
829 547 1137 595 senescere,
1176 539 1228 581 et
1265 548 1517 599 supremo
1543 531 1691 581 uitae
1718 529 1807 581 die

195 595 559 662 confirmauit,
599 597 745 667 quod
772 598 1152 652 adsidentibus
1180 600 1366 651 amicis
1395 608 1450 652 et
1476 599 1711 670 quadam
1738 598 1806 651 de

193 685 251 718 re
278 685 579 719 sermonem
604 668 748 720 inter
774 687 831 720 se
854 669 1261 723 conferentibus
1283 669 1414 721 fatis
1434 670 1546 721 iam
1562 688 1808 739 pressum

194 745 360 806 caput
394 738 572 791 erexit
604 740 1081 810 interrogatusque
1128 748 1461 810 quapropter
1493 739 1552 791 id
1588 739 1807 792 fecisset

192 807 502 876 respondit:
544 811 624 859 ‘ut
648 827 770 859 cum
795 809 964 875 istud,
993 810 1255 880 quidquid
1280 819 1380 876 est,
1410 809 1476 861 de
1497 827 1601 880 quo
1623 809 1707 861 dis
1749 829 1808 861 u·

131 893 171 923 10
194 878 341 943 tatis,
369 897 682 948 percepero,
711 881 952 931 moriar'.
1028 882 1320 948 migrasset
1345 880 1592 950 profecto
1621 898 1690 932 ex
1754 899 1807 932 o-

194 948 431 1001 minibus
468 949 693 1014 inertia,
741 952 787 1001 si
831 970 894 1003 eo
931 953 1110 1004 animo
1155 952 1326 1003 uitam
1370 950 1806 1020 ingrederentur,

194 1036 299 1088 quo
327 1037 446 1070 eam
475 1019 640 1072 Solon
667 1039 919 1088 egressus
947 1030 1050 1073 est.

303 1091 385 1141 15.
426 1089 604 1156 Quam
624 1110 787 1160 porro
811 1091 1113 1143 industrius
1138 1091 1554 1157 Themistocles,
1583 1092 1675 1161 qui
1697 1109 1807 1141 ma-

193 1159 465 1211 ximarum
500 1180 683 1213 rerum
721 1181 853 1213 cura
889 1162 1196 1228 districtus,
1244 1162 1482 1214 omnium
1519 1171 1702 1214 tamen
1736 1161 1805 1213 ci-

129 1245 170 1275 15
191 1229 342 1281 uium
370 1249 592 1283 suorum
614 1233 838 1284 nomina
858 1233 1118 1284 memoria
1136 1232 1524 1299 conprehendit
1579 1250 1638 1283 er
1664 1249 1804 1282 sum-

157 1361 164 1364 „
192 1319 443 1371 mamque
486 1303 830 1372 iniquitatem
875 1303 1056 1372 patria
1099 1303 1289 1371 pulsus
1337 1312 1390 1354 et
1434 1302 1505 1354 ad
1601 1319 1804 1365 erxem,

193 1389 351 1440 quem
377 1371 542 1441 paulo
571 1382 697 1424 ante
725 1373 1021 1438 deuicerat,
1051 1372 1344 1440 confugere
1372 1380 1623 1437 coactus,
1652 1371 1803 1440 prius

192 1460 355 1510 quam
391 1443 448 1492 in
485 1451 836 1512 conspectum
875 1444 989 1494 eius
1025 1444 1263 1508 ueniret,
1301 1442 1520 1494 Persico
1558 1459 1804 1493 sermone

194 1530 250 1562 se
277 1510 606 1577 adsuefecit,
647 1523 705 1564 ut
731 1511 918 1565 labore
946 1522 1105 1582 parta
1140 1511 1610 1564 commendatione
1636 1512 1802 1578 regiis

127 1595 170 1627 20
194 1581 418 1634 auribus
455 1582 784 1634 familiarem
822 1592 875 1634 et
911 1585 1198 1635 adsuetum
1234 1601 1428 1636 sonum
1462 1582 1613 1634 uocis
1654 1581 1805 1633 adhi-

191 1651 362 1704 beret.

300 1722 381 1773 16.
424 1722 590 1774 Cuius
620 1725 902 1793 utriusque
928 1724 1233 1775 industriae
1269 1723 1487 1774 laudem
1515 1722 1621 1776 duo
1650 1740 1804 1790 reges

191 1793 378 1861 partiti
406 1803 550 1859 sunt,
580 1793 776 1862 Cyrus,
806 1794 1046 1846 omnium
1067 1794 1300 1846 militum
1321 1812 1539 1845 suorum
1566 1795 1804 1858 nomina,

191 1863 530 1930 Mitridates,
570 1864 799 1915 duarum
828 1873 881 1916 et
905 1865 1103 1931 uiginti
1130 1865 1401 1932 gentium,
1430 1882 1567 1934 quae
1595 1863 1697 1915 sub
1723 1881 1805 1913 re-

127 1946 169 1978 25
191 1951 297 2001 gno
326 1934 440 1985 eius
470 1944 642 2000 erant,
671 1934 887 2004 linguas
917 1935 1239 2001 ediscendo,
1267 1933 1375 2000 ille,
1404 1943 1464 1986 ut
1491 1934 1606 1985 sine
1633 1933 1806 1986 moni·

77 2071 169 2105 Par·
196 2074 423 2111 certamen
460 2067 749 2111 descendisse
785 2068 1022 2124 gloriatur.
1102 2071 1167 2110 14.
1205 2067 1311 2111 Solo
1351 2067 1516 2111 cotidie
1558 2079 1606 2110 se
1633 2064 1803 2123 aliquid

193 2135 438 2180 discentem
476 2150 714 2181 senescere
750 2137 942 2181 dicebat.
1020 2139 1174 2195 itaque
1220 2151 1320 2181 cum
1356 2138 1443 2180 iam
1481 2149 1695 2194 supremo
1732 2134 1804 2178 die

192 2213 498 2265 premeretur,
535 2207 843 2251 adsidentibus
880 2207 1034 2251 amicis
1071 2214 1116 2251 et
1153 2207 1341 2265 quadam
1380 2206 1433 2250 de
1461 2219 1508 2250 re
1550 2217 1804 2250 sermonem

194 2276 489 2326 habentibus,
527 2285 663 2336 caput
690 2279 832 2322 erexit
859 2279 1264 2336 interrogatusque
1294 2282 1575 2336 quapropter
1600 2275 1645 2320 id
1671 2274 1802 2319 secis-

127 2353 168 2385 30
195 2353 287 2396 set,
325 2347 586 2406 respondit,
615 2355 664 2391 ut
692 2362 791 2392 cum
820 2350 965 2396 istud,
995 2348 1216 2407 quidquid
1243 2347 1510 2406 disputatis,
1538 2358 1802 2406 percepero,

194 2417 373 2462 moriar.
451 2422 518 2462 15.
556 2418 885 2463 Themistocles
923 2420 1212 2462 maximarum
1250 2431 1402 2463 rerum
1439 2431 1545 2462 cura
1571 2416 1804 2460 districtus

194 2490 395 2532 omnium
424 2496 571 2532 tamen
600 2489 765 2532 ciuium
794 2503 981 2534 suorum
1004 2490 1186 2533 nomina
1207 2489 1424 2533 memoria
1445 2484 1802 2545 comprehendit.

195 2560 260 2601 16.
296 2557 440 2618 Cyrus
479 2561 680 2603 omnium
719 2559 911 2603 militnm
947 2562 1127 2603 nomissa
1167 2558 1359 2603 tenebat.
1422 2556 1697 2602 Mithridates
1735 2556 1804 2598 ui-

193 2627 307 2686 ginti
334 2629 523 2673 duarum
552 2629 809 2689 linguarum
838 2632 1044 2674 notitiam
1073 2628 1245 2673 habuit.

309 2767 329 2803 1
356 2765 550 2805 fruenda
571 2759 624 2804 B'
685 2769 710 2806 3
732 2768 828 2806 Iam
851 2767 873 2806 b
938 2768 988 2807 15
1010 2764 1226 2806 memoria
1247 2759 1302 2804 B'
1354 2766 1405 2805 18
1430 2766 1723 2814 conspectum
1749 2761 1803 2801 Γ.-

139 2861 143 2866 ,
196 2826 447 2873 conspectu
470 2822 510 2860 B
571 2825 624 2862 25
647 2822 804 2880 lingue
823 2822 1094 2862 sediscendo
1118 2815 1173 2861 B'
1439 2866 1449 2872 „

307 2879 359 2917 27
382 2879 498 2918 immo
523 2878 835 2918 addiscentem
857 2876 875 2931 ΙΙ
897 2876 1008 2932 iam]
1037 2880 1081 2917 in
1111 2879 1157 2917 V
1200 2881 1249 2919 31
1274 2878 1521 2917 destrictus
1549 2875 1588 2914 V
1605 2924 1615 2939 Ι
1647 2876 1699 2915 32
1723 2886 1809 2915 no-

195 2933 317 2972 mina
341 2947 394 2973 m.
422 2935 767 2986 comprehendit
789 2935 884 2974 Mai
902 2937 1114 2987 suppleuit
1173 2937 1226 2976 33
1247 2933 1528 2973 Mithridatis
1557 2931 1601 2971 V
1645 2941 1654 2944 “
