1924 3152
703 141 822 187 CAP.
848 140 917 192 ΙΙΙ,
957 138 986 198 S
1013 141 1182 185 7—11.
1658 133 1760 186 183

127 250 200 304 ab
237 268 301 304 eo
327 250 588 321 priuatim
625 256 976 320 acceperant,
1023 248 1079 302 in
1106 248 1407 315 aerarium,
1456 255 1511 302 et
1537 246 1761 321 quidem

167 321 282 374 rius
317 340 482 394 quam
517 321 587 375 ad
627 328 875 374 senatum
909 318 1246 389 legationem
1270 318 1567 387 referrent,
1606 318 1778 373 detu-'

127 341 336 460 ferunt,
376 391 586 453 scilicet
624 391 692 444 de
719 389 940 462 publico
978 390 1286 444 ministerio
1325 389 1463 443 nihil
1501 391 1786 463 cuiquam1

168 471 349 517 raeter
373 457 595 516 laudem
615 462 755 517 bene
782 462 1156 514 administrati
1183 461 1355 516 officii
1381 461 1644 515 accedere
1670 461 1759 515 de-

127 483 257 592 gere
296 533 621 588 iudicantes,
696 534 808 585 iam
852 530 989 585 illud.
1032 531 1389 586 humanitatis
1434 542 1656 587 senatus
1706 541 1760 587 et
1782 549 1803 583 5

125 613 370 659 attentae
397 605 669 659 maiorum
696 603 1016 671 disciplinae
1042 603 1310 657 indicium
1338 612 1444 657 est:
1477 603 1607 658 data
1635 612 1762 657 sunt

124 677 273 730 enim
297 676 496 746 legatis
517 694 656 749 quae
683 676 739 729 in
766 675 1041 728 aerarium
1060 684 1420 746 reposuerant
1445 695 1552 729 non
1581 676 1757 730 solum

123 755 349 819 patrum
376 747 811 819 conscriptorum
838 747 1077 814 decreto,
1108 746 1205 799 sed.
1233 748 1398 801 etiam
1424 746 1615 817 populi
1640 766 1758 818 per-

109 819 331 886 ¹missu3
390 839 414 870 *
451 841 475 871 *ι
522 817 707 888 legata
750 826 1070 889 quaestores
1116 826 1374 889 prompta
1416 819 1512 870 uni
1563 820 1651 872 cui
1691 837 1757 871 ue

126 889 544 943 distribuerunt.
597 890 676 942 ita
702 890 760 941 in
786 889 963 941 isdem
989 887 1296 943 Ptolemaei
1322 887 1627 943 liberalitas
1640 838 1754 956 ,qle-
1780 908 1820 940 10

122 968 382 1029 gatorum
419 961 786 1026 abstinentia,
825 968 1045 1013 senatus
1074 979 1136 1013 ac
1163 959 1355 1032 populi
1390 961 1637 1032 aequitas
1667 960 1756 1014 de-

124 1031 301 1085 bitam
326 1031 631 1102 probabilis
658 1029 794 1084 facti
819 1031 1129 1101 portionem
1157 1031 1414 1086 obtinuit.

237 1102 319 1154 10.
358 1096 660 1156 Fabiorum
687 1110 740 1154 et
767 1101 972 1172 Ogulni
1000 1103 1370 1156 continentiae
1394 1103 1755 1175 Calpurnium

125 1173 383 1226 Pisonem
419 1173 475 1225 in
515 1172 790 1241 consimili
824 1191 1025 1243 genere
1066 1173 1245 1226 laudis
1282 1173 1556 1227 aemulum
1582 1175 1755 1228 fuisse

121 1263 209 1297 res
255 1245 378 1316 ipsa
416 1243 741 1298 documento
779 1253 880 1298 est.
952 1243 1142 1297 consul
1185 1246 1344 1314 graui
1388 1247 1755 1316 fugitiuorum
1779 1261 1820 1294 15

123 1313 266 1369 bello
288 1333 320 1367 a
340 1333 398 1368 se
418 1313 654 1369 liberata
675 1314 865 1368 Sicilia
885 1333 975 1368 eos
983 1355 996 1381 ,
1019 1334 1249 1386 quorum
1269 1318 1568 1388 praecipua
1589 1337 1756 1388 opera

121 1405 253 1439 usus
280 1385 489 1454 fuerat,
527 1387 883 1458 imperatorio
912 1404 1063 1439 more
1103 1385 1258 1440 donis
1297 1389 1752 1460 prosequebatur.

123 1458 266 1510 inter
301 1476 435 1529 quos
463 1456 639 1510 filium
666 1477 824 1510 suum
862 1457 1072 1530 aliquot
1107 1456 1243 1511 locis
1280 1457 1609 1529 proeliatum
1645 1459 1753 1512 for-

120 1529 334 1582 tissime
362 1527 522 1582 titulo
549 1530 717 1581 trium
743 1527 1012 1583 librarum
1050 1547 1249 1582 aureae
1276 1548 1507 1583 coronae
1535 1532 1752 1584 decora-

119 1600 229 1665 uit,
264 1600 547 1670 praefatus
584 1617 695 1652 non
731 1608 984 1671 oportere
1022 1619 1054 1652 a
1088 1602 1420 1669 magistratu
1462 1620 1491 1654 e
1529 1601 1754 1673 publica
1777 1618 1818 1650 20

122 1670 354 1740 pecunia
398 1671 618 1740 erogari
663 1671 811 1742 quod
856 1672 914 1723 in
958 1672 1132 1742 ipsius
1178 1671 1400 1724 domum
1446 1673 1753 1726 rediturum

59 1764 62 1766 “
123 1749 295 1808 esset,
333 1748 653 1812 tantumque
678 1742 938 1812 ponderis
967 1761 1025 1795 se
1052 1750 1377 1796 testamento
1414 1742 1753 1797 adulescenti

122 1810 433 1881 legaturum
460 1813 729 1894 promisit,
757 1820 818 1865 ut
844 1812 1103 1866 honorem
1131 1812 1349 1884 publice
1378 1832 1410 1866 a
1438 1814 1603 1881 duce,
1632 1833 1750 1885 pre·

119 1883 260 1936 tium
284 1883 547 1953 priuatlm
573 1901 606 1935 a
631 1890 786 1954 patre
811 1884 1098 1955 reciperet.

233 1954 314 2005 11.
355 1954 504 2024 Age,
544 1954 591 2006 si
618 1955 739 2025 quis
766 1953 867 2007 hoc
896 1954 1114 2008 saeculo
1142 1956 1230 2007 uir
1256 1954 1487 2009 inluster
1512 1955 1748 2027 pellibus
1774 1970 1817 2004 25

119 2023 372 2077 haedinis
389 2043 487 2096 pro
514 2025 774 2095 stragulis
803 2033 989 2079 utatur
1014 2025 1303 2097 tribusque
1325 2028 1498 2079 seruis
1527 2028 1749 2081 comita-

120 2102 209 2148 tus
231 2094 560 2167 Hispaniam
585 2104 741 2167 regat
767 2104 821 2150 et
848 2098 1270 2168 quingentorum
1298 2099 1504 2151 assium
1531 2107 1751 2170 sumptu

118 2168 547 2220 transmarinam
571 2168 917 2238 prouinciam
943 2176 1121 2239 petat,
1162 2168 1356 2222 eodem
1382 2170 1507 2224 cibo
1536 2170 1750 2223 eodem-

118 2254 224 2307 que
248 2238 385 2291 uino
407 2257 514 2310 quo
541 2247 744 2292 nautae
771 2239 853 2292 uti
881 2247 1167 2294 contentus
1197 2241 1294 2306 sit,
1324 2258 1501 2294 nonne
1526 2242 1749 2294 misera-

117 2307 246 2360 bilis
288 2308 674 2363 existimetur?
723 2311 876 2382 atqui
910 2311 1018 2363 ista
1057 2312 1460 2382 patientissime
1499 2314 1750 2383 superior
1773 2327 1814 2359 30

122 2413 388 2472 priusquam
426 2413 481 2459 ad
508 2421 716 2460 senatum
744 2414 1021 2475 legationem
1050 2416 1275 2462 referrent
1302 2417 1587 2463 detulerunt:
1630 2431 1743 2479 quae
1770 2424 1865 2458 Par·

123 2483 220 2542 ipsa
262 2495 424 2528 rursus
462 2491 647 2530 senatus
684 2485 897 2531 consulto
937 2494 1044 2532 sunt
1082 2487 1225 2533 diuisa
1262 2487 1441 2547 legatis.
1518 2491 1587 2531 11.
1637 2489 1745 2534 Cato

119 2552 360 2600 censorius
387 2554 556 2600 missus
594 2556 639 2599 in
665 2555 922 2616 Hispaniam
951 2558 1153 2603 haedinis
1180 2557 1378 2618 pellibus
1414 2573 1497 2618 pro
1527 2559 1746 2618 stragulis

119 2637 233 2669 usus
262 2630 352 2674 est,
383 2631 428 2669 et
455 2625 812 2685 quingentorum
839 2627 1008 2673 assium
1037 2636 1222 2688 sumptu
1250 2635 1493 2675 contentus
1519 2629 1625 2680 suit,
1667 2631 1747 2674 tri-

120 2693 204 2740 bus
233 2696 380 2741 seruis
408 2709 456 2741 sc
484 2695 834 2743 comitantibus:
868 2698 1026 2744 eodem
1064 2700 1172 2745 uino
1201 2714 1291 2760 quo
1320 2706 1482 2746 nautae
1520 2715 1631 2746 usus
1659 2706 1742 2747 est.
1770 2711 1812 2743 35

234 2792 260 2831 9
289 2803 475 2830 *unu*
504 2790 664 2846 legata
687 2792 747 2840 B,
782 2805 931 2846 eaque
952 2792 1125 2846 legatis
1146 2794 1192 2843 b,
1227 2794 1332 2849 lege
1355 2794 1466 2836 data
1486 2795 1696 2838 Foertsch
1719 2795 1740 2850 Η

119 2851 327 2913 prom-pte
349 2848 372 2887 b
442 2849 495 2890 10
516 2848 735 2890 tholomei
757 2849 800 2890 B
867 2852 921 2892 27
944 2854 1174 2904 sumptum
1197 2851 1252 2899 B,
1285 2853 1366 2893 sed
1383 2865 1499 2894 corr.
1521 2867 1571 2895 m.
1598 2857 1621 2894 1
1690 2857 1744 2896 30

121 2904 599 3016 atq·?1›{t{o{tempttis
628 2963 672 3002 V

1047 3004 1052 3034 i
