1878 3100
485 601 850 706 VALEm
887 639 1259 706 MAXIMI

89 769 494 820 FACTORVM
532 770 627 818 ET
666 768 1049 818 DIOTORVM
1086 768 1658 819 MEMORABILIVM

591 878 820 968 LIsER
858 844 1159 931 PRIMVs.

750 1035 993 1045 ssssssssssss

170 1161 340 1215 Vrbis
377 1156 583 1214 Rom'ae
619 1169 933 1214 exterarum
974 1181 1040 1214 ue
1080 1161 1322 1214 0·entium
1348 1162 1496 1215 facta
1560 1162 1696 1215 imul

62 1252 131 1286 ac
196 1241 307 1286 icta
332 1240 635 1285 memoratu
662 1230 854 1301 dlgna,
885 1251 1026 1302 quae
1054 1252 1162 1303 apu
1230 1252 1261 1284 a
1285 1253 1366 1286 ios
1417 1235 1559 1286 atius
1590 1234 1696 1286 dif-

64 1305 190 1357 fusa
217 1311 346 1356 sunt
371 1322 532 1374 quam
559 1311 618 1355 ut
644 1303 888 1356 breuiter
914 1304 1169 1373 cognosci
1196 1304 1430 1374 possint,
1460 1305 1530 1358 ab
1556 1304 1695 1357 inlu-

65 1375 269 1428 stribus
315 1373 490 1427 electa
525 1374 841 1427 auctoribus
881 1373 1131 1444 digerere
1170 1375 1456 1442 constitui,
1503 1384 1566 1428 ut
1603 1376 1695 1429 do-

65 1453 320 1498 cumenta
346 1464 558 1497 sumere
584 1443 900 1498 uolentibus
922 1445 1120 1515 longae
1146 1446 1513 1516 inquisitionis
1537 1446 1698 1500 labor
1719 1471 1741 1504 5
1810 1475 1814 1487 =

67 1517 229 1570 absit.
280 1535 379 1569 nec
403 1515 536 1568 mihi
563 1524 758 1568 cuncta
793 1516 1175 1587 conplectendi
1203 1517 1403 1587 cupido
1441 1518 1693 1570 incessit:

66 1587 188 1658 quis
226 1587 373 1639 enim
400 1588 575 1641 omnis
615 1588 735 1639 aeui
770 1596 930 1656 gesta
964 1587 1180 1641 modico
1217 1587 1563 1641 uoluminum
1599 1608 1696 1641 nu-

66 1677 215 1710 mero
261 1658 743 1728 conprehenderit,
791 1667 886 1710 aut
924 1659 1046 1730 quis
1093 1678 1314 1729 compos
1354 1660 1553 1712 mentis
1602 1660 1697 1713 do-

67 1728 327 1780 mesticae
372 1729 806 1799 peregrinaeque
849 1729 1112 1783 historiae
1157 1731 1378 1796 seriem,
1424 1730 1572 1782 felici
1610 1751 1695 1784 su-

68 1799 342 1869 periorum
392 1798 516 1852 stilo
569 1799 876 1866 conditam,
928 1799 1018 1851 uel
1068 1800 1374 1853 adtentiore
1425 1820 1557 1853 cura
1606 1801 1697 1854 uel
1720 1826 1763 1858 10

67 1869 471 1939 praestantiore
496 1869 758 1920 facundia
793 1870 1127 1922 traditurum
1163 1890 1219 1923 se
1257 1872 1604 1941 sperauerit?
1644 1881 1699 1924 te

68 1939 239 2008 igitur
263 1939 391 1992 huic
418 1949 610 2011 coepto
624 1979 637 2006 ,
675 1959 841 2010 penes
870 1960 1030 2011 quem
1056 1940 1338 1994 hominum
1365 1942 1700 2014 deorumque

69 2028 365 2063 consensus
402 2011 570 2062 maris
608 2029 673 2066 ac
699 2019 880 2063 terrae
915 2013 1156 2082 regimen
1189 2031 1309 2065 esse
1344 2013 1546 2080 uoluit,
1585 2033 1699 2066 cer-

67 2080 282 2133 tissima
308 2079 455 2134 salus
483 2081 718 2152 patriae,
759 2081 989 2150 Caesar,
1028 2084 1252 2150 inuoco,
1291 2085 1445 2137 cuius
1475 2085 1700 2138 caelesti

68 2151 416 2222 prouidentia
440 2153 673 2204 uirtutes
689 2193 703 2219 ,
751 2153 818 2204 de
845 2154 1042 2224 quibus
1072 2154 1322 2208 dicturus
1362 2174 1509 2223 sum,
1545 2157 1697 2210 beni·
1721 2179 1765 2212 15

68 2222 331 2291 gnissime
382 2222 668 2290 fouentur,
739 2224 878 2276 uitia
928 2226 1275 2278 seuerissime
1325 2225 1700 2280 uindicantur.

67 2311 194 2344 nam
230 2293 276 2345 si
301 2293 471 2364 prisci
508 2302 753 2348 oratores
783 2295 853 2348 ab
881 2295 1016 2348 Ioue
1055 2298 1261 2367 optimo
1289 2298 1530 2351 maximo
1557 2299 1700 2351 bene

69 2364 179 2416 orsi
215 2372 368 2431 sunt,
427 2365 475 2417 si
510 2364 954 2418 excellentissimi
992 2377 1147 2420 uates
1187 2387 1220 2419 a
1256 2368 1476 2420 numine
1513 2369 1699 2440 aliquo

67 2434 341 2505 principia
366 2443 673 2500 traxerunt,
703 2455 825 2488 mea
850 2439 1099 2508 paruitas
1129 2458 1192 2492 eo
1217 2439 1417 2491 iustius
1447 2439 1518 2492 ad
1544 2440 1701 2493 fauo-

67 2523 183 2557 rem
211 2513 364 2557 tuum
392 2505 781 2573 decucurrerit,
810 2526 914 2578 quo
944 2517 1125 2561 cetera
1151 2509 1415 2562 diuinitas
1445 2511 1699 2580 opinione
1722 2533 1771 2566 20

68 2574 369 2644 colligitur,
408 2586 504 2629 tua
540 2579 818 2647 praesenti
844 2579 952 2631 fide
979 2587 1207 2650 paterno
1241 2581 1502 2650 auitoque
1530 2581 1700 2633 sideri

69 2664 172 2716 par
203 2646 456 2714 uidetur,
504 2666 735 2717 quorum
771 2649 971 2701 eximio
1009 2650 1227 2719 fulgore
1262 2649 1495 2702 multum
1531 2652 1700 2704 caeri-

69 2717 267 2769 moniis
310 2719 514 2770 nostris
567 2717 789 2770 inclitae
835 2718 1102 2772 claritatis
1150 2722 1404 2773 accessit:
1459 2722 1699 2795 reliquos

2 2882 8 2887 ⁴
184 2833 211 2871 4
241 2807 454 2885 digerere
485 2834 725 2874 Meursz'us:
757 2833 951 2888 diligere
983 2835 1049 2886 B,
1084 2835 1289 2890 deligere
1321 2837 1345 2877 b
1435 2840 1460 2879 9
1494 2840 1702 2891 superio-

69 2899 167 2927 rum
200 2890 304 2930 dett.
332 2892 488 2942 pauci:
531 2892 757 2944 superiori
787 2891 830 2930 B
920 2893 971 2932 11
1011 2895 1352 2945 praestanciori
1383 2895 1426 2934 B
1515 2897 1570 2936 23
1605 2896 1704 2935 cla-

72 2944 227 2984 ritatis
259 2945 300 2984 E
312 2959 325 2984 .·
358 2946 622 2988 alacritatis
656 2948 698 2987 B

158 3027 398 3059 vAL.MAx.
1414 3022 1441 3070 1
