1878 3132
719 131 839 178 CAP.
867 131 952 183 vn,
980 131 1010 191 3
1038 133 1237 176 10—15.
1690 125 1756 179 91

127 239 239 293 uile
276 239 606 312 supplicium
639 239 906 292 insultare
931 258 1044 293 non
1077 238 1316 305 adtinet,
1355 257 1479 292 cum
1512 256 1757 310 praeser-

127 311 229 363 tim
247 311 483 364 transire
510 310 583 363 ad
607 328 673 363 ea
690 309 869 375 liceat,
900 329 1040 381 quae
1062 310 1180 363 sine
1202 309 1504 364 domestico
1532 309 1759 363 uulnere

128 389 284 451 gesta
308 382 526 435 narrari
550 390 799 451 possunt.

239 453 322 506 13.
376 451 519 505 Nam
551 452 823 522 posterior
857 450 1158 503 Africanus
1198 468 1389 505 euerso
1415 451 1625 505 Punico
1661 451 1758 503 im-

126 523 278 594 perio
315 529 632 575 exterarum
666 522 916 591 gentium
951 522 1271 590 transfugas
1311 523 1369 574 in
1396 521 1622 575 edendis
1700 541 1755 576 o-
1778 535 1799 570 5

163 592 255 647 ulo
283 591 611 664 spectaculis
638 590 771 645 feris
798 592 989 646 bestiis
1018 591 1235 658 obiecit,
1280 592 1363 644 14.
1392 600 1446 645 et
1471 592 1670 645 L.Pau
1692 611 1756 645 us

175 682 294 716 erse
319 681 450 733 rege
478 671 734 734 superato
763 662 1009 716 eiusdem
1034 663 1253 732 generis
1282 669 1338 715 et
1363 662 1559 734 culpae
1584 662 1758 717 homi-

123 753 223 788 nes
251 733 555 805 elephantis
582 734 940 805 proterendos
970 733 1295 801 substrauit,
1322 732 1613 787 utilissimo
1641 735 1758 805 qui-

126 805 252 858 dem
310 803 559 876 exemplo
577 845 592 871 ,
654 806 703 857 si
751 817 936 858 tamen
987 812 1113 857 acta
1170 803 1759 858 excellentissimorum

125 876 371 929 uirorum
404 875 682 929 humiliter
727 877 1019 930 aestimare
1057 876 1176 928 sine
1211 874 1537 929 insolentiae
1574 894 1756 947 repre·
1781 890 1822 923 10

124 946 386 1000 hensione
421 947 775 1017 permittitur.
838 965 1031 1017 aspero
1070 946 1215 999 enim
1250 955 1306 1000 et
1339 947 1559 1001 absciso
1596 948 1758 999 casti-

125 1017 364 1087 gationis
385 1035 585 1086 genere
610 1017 860 1070 militaris
884 1017 1178 1088 disciplina
1202 1017 1431 1088 indiget,
1460 1018 1591 1089 quia
1609 1020 1755 1070 uires

126 1088 294 1141 armis
329 1095 601 1142 constant.
662 1107 801 1159 quae
827 1089 923 1142 ubi
949 1107 982 1141 a
1007 1096 1159 1141 recto
1186 1097 1374 1141 tenore
1403 1088 1755 1155 desciuerint,
1786 1108 1794 1116 ·

127 1177 461 1229 oppressura
487 1167 640 1225 sunt,
681 1158 791 1210 nisi
816 1159 1215 1230 opprimantur.

235 1228 318 1282 15.
383 1228 493 1283 Sed
536 1238 751 1300 tempus
800 1238 884 1283 est
926 1247 1118 1282 eorum
1163 1247 1379 1301 quoque
1423 1230 1756 1283 mentionem
1779 1242 1822 1275 15

124 1299 269 1366 fieri,
299 1318 438 1371 quae
463 1300 574 1352 iam
598 1320 708 1354 non
734 1319 766 1353 a
793 1299 1045 1370 singulis,
1071 1319 1264 1353 uerum
1292 1301 1361 1353 ab
1389 1300 1647 1353 uniuerso
1676 1319 1758 1353 se-

125 1378 261 1432 natu
285 1389 385 1442 pro
411 1370 639 1424 militari
664 1390 814 1425 more
849 1371 1148 1425 obtinendo
1177 1370 1636 1441 defendendoque
1664 1371 1758 1423 ad-

124 1441 440 1495 ministrata
477 1450 622 1495 sunt.
681 1442 746 1495 L.
773 1442 1015 1496 Marcius
1053 1442 1306 1495 tribunus
1334 1441 1595 1508 militum,
1635 1460 1758 1494 cum

125 1511 385 1583 reliquias
422 1511 657 1565 duorum
693 1514 1033 1566 exercituum
1057 1511 1223 1565 Publi
1257 1521 1312 1566 et
1340 1512 1522 1565 Gnaei
1550 1512 1756 1583 Scipio-

125 1601 287 1649 num,
323 1601 457 1654 quos
487 1602 640 1635 arma
665 1583 877 1636 Punica
912 1583 971 1635 in
995 1582 1274 1653 Hispania
1309 1582 1753 1653 absumpserant,
1780 1597 1821 1629 20

127 1651 406 1722 dispersas
432 1653 572 1706 mira
595 1654 801 1706 uirtute
822 1652 1133 1723 collegisset
1158 1671 1454 1724 earumque
1476 1653 1756 1723 suffragiis

127 1722 246 1775 dux
279 1730 426 1776 esset
461 1731 707 1791 creatus,
746 1725 963 1776 senatui
1001 1724 1068 1776 de
1105 1723 1271 1778 rebus
1310 1725 1446 1776 actis
1485 1742 1517 1775 a
1544 1743 1601 1777 se
1629 1724 1757 1776 scri—

125 1792 261 1846 bens
306 1793 365 1844 in
406 1792 553 1845 hunc
594 1794 820 1847 modum
861 1812 1017 1846 orsus
1064 1802 1170 1846 est:
1227 1794 1321 1846 ‘L.
1368 1794 1613 1846 Marcius
1657 1812 1756 1864 pro

124 1870 428 1932 praetore’.
491 1863 645 1916 cuius
673 1863 895 1917 honoris
931 1864 1288 1934 usurpatione
1325 1864 1407 1916 uti
1438 1882 1563 1916 eum
1588 1865 1757 1935 patri-

124 1934 229 1987 bus
271 1933 595 2004 conscriptis
638 1952 748 1987 non
790 1933 1027 2005 placuit,
1081 1934 1212 2005 quia
1255 1934 1422 1987 duces
1467 1953 1500 1986 a
1535 1934 1755 2005 populo,
1780 1948 1823 1982 25

123 2022 237 2057 non
282 2022 315 2057 a
349 2003 616 2059 militibus
670 2006 846 2058 creari
892 2005 1147 2059 solerent.
1218 2024 1323 2076 quo
1361 2014 1610 2075 tempore
1644 2014 1757 2058 tam

126 2077 162 2142 †
195 2075 426 2142 iniusto,
490 2083 605 2128 tam
641 2076 819 2146 graui
850 2083 1077 2148 propter
1120 2076 1340 2129 inmane
1384 2078 1466 2129 rei
1502 2075 1756 2147 publicae

47 2218 50 2219 ν
124 2195 277 2240 socios
314 2196 464 2240 securi
489 2197 732 2255 percussit.
792 2198 860 2240 13.
894 2195 1045 2256 Scipio
1074 2195 1373 2242 Numantinus
1411 2202 1544 2256 capta
1572 2195 1755 2242 Cartha·
1780 2201 1871 2235 Par·

125 2265 231 2324 gine
257 2271 516 2311 exterarum
542 2267 751 2326 gentium
778 2266 1041 2325 transfugas
1080 2267 1128 2311 in
1155 2266 1339 2312 edendis
1365 2266 1539 2327 populo
1579 2273 1756 2327 specta-

126 2334 242 2380 culis
267 2334 430 2381 bestiis
458 2335 639 2382 obiecit.
694 2339 764 2382 14.
791 2336 839 2381 L.
866 2336 1050 2387 Paulus,
1070 2336 1207 2382 Perse
1235 2350 1346 2396 rege
1374 2343 1607 2397 superato,
1637 2339 1755 2383 eius·
1778 2343 1820 2376 30

126 2404 229 2449 dem
255 2404 416 2465 culpae
440 2405 652 2452 homines
681 2405 935 2467 elephantis
963 2406 1242 2453 obterendos
1270 2407 1540 2452 substrauit.
1602 2410 1671 2451 15.
1707 2408 1754 2452 L.

126 2473 321 2519 Marcius
359 2475 464 2520 trib.
490 2476 582 2520 mil.
612 2491 715 2523 cum
741 2477 959 2537 reliquias
987 2477 1183 2523 duorum
1219 2478 1499 2523 exercituum
1525 2477 1574 2522 P.
1606 2484 1650 2522 et
1677 2477 1757 2522 Cn.

127 2543 389 2604 Scipionum
416 2544 644 2605 dispersas
671 2548 782 2595 mira
810 2549 985 2593 uirtute
1013 2547 1303 2606 collegisset,
1343 2547 1397 2592 de
1426 2546 1563 2592 rebus
1593 2549 1705 2593 actis
1733 2561 1759 2592 a

243 2654 265 2692 1
303 2653 580 2705 praesertim
620 2666 722 2693 cum
759 2654 782 2694 b
851 2656 876 2696 8
907 2654 1185 2696 obterendos
1217 2655 1259 2694 P
1333 2656 1385 2695 17
1414 2667 1496 2707 pro
1525 2655 1567 2694 B
1596 2658 1639 2696 in
1667 2670 1756 2697 ras.

125 2710 286 2750 maiore
315 2706 336 2765 Η
366 2709 734 2750 administranda
755 2702 811 2750 B'
873 2711 924 2750 19
946 2724 988 2763 p.
1013 2714 1060 2750 et
1081 2723 1157 2763 gn.
1179 2710 1222 2750 B
1281 2712 1336 2751 20
1364 2712 1581 2764 punicum
1609 2713 1659 2752 in
1689 2713 1757 2753 hi-

127 2766 340 2817 spaniam
368 2765 723 2819 adsumpserant
751 2759 808 2805 B'
867 2768 920 2806 21
951 2766 1162 2819 dispersa
1192 2766 1235 2806 B
1295 2768 1349 2808 27
1378 2768 1547 2810 iniusto
1578 2769 1643 2809 B:
1676 2782 1757 2809 an-

119 2825 355 2919 ⁴{us2to7uel
372 2826 549 2864 maesto
579 2824 682 2864 dett.
706 2824 914 2869 nonnulli,
944 2823 1051 2873 fort.
1077 2822 1247 2864 infesto
1269 2826 1338 2864 uel
1358 2823 1592 2873 luctuoso,
1625 2832 1670 2866 ut
1690 2832 1755 2872 est

161 2907 174 2923 '
223 2908 294 2974 ’28
317 2934 476 2987 Scipio
497 2931 650 2989 Num]
674 2936 755 2976 hoc
776 2937 1015 2989 exemplum
1035 2948 1114 2977 om.
1139 2935 1235 2976 Mai
