1936 3120
416 116 424 123 ’
485 133 605 210 cu».
633 161 756 215 v1111,
783 160 814 222 3
839 165 880 208 2.
907 163 948 208 3.
986 161 1038 214 x,
1064 161 1095 222 g
1122 163 1160 207 1.
1187 165 1228 206 2.
1263 160 1363 208 En.
1390 161 1420 221 3
1444 115 1488 206 1.
1691 154 1799 209 463

181 271 412 326 tentiam
437 271 640 324 secutis
667 270 785 324 sola
808 269 989 324 Pollia
1012 269 1286 323 iudicaret
1304 277 1559 340 oportere
1578 268 1799 340 publice

183 362 278 398 eos
302 342 625 397 uerberatos
652 341 831 394 securi
855 342 1081 412 percuti,
1107 339 1367 394 inbellem
1393 339 1800 394 multitudinem

184 414 287 469 sub
314 431 516 468 corona
541 413 745 466 uenire.
815 431 978 484 quam
1004 412 1074 466 ob
1103 430 1326 465 causam
1351 411 1576 482 Papiria
1601 411 1797 480 tribus,

181 486 242 538 in
274 503 383 556 qua
416 483 713 555 plurimum
747 491 942 554 postea
969 481 1270 535 Tusculani
1303 482 1363 535 in
1400 483 1681 537 ciuitatem
1715 501 1798 535 re-

181 556 325 626 cepti
348 563 670 626 potuerunt,
706 555 978 607 neminem
1001 572 1257 625 umquam
1295 555 1650 608 candidatum
1673 554 1796 608 Pol-
1818 569 1841 603 5

181 626 288 680 liae
314 625 491 680 tribus
517 625 651 679 fecit
675 625 1090 698 magistratum,
1118 644 1186 678 ne
1213 625 1284 678 ad
1311 644 1431 678 eam
1456 625 1598 678 ullus
1624 626 1800 680 honor

182 697 461 767 suffragiis
489 696 602 762 suis
631 696 957 778 perueniret,
992 715 1131 767 quae
1157 695 1263 749 illis
1291 698 1465 750 uitam
1492 715 1556 750 ac
1577 696 1798 751 liberta-

181 777 312 835 tem,
339 775 606 839 quantum
629 787 688 819 1n
712 768 832 839 ipsa
856 769 979 836 fuit,
1008 768 1307 821 ademerat.

290 839 342 892 2,
392 837 552 892 Illam
594 857 725 892 uero
761 838 1025 893 ultionem
1061 847 1115 892 et
1151 847 1372 892 senatus
1410 848 1464 893 et
1499 858 1797 893 consensus

183 911 427 964 omnium
462 909 534 963 ad
559 908 808 964 ‘robauit.
885 929 1010 963 cum
1045 910 1189 964 enim
1215 910 1495 979 Adrianus
1526 911 1664 963 ciuis
1691 910 1798 964 Ro·
1821 926 1864 960 10

182 999 421 1048 manOS,.
462 981 521 1034 ui
600 981 741 1034 ticae
767 982 1172 1049 consistebant,
1201 981 1423 1036 sordido
1450 981 1680 1053 imperio
1707 1000 1798 1035 ue-

181 1060 372 1106 xasset
414 1052 433 1103 i
475 1053 726 1124 circoque
772 1053 841 1106 ab
886 1053 964 1105 eis
1012 1053 1173 1106 uiuus
1210 1060 1356 1106 esset
1399 1061 1627 1106 exustus
1638 1093 1652 1120 ,
1697 1071 1800 1106 nec

183 1124 432 1195 quaestio
467 1122 581 1176 ulla
616 1125 674 1175 in
707 1123 843 1177 urbe
880 1123 982 1177 hac
1019 1126 1085 1177 de
1120 1143 1178 1176 re
1214 1124 1407 1178 habita
1430 1143 1531 1178 nec
1557 1122 1799 1195 querella

181 1203 404 1248 uersata
430 1202 530 1261 est.
1430 1259 1435 1264 ¹

289 1270 411 1318 Ext.
445 1267 492 1317 1.
533 1264 726 1318 Clarae
751 1264 976 1318 ultionis
1003 1273 1235 1337 utraque
1260 1266 1477 1335 regina,
1515 1274 1568 1319 et
1595 1266 1797 1337 Tomy·
1821 1281 1864 1315 15

180 1337 274 1403 riS‚
301 1354 440 1407 quae
467 1344 633 1407 caput
658 1335 791 1407 Cyri
817 1337 1094 1389 abscisum
1128 1337 1185 1388 in
1211 1345 1387 1389 utrem
1412 1337 1648 1390 humano
1676 1356 1799 1390 san-

179 1408 346 1478 guine
370 1405 639 1478 repletum
666 1407 879 1460 demitti
903 1408 1079 1474 iussit,
1109 1408 1450 1476 exprobrans
1471 1407 1554 1460 illi
1573 1409 1799 1462 insatia-

178 1476 350 1533 bilem
375 1479 583 1532 eruoris
612 1477 759 1531 sitim
786 1477 1056 1550 simulque
1083 1497 1288 1550 poenas
1319 1479 1485 1531 occisi
1512 1480 1582 1533 ab
1610 1497 1672 1532 eo
1698 1477 1799 1532 filii

182 1549 269 1601 sui
294 1549 550 1619 exigens,
590 1556 644 1602 et
669 1549 956 1617 Berenice,
995 1569 1134 1621 quae
1158 1550 1429 1604 Laodices
1463 1550 1680 1604 insidiis
1717 1550 1798 1603 in-

99 1656 105 1667 .
181 1627 486 1690 terceptum
513 1619 619 1673 sibi
639 1618 818 1671 'filium
842 1621 1088 1690 grauiter
1112 1621 1294 1674 ferens
1301 1662 1315 1688 ,
1344 1629 1554 1674 armata
1580 1641 1799 1674 currum
1822 1638 1864 1671 20

185 1690 503 1744 conscendit
527 1699 923 1761 persecutaque
951 1691 1244 1745 satellitem
1278 1693 1518 1761 regium,
1557 1691 1797 1745 crudelis

185 1761 364 1832 operis
390 1761 725 1827 ministrum,
753 1762 968 1814 nomine
996 1762 1269 1815 Caeneum
1283 1803 1306 1830 ‚,
1338 1782 1499 1834 quem
1523 1763 1683 1816 hasta
1707 1782 1797 1815 ne-

185 1833 441 1903 quiquam
466 1833 712 1902 petierat‚
743 1851 878 1886 saxo
899 1833 1067 1885 ictum
1088 1835 1389 1904 prostrauit
1411 1852 1476 1886 ac
1496 1853 1660 1905 super
1681 1834 1797 1887 eius

186 1920 382 1973 corpus
410 1903 547 1955 actis
576 1903 730 1974 equis
758 1904 899 1956 inter
925 1904 1127 1956 infesta
1164 1907 1469 1959 contrariae
1503 1906 1677 1975 partis
1705 1923 1796 1975 ag-

184 2042 255 2082 tes
280 2036 592 2082 rebellassent.
661 2037 1008 2098 deprecantibus
1037 2037 1304 2084 Tusculanis
1341 2038 1503 2084 accidit
1539 2046 1591 2084 ut
1616 2046 1795 2085 ceterae
1820 2047 1862 2080 25

183 2107 331 2153 tribus
359 2107 603 2154 salutarem
631 2110 901 2154 sententiam
930 2108 1125 2165 ferrent,
1163 2108 1318 2155 Pollia
1346 2110 1499 2155 tribus
1527 2125 1551 2156 *
1579 2125 1603 2155 *
1631 2125 1656 2157 *
1691 2109 1795 2155 Pol·
1817 2089 1911 2125 Par.

185 2178 274 2225 liae
315 2178 462 2225 tribus
498 2179 705 2225 fecerunt
740 2181 1072 2240 magistratum.
1150 2184 1189 2226 2.
1227 2180 1334 2226 Cum
1372 2181 1625 2227 Hadrianus
1669 2182 1793 2227 ciues

181 2248 407 2296 Romanos
444 2249 597 2295 Uticae
632 2258 864 2296 morantes
902 2251 1086 2297 sordido
1123 2258 1311 2298 uexaret
1348 2253 1538 2313 imperio
1577 2259 1621 2297 et
1657 2252 1715 2298 ob
1751 2252 1797 2297 id

182 2320 321 2366 uiuus
347 2319 402 2366 ab
429 2321 494 2366 eis
522 2328 645 2366 esset
671 2328 881 2372 exustus,
909 2322 1032 2368 nulla
1061 2324 1268 2383 quaestio
1298 2323 1351 2369 de
1377 2337 1429 2368 ea
1455 2338 1505 2369 re
1531 2323 1683 2370 habita
1710 2330 1793 2369 est.

292 2393 330 2435 1.
371 2391 579 2452 Tomyris
615 2398 752 2451 caput
787 2392 887 2452 Cyri
931 2392 1157 2439 abscisum
1195 2395 1240 2438 in
1278 2401 1424 2439 utrem
1461 2394 1657 2441 humano
1696 2409 1796 2440 san·
1819 2401 1861 2434 30

300 2530 326 2570 3
346 2528 528 2581 popiria
548 2527 603 2579 B,
628 2529 805 2582 popilia
834 2529 949 2577 Vat„
973 2535 1016 2569 at
1038 2544 1077 2569 u.
1101 2531 1199 2570 Liu.
1224 2532 1263 2578 8,
1289 2532 1358 2578 37,
1383 2533 1436 2571 12
1516 2532 1541 2571 6
1583 2531 1642 2571 ad
1661 2531 1796 2572 illam

193 2584 294 2627 Vat.
375 2587 399 2626 7
441 2583 567 2626 suffr.
591 2585 686 2625 suis
708 2585 774 2625 E:
814 2586 909 2626 suis
931 2599 1007 2626 om.
1030 2585 1074 2625 B
1103 2587 1220 2638 Vat„
1250 2586 1377 2629 suffr.
1401 2600 1554 2628 eorum
1579 2588 1665 2635 OD,
1699 2588 1794 2629 suis

185 2640 312 2683 suffr.
335 2642 411 2682 alii
480 2643 506 2683 8
529 2645 747 2694 quantum
775 2642 875 2684 Vat.
898 2649 938 2683 et
959 2642 1009 2682 b:
1040 2656 1118 2684 om.
1140 2642 1183 2682 B
1221 2639 1240 2697 Η
1282 2642 1503 2684 adimeret
1523 2636 1579 2683 B'
1640 2646 1693 2685 10
1712 2644 1795 2684 ha-

184 2697 374 2739 drianus
395 2695 461 2751 (at
479 2712 520 2741 u.
545 2698 631 2738 Cic.
661 2698 707 2738 V
703 2712 787 2739 err.
818 2698 868 2746 V,
891 2700 915 2748 ξ
936 2698 1011 2751 94)
1035 2699 1160 2740 ciues
1182 2699 1247 2740 Pb
1268 2696 1287 2754 Η
1307 2712 1521 2741 romanus
1542 2694 1595 2740 B'
1649 2702 1700 2740 12
1720 2700 1794 2742 his

184 2754 228 2795 B
302 2757 355 2796 15
375 2754 591 2807 ultraque
611 2750 669 2795 B'
703 2751 727 2810 ss
763 2755 987 2808 thamyris
1008 2755 1052 2795 B
1130 2757 1182 2797 16
1202 2759 1304 2797 utre
1326 2749 1382 2796 B'
1443 2758 1493 2797 19
1514 2757 1732 2816 berenice
1750 2757 1794 2798 B

185 2813 239 2853 21
263 2810 513 2853 satellitem
533 2833 589 2839 —
609 2812 791 2853 nomine
813 2825 890 2853 om.
911 2811 955 2852 B
1033 2814 1086 2853 22
1110 2810 1260 2866 quem]
1287 2813 1360 2865 q1'11
1382 2813 1425 2852 B

299 2870 355 2911 25
395 2867 566 2921 adtigit
584 2871 636 2908 ut
663 2869 709 2909 V
779 2869 833 2908 26
872 2868 1026 2909 Pollia
1053 2869 1202 2910 tribus
1232 2883 1308 2910 om.
1337 2870 1382 2910 V
1396 2871 1562 2924 reliqua
1582 2872 1794 2911 sententia

186 2938 356 2974 manca,
390 2939 478 2966 cnm
506 2925 709 2966 librarius
737 2939 765 2966 a
783 2927 930 2978 priore
951 2925 1104 2966 Pollia
1124 2926 1273 2966 tribus
1302 2928 1362 2967 ad
1378 2929 1591 2980 posterius
1611 2927 1792 2968 Polliae

187 2981 337 3024 tribus
359 2982 628 3024 aberrauerit
685 2983 740 3024 30
759 2982 997 3024 Thomeris
1026 2982 1069 3023 V
1076 2975 1102 3036 '‚
1126 2982 1370 3036 Thamyris
1398 2984 1440 3025 V
1445 2981 1463 3009 ²
1779 2970 1936 3120 s
