1878 3132
206 129 274 180 36
926 131 1020 174 ΜΒ.
1059 130 1087 172 1.

207 247 352 291 ceret
396 240 497 291 sibi
540 236 930 308 praesultorem
979 234 1122 286 ludis
1170 234 1500 288 circensibus
1544 237 1809 305 proximis

205 329 312 362 non
337 308 627 378 placuisse:
670 325 807 376 quae
834 324 920 357 res
948 304 1053 355 nisi
1081 303 1304 358 adtenta
1327 305 1582 359 ludorum
1604 305 1809 357 instau-

205 379 412 430 ratione
441 378 663 446 expiata
689 384 830 427 esset
843 415 856 441 ⁷
887 382 1198 433 secuturum
1222 393 1331 427 non
1356 375 1629 428 mediocre
1653 375 1805 428 urbis

206 446 517 518 periculum.
591 445 681 496 ille
725 446 932 497 ueritus
970 463 1036 495 ne
1073 463 1194 496 cum
1239 445 1420 516 aliquo
1466 444 1810 498 incommodo

163 538 183 569 5
207 536 301 570 suo
338 516 598 583 religione
644 534 908 566 summum
943 513 1249 583 implicaret
1287 515 1602 585 imperium,
1649 514 1811 566 silen-

205 589 339 639 tium
374 587 482 654 egit
494 626 507 651 7
547 605 575 637 e
611 586 952 654 uestigioque
988 585 1131 636 filius
1169 586 1283 637 eius
1325 585 1506 638 subita
1540 585 1597 636 ui
1631 584 1807 637 morbi

205 666 481 725 correptus
517 656 736 707 interiit.
795 656 911 724 ipse
938 655 1104 706 etiam
1129 674 1226 725 per
1252 656 1484 725 quietem
1511 655 1579 707 ab
1617 654 1807 707 eodem

206 728 303 779 deo
347 727 713 793 interrogatus
751 744 819 776 an
854 725 989 775 satis
1017 743 1276 793 magnam
1311 743 1542 796 poenam
1574 723 1810 793 neglecti

203 795 413 866 imperii
459 795 543 846 sui
585 794 959 864 pependisset,
1027 795 1084 846 in
1127 796 1405 866 proposito
1450 812 1810 865 perseuerans>
1867 859 1873 866 .

143 886 181 916 10
205 865 486 918 debilitate
531 866 769 934 corporis
818 863 1026 916 solutus
1065 874 1173 931 est,
1225 884 1288 916 ac
1326 873 1441 917 tum
1476 864 1691 916 demum
1737 882 1806 916 ex

205 934 430 988 consilio
467 936 760 987 amicorum
795 934 1047 986 lecticula
1082 935 1152 987 ad
1178 934 1420 987 tribunal
1447 933 1724 987 consulum
1752 941 1811 985 et

201 1006 327 1057 inde
354 1005 424 1056 ad
452 1014 695 1056 senatum
721 1004 981 1074 perlatUS‚
1012 1005 1199 1057 ordine
1217 1006 1386 1058 totius
1414 1023 1571 1056 casus
1601 1004 1685 1056 sui
1713 1022 1806 1055 ex-

203 1076 406 1145 positO,
443 1093 640 1143 magna
667 1093 786 1125 cum
823 1076 1062 1127 omnium
1099 1075 1456 1127 admiratione
1481 1082 1809 1144 recuperata

204 1145 561 1196 membrorum
591 1145 846 1197 firmitate
873 1145 1104 1214 pedibus
1135 1145 1351 1196 domum
1377 1145 1558 1196 rediit.

142 1233 180 1264 15
308 1215 358 1266 5.
398 1215 479 1265 Ac
502 1234 568 1265 ne
594 1214 727 1266 illud
757 1215 974 1285 quidem
998 1214 1392 1267 inuoluendum
1419 1214 1652 1266 silentio.
1696 1214 1808 1266 Ini-

201 1285 459 1335 micorum
495 1286 893 1354 conspiratione
930 1285 1066 1336 urbe
1103 1285 1290 1354 pulsus
1325 1286 1401 1338 M.
1430 1283 1618 1336 Cicero
1631 1323 1645 1350 ,
1682 1302 1804 1334 cum

202 1355 256 1404 in
281 1354 412 1406 uilla
440 1354 671 1423 quadam
701 1356 876 1425 campi
905 1355 1148 1408 Atinatis
1178 1356 1583 1420 deuersaretur7
1622 1353 1803 1405 animo

200 1425 257 1474 in
284 1442 528 1475 somnum
554 1426 774 1494 profuso
809 1444 906 1495 per
930 1425 1050 1478 loca
1085 1424 1302 1477 deserta
1338 1432 1392 1476 et
1423 1424 1601 1475 inuias
1628 1423 1805 1492 regio-

200 1512 295 1545 nes
322 1494 540 1562 uaganti
567 1496 668 1547 sibi
698 1496 757 1547 C.
786 1495 1047 1561 Marium,
1085 1495 1398 1547 consulatus
1435 1501 1687 1546 ornatum
1723 1493 1804 1543 in-

140 1584 179 1613 20
203 1564 445 1632 signibus
454 1604 466 1629 ⁷
493 1566 706 1633 putauit
733 1566 954 1618 obuium
979 1565 1203 1629 factum,
1230 1566 1656 1632 interrogantem
1682 1581 1801 1615 eum

203 1634 330 1702 quid
356 1634 434 1685 ita
461 1642 568 1684 tam
596 1636 742 1687 tristi
769 1635 928 1687 uultu
953 1635 1159 1687 incerto
1187 1634 1382 1686 itinere
1408 1633 1660 1686 ferretur.
1713 1651 1803 1683 au—

204 1703 315 1755 dito
345 1702 537 1754 deinde
565 1723 719 1771 casu,
749 1725 852 1775 quo
881 1704 1313 1771 conflictabatur,
1343 1702 1804 1773 conprehendisse

207 1772 487 1824 dexteram
523 1794 675 1826 suam
715 1794 778 1827 ac
816 1794 872 1827 se
907 1775 1158 1845 proximo
1193 1774 1371 1827 lictori
1404 1774 1459 1825 in
1495 1790 1805 1825 monumen-

200 1850 314 1893 tum
356 1844 525 1912 ipsius
568 1846 873 1897 ducendum
917 1844 1241 1910 tradidisse,
1286 1843 1431 1914 quod
1476 1843 1682 1895 diceret
1724 1843 1803 1894 ibi

140 1931 178 1961 25
203 1930 320 1963 esse
356 1914 404 1964 ei
437 1913 679 1967 laetioris
717 1923 890 1968 status
929 1934 1080 1984 spem
1115 1915 1428 1984 repositam.
1502 1931 1600 1964 nec
1646 1912 1803 1964 aliter

89 2048 178 2082 Par.
205 2050 356 2087 essent
382 2047 574 2102 peracti:
614 2054 716 2090 ante
744 2062 933 2107 pompae
971 2048 1086 2092 enim
1114 2047 1419 2095 inductionem
1455 2058 1537 2104 per
1573 2044 1740 2089 circum
1778 2059 1799 2089 a

204 2113 382 2157 domino
410 2127 592 2158 seruum
620 2118 663 2160 in
692 2132 868 2167 erucem
897 2125 1068 2162 actum:
1106 2117 1338 2165 dubitans,
1378 2115 1523 2159 subita
1550 2113 1628 2158 filii
1655 2122 1803 2159 morte

204 2196 463 2241 oppressus,
492 2185 648 2229 deiude
676 2189 881 2246 corporis
910 2188 977 2232 sui
1005 2190 1148 2232 totius
1174 2185 1446 2235 ualetudine,
1471 2184 1636 2229 cotidie
1661 2197 1803 2248 paene

204 2252 377 2296 monitu
404 2253 523 2298 louis
549 2265 895 2314 perseum-ante,
936 2258 1111 2302 tandem
1139 2257 1315 2302 delatus
1351 2257 1395 2300 in
1432 2254 1590 2299 lectica
1627 2254 1801 2298 senatui

138 2332 179 2361 :w
202 2323 422 2366 somnium
459 2324 657 2375 rettulit,
707 2334 751 2370 et
789 2329 997 2386 protinus
1033 2327 1222 2386 pedibus
1249 2327 1342 2371 suis
1377 2325 1544 2370 curiam
1583 2337 1801 2382 egressus

204 2398 285 2435 est.
337 2396 377 2435 5.
415 2393 566 2438 Cicero
595 2396 757 2440 inuidia
788 2397 1067 2441 inimicorum
1095 2399 1138 2441 in
1166 2397 1345 2441 exilium
1373 2394 1531 2454 pulsus
1558 2393 1602 2437 in
1630 2393 1803 2438 somnis

201 2460 247 2505 C.
275 2461 458 2507 Marium
500 2463 680 2508 obuium
720 2466 802 2510 sibi
832 2467 996 2511 factum
1026 2469 1226 2526 putauit,
1264 2466 1498 2510 ducentem
1535 2477 1582 2508 se
1619 2470 1798 2522 arrepta

201 2545 331 2575 manu
369 2534 410 2576 in
452 2547 579 2578 suum
609 2543 948 2581 monumentum
974 2537 1287 2594 dicentemque
1322 2534 1383 2580 ibi
1419 2547 1519 2579 esse
1545 2545 1669 2593 spem
1711 2539 1802 2576 sta·

201 2606 275 2644 tus
312 2601 526 2646 laetioris.
588 2617 670 2647 nec
707 2605 837 2650 aliter
873 2606 1052 2651 euenit:
1093 2620 1193 2650 nam
1231 2607 1274 2649 iu
1311 2604 1419 2649 aede
1454 2603 1575 2648 Iouis
1609 2602 1800 2646 Mariana

317 2735 339 2774 7
365 2739 599 2787 corruptus
621 2732 675 2777 B'
735 2742 759 2779 9
780 2741 1090 2792 pependisset,
1114 2744 1183 2780 set
1205 2741 1250 2779 in
1271 2739 1550 2780 Kellerbauer
1611 2738 1662 2776 14
1682 2737 1803 2776 redi·

203 2791 270 2841 git
292 2790 353 2835 B,
385 2793 463 2830 sed
490 2805 600 2834 corr.
627 2796 649 2831 1
671 2808 720 2833 m.
783 2798 833 2835 17
864 2796 1170 2836 deuersaretis
1200 2796 1260 2841 B,
1293 2794 1605 2833 diuet-saretur
1631 2794 1683 2836 D,
1725 2791 1802 2832 de·

206 2850 466 2884 uersaretur
487 2848 524 2884 is
548 2858 573 2889 ς
631 2851 684 2886 :34
706 2850 1013 2890 deducendum
1038 2855 1063 2891 2
1087 2853 1209 2892 codd.
1239 2850 1385 2897 Torr.‚
1408 2855 1453 2888 ut
1477 2849 1559 2890 Cic.
1583 2850 1634 2888 de
1656 2849 1800 2887 Dim'n.

203 2901 243 2948 I,
269 2898 292 2953 §
314 2903 367 2941 59
426 2903 479 2941 25
500 2902 737 2942 laetiorem
759 2905 814 2953 B,
837 2919 910 2945 em.
934 2919 955 2946 e
978 2907 1018 2945 P
