1878 3132
511 129 747 188 CAP.1,§
775 133 816 175 3.
843 129 941 176 Exi,
969 130 999 189 g
1027 132 1070 178 1.
1109 131 1159 182 11,
1188 131 1218 190 3
1249 134 1287 176 1.
1648 128 1748 179 113

219 237 298 291 II.
336 237 451 291 Nos
479 238 607 309 quia
632 238 745 290 iam
779 237 940 290 initia
965 256 1370 309 procursusque
1397 239 1623 293 uirtutis
1651 256 1746 310 pa-

115 307 432 376 tefecimus,
477 316 661 362 actum
685 309 870 378 ipsum
884 304 1313 379 persequemur,
1361 310 1516 362 cuius
1542 309 1746 381 ponde-

113 380 401 432 rosissima
442 381 528 432 uis
575 387 629 431 et
674 379 1047 431 efficacissimi
1091 379 1283 433 lacerti
1328 382 1386 432 in
1422 380 1748 434 fortitudine

115 451 442 504 consistunt.

614 524 712 572 DE
745 523 1247 574 FORTITVDINE.
1770 539 1790 569 5

219 605 337 658 Nec
358 624 446 658 me
465 605 746 676 praeterit,
774 606 1026 659 conditor
1049 606 1203 659 urbis
1230 616 1470 674 nostrae,
1497 607 1746 674 Romule,

115 677 489 748 principatum
506 676 610 730 hcc
630 677 736 731 tibi
760 679 819 729 in
844 695 1044 747 genere
1070 676 1250 730 laudis
1279 678 1563 748 adsignari
1590 697 1746 751 opor-

113 756 248 801 tere.
302 747 400 800 sed
423 755 639 819 patere,
668 747 922 816 obsecre,
950 767 1058 802 uno
1085 756 1139 801 te
1164 750 1448 819 praecurri
1475 750 1744 821 exemplo,

116 818 206 872 cui
241 827 296 872 et
320 819 340 870 i
383 837 441 872 se
466 818 809 891 aliquantum
834 819 1056 874 honoris
1085 819 1256 873 debes
1270 860 1286 887 ,
1328 821 1458 893 quia
1482 821 1747 874 beneficio

114 888 262 942 illius
313 838 569 943 effectum
618 899 704 943 est
752 909 822 943 ne
865 898 979 942 tam
1020 890 1367 962 praeclarum
1411 911 1548 963 opus
1591 901 1747 945 tuum
1774 909 1812 938 10

114 960 294 1014 Roma
320 960 673 1014 dilaberetur.

226 1033 274 1083 1.
313 1032 565 1084 Etruscis
601 1032 659 1083 in
694 1032 889 1086 urbem
925 1041 1092 1103 ponte
1122 1031 1350 1086 sublicio
1388 1034 1746 1105 inrumpenti-

115 1101 217 1155 bus
238 1101 506 1155 Horatius
529 1101 722 1156 Cocles
752 1112 1056 1156 extremam
1083 1103 1198 1156 eius
1220 1111 1436 1174 partem
1457 1105 1749 1175 occupauit

117 1179 292 1226 totum
330 1191 399 1225 ue
433 1172 676 1227 hostium
712 1188 941 1242 agmen,
983 1174 1156 1227 donec
1182 1183 1310 1245 post
1345 1182 1562 1245 tergum
1589 1195 1750 1228 suum

115 1261 252 1314 pons
280 1262 313 1296 a
354 1253 729 1314 rumperetur,
757 1244 1097 1314 infatigabili
1123 1263 1311 1315 pugna
1338 1247 1631 1313 sustinuit,
1669 1256 1747 1300 at-
1772 1261 1814 1294 15

115 1332 246 1385 que,
291 1323 353 1368 ut
385 1316 623 1385 patriam
657 1315 901 1387 periculo
938 1316 1229 1368 inminenti
1260 1316 1550 1369 liberatam
1585 1316 1747 1383 uidit,

116 1394 358 1439 armatus
385 1404 444 1438 se
478 1387 536 1438 in
564 1387 814 1440 Tiberim
849 1387 1015 1439 misit.
1087 1388 1241 1439 cuius
1277 1386 1663 1440 fortitudinem
1691 1387 1749 1440 di

117 1455 452 1510 immortales
481 1457 741 1511 admirati
768 1459 1202 1511 incolumitatem
1223 1458 1494 1511 sinceram
1522 1460 1748 1530 ciprae-

117 1528 394 1581 stiterunt.
463 1547 590 1581 nam
628 1548 804 1599 neque
839 1528 1128 1582 altitudine
1170 1530 1416 1582 deiectus
1454 1538 1747 1601 quassatus

115 1616 218 1651 nec
250 1598 494 1670 pondere
533 1617 813 1652 armorum
839 1619 1062 1670 pressus
1097 1618 1199 1652 nec
1234 1599 1346 1654 ullo
1382 1600 1606 1653 uerticis
1646 1602 1747 1653 cir·
1773 1618 1814 1650 20

119 1669 270 1720 cuitu
298 1676 451 1722 actus
465 1710 480 1736 ,
516 1689 585 1722 ne
611 1670 733 1723 telis
762 1671 1011 1742 quidem,
1058 1689 1197 1741 quae
1222 1670 1467 1742 undique
1494 1690 1747 1741 congere-

117 1739 346 1806 bantur,
383 1739 566 1792 laesus
593 1749 775 1794 tutum
800 1742 1033 1794 natandi
1059 1751 1318 1794 euentum
1342 1741 1555 1795 habuit.
1605 1762 1747 1794 unus

119 1811 306 1881 itaque
331 1817 416 1863 tot
441 1811 674 1877 ciuium,
702 1820 786 1864 tot
810 1811 1049 1865 hostium
1075 1813 1133 1862 in
1159 1831 1218 1863 se
1245 1811 1430 1864 oculos
1457 1813 1747 1878 conuertit,

117 1880 391 1952 stupentis
441 1880 565 1934 illos
611 1881 1004 1949 admiratione,
1056 1883 1153 1934 hos
1199 1883 1343 1935 inter
1384 1882 1653 1935 laetitiam
1697 1891 1751 1934 et

117 1959 322 2004 metum
363 1951 719 2019 haesitantiS,
755 1971 1020 2023 >unusque
1066 1952 1204 2005 duos
1248 1953 1516 2006 acerrima
1559 1971 1749 2024 pugna
1772 1970 1814 2002 :25

117 2031 402 2076 consertos
431 2023 723 2090 exercitus,
751 2024 985 2076 alterum
1004 2022 1336 2094 repellendO,
1365 2023 1601 2076 alterum
1626 2044 1747 2095 pro-

119 2092 418 2164 pugnando
456 2093 738 2148 distraxit.
790 2094 917 2148 deni
957 2114 1025 2147 ue
1059 2114 1199 2148 unus
1225 2094 1353 2149 urbi
1378 2105 1604 2149 nostrae
1631 2104 1749 2148 tan-

118 2171 238 2216 tum
289 2173 442 2218 scuto
489 2184 584 2219 suo
630 2173 896 2238 quantum
991 2166 1160 2220 iberis
1211 2166 1369 2221 alueo
1421 2167 1749 2219 munimenti

120 2233 324 2287 attulit.
374 2245 708 2307 quapropter
734 2236 1079 2291 discedentes
1104 2238 1327 2291 Etrusci
1354 2237 1535 2290 dicere
1561 2247 1747 2309 potue-

119 2313 270 2358 runt:
304 2306 582 2360 Romanos
609 2308 842 2361 uicimus
857 2350 871 2376 ,
901 2309 971 2363 ab
998 2308 1234 2363 Horatio
1260 2309 1395 2362 uicti
1423 2328 1629 2362 sumus,
1768 2328 1810 2357 δυ

230 2442 268 2484 1.
308 2440 403 2485 DE
438 2441 925 2488 FORTITVDINE.
975 2443 1182 2489 Etruscis
1212 2443 1257 2488 in
1283 2443 1441 2489 urbem
1469 2450 1611 2504 ponte
1638 2442 1743 2488 sub·
1768 2452 1862 2489 Par.

123 2508 229 2556 licio
257 2510 625 2570 inrumpentibus
652 2513 868 2558 Horatius
895 2513 1069 2565 Cocles,
1098 2515 1245 2561 donec
1270 2521 1378 2575 post
1407 2521 1586 2573 tergum
1614 2529 1746 2559 suum

122 2574 487 2641 abrumperetur,
514 2582 716 2627 hostium
743 2597 904 2642 agmen
931 2584 1200 2642 infatigabili
1227 2599 1381 2644 pugna
1409 2584 1652 2634 sustinuit,
1682 2591 1748 2628 at·

123 2665 212 2711 que
238 2652 301 2698 ita
339 2658 536 2698 armatus
564 2666 612 2698 se
639 2652 685 2698 in
714 2652 912 2698 Tiberim
939 2654 1064 2699 misit
1090 2661 1333 2714 tutumque
1359 2654 1494 2700 nandi
1532 2662 1747 2700 euentum

237 2777 262 2814 2
291 2788 621 2828 prosequemur
642 2777 682 2816 E
743 2780 795 2818 13
824 2778 1093 2818 honoratius
1114 2778 1156 2818 B
1185 2785 1285 2819 ante
1304 2792 1501 2820 rasuram
1562 2780 1615 2819 14
1642 2792 1748 2831 pos-

123 2833 303 2883 tergum
331 2832 374 2872 B
455 2835 506 2875 17
537 2834 716 2875 inmisit
744 2834 932 2888 Scanyer·
959 2830 978 2889 ΙΙ
1008 2833 1072 2874 dii
1101 2835 1168 2875 hic
1197 2835 1240 2875 B
1321 2838 1372 2877 19
1403 2839 1652 2888 quassatus
1682 2837 1747 2874 D·

128 2891 437 2938 quassatusue
460 2889 503 2929 B
562 2892 614 2931 21
637 2904 696 2932 ne
717 2891 786 2931 B:
815 2903 903 2931 nec
926 2893 1032 2932 dett.
1094 2893 1148 2933 23
1170 2894 1240 2932 tot
1259 2892 1462 2934 hostium
1484 2895 1554 2933 tot
1576 2892 1748 2932 ciuium

35 2958 49 2969 =
123 2943 203 2984 hoc
223 2946 373 2985 ordine
395 2946 438 2985 B
459 2947 501 2986 in
522 2960 614 2987 ras.
674 2950 729 2989 24
751 2947 1102 2990 admirationem
1123 2941 1179 2989 B'
1238 2951 1293 2990 25
1313 2949 1605 2990 haesitantes
1627 2948 1711 2992 B?

209 3026 316 3055 vAL.
342 3028 454 3057 MAx.
1067 3031 1069 3035 ⁴
1458 3019 1490 3069 8
