1936 3120
11 1437 26 1702 ...ssvwm
12 1412 14 1425 -

633 89 750 134 CAP.
782 89 845 139 vl,
872 88 902 148 g
929 92 969 135 3.
996 93 1040 134 4,
1076 90 1159 140 vu,
1188 89 1217 148 g
1247 92 1384 134 1-4.
1713 85 1814 137 391

194 213 378 266 neque
412 203 509 247 aut
542 196 859 248 memoriam
895 197 1010 248 eius
1056 196 1342 266 quisquam
1385 197 1684 250 tardiorem
1722 206 1818 250 aut

156 268 158 270 ’
196 265 516 318 firmitatem
560 265 746 318 lateris
794 266 907 318 ulla
950 285 1020 318 ex
1063 275 1220 336 parte
1262 276 1580 337 quassatam
1625 277 1718 321 aut
1754 287 1812 321 os

198 335 562 389 haesitatione
611 337 934 406 impeditum
982 337 1399 402 animaduertit,
1454 338 1583 408 quia
1633 340 1816 391 omnia

194 407 306 458 ista
331 408 389 458 in
416 424 514 458 suo
541 415 687 458 statu
714 407 929 478 aequali
955 426 1018 459 ac
1047 417 1309 477 perpetua
1347 408 1619 460 industria
1646 409 1814 462 conti-

195 477 381 530 nebat.
433 478 564 547 quin
590 477 755 529 etiam
781 478 837 528 in
862 479 982 547 ipso
1011 478 1316 530 diutissime
1353 489 1506 530 actae
1533 480 1680 531 uitae
1708 480 1815 532 fine
1837 491 1858 524 5

143 562 147 563 ’
194 547 542 600 disertissimi
570 548 803 601 oratoris
833 547 1048 600 Galbae
1075 549 1410 601 accusationi
1438 550 1815 602 defensionem

196 636 353 669 suam
378 636 478 688 pro
511 618 783 689 Hispania
821 620 1095 689 opposuit.
1171 618 1317 671 idem
1345 619 1574 672 Graecis
1613 621 1812 673 litteris

194 689 405 741 erudiri
426 690 759 760 concupiuit,
790 708 951 760 quam
976 709 1114 753 sero,
1133 690 1261 742 inde
1280 691 1645 755 aestimemus,
1670 691 1814 761 quod

193 761 362 812 etiam
388 760 616 812 Latinas
646 779 818 829 paene
843 761 953 812 iam
981 779 1151 813 senex
1178 760 1384 813 didicit.
1451 781 1680 832 cumque
1707 761 1813 814 elo·

195 830 419 900 quentia
444 849 700 899 magnam
728 830 959 900 gloriam
994 840 1207 901 partam
1243 831 1496 898 haberet,
1535 833 1591 884 id
1619 833 1731 901 egit
1754 840 1813 884 ut
1839 846 1878 877 ιο

193 901 327 952 iuris
357 900 533 953 ciuilis
563 920 775 971 quoque
803 910 948 954 esset
975 902 1357 972 peritissimus.

301 985 352 1037 2.
393 985 561 1038 Cuius
606 985 836 1038 mirifica
872 986 1070 1056 proles,
1118 987 1338 1056 propior
1381 987 1549 1039 aetati
1592 996 1812 1039 nostrae

193 1055 351 1123 Cato,
378 1057 458 1109 ita
484 1056 763 1108 doctrinae
789 1057 1091 1127 cupiditate
1116 1057 1390 1126 flagrauit,
1417 1065 1478 1109 ut
1497 1076 1564 1109 ne
1584 1059 1640 1108 in
1662 1058 1813 1108 curia

194 1126 444 1197 quidem,
492 1128 619 1179 dum
657 1136 875 1179 senatus
915 1128 1156 1196 cogitur,
1203 1135 1534 1197 temperaret
1572 1128 1677 1180 sibi
1705 1147 1810 1198 quo

194 1198 372 1249 minus
402 1197 648 1257 Graecos
684 1197 852 1250 libros
890 1197 1180 1250 lectitaret.
1257 1217 1366 1267 qua
1402 1199 1622 1268 quidem
1656 1198 1810 1250 indu·
1836 1213 1877 1246 15

194 1269 331 1319 stria
366 1268 605 1321 ostendit
642 1267 765 1320 aliis
805 1277 1054 1338 tempora
1092 1269 1307 1335 deesse,
1348 1268 1485 1321 alios
1524 1287 1812 1338 superesse

191 1346 302 1391 tem
345 1339 550 1392 oribuS.
1578 1397 1583 1404 ,

299 1358 350 1462 ξ.
390 1410 677 1462 Terentius
706 1417 888 1461 autem
916 1409 1122 1475 Varro,
1159 1409 1429 1461 humanae
1456 1411 1603 1461 uitae
1631 1428 1811 1460 exem-

192 1477 284 1548 plo
313 1488 367 1532 et
392 1481 571 1550 spatio
599 1486 959 1543 nomz‘nandu3‚
1003 1498 1107 1532 non
1146 1481 1332 1545 annis,
1371 1480 1568 1550 quibus
1609 1479 1813 1531 saeculi

191 1558 408 1621 tempus
437 1553 712 1619 aequauit,
742 1569 904 1620 quam
933 1551 1055 1602 stilo
1082 1551 1331 1603 uiuacior
1358 1551 1478 1602 fuit.
1539 1551 1592 1602 in
1623 1549 1811 1602 eodem
1834 1567 1876 1598 20

192 1621 338 1688 enim
372 1621 572 1674 lectulo
610 1630 663 1673 et
699 1621 923 1690 spiritus
961 1622 1077 1673 eius
1116 1629 1170 1673 et
1206 1621 1550 1689 egregiorum
1586 1639 1811 1690 operum

191 1709 383 1743 cursus
413 1692 688 1744 extinctus
719 1699 818 1742 est.

297 1776 349 1827 4.
390 1775 704 1828 Consimilis
742 1776 1182 1845 perseuerantiae
1209 1774 1401 1825 Liuius
1429 1774 1675 1839 Drusus,
1715 1773 1810 1843 qui

191 1840 247 1898 est
274 1847 470 1899 aetatis
498 1846 710 1898 uiribus
740 1854 793 1898 et
819 1845 934 1897 acie
961 1843 1242 1897 oculorum
1270 1843 1516 1896 defectus
1543 1844 1626 1895 ius
1650 1843 1808 1895 ciuile

191 1915 395 1987 populo
431 1916 825 1985 benignissime
861 1917 1253 1985 interpretatus
1291 1923 1374 1966 est
1408 1914 1808 1982 utilissimaque
1831 1930 1871 1962 25

192 1986 402 2040 discere
430 1987 486 2040 id
524 1987 872 2057 cupientibus
911 1992 1264 2037 monumenta
1301 1984 1604 2055 conposuit.
1680 2002 1809 2035 nam

191 2066 254 2110 ut
279 2076 465 2110 senem
491 2056 645 2110 illum
670 2067 885 2123 natura,
915 2074 1136 2108 caecum
1161 2055 1384 2107 fortuna
1407 2056 1590 2107 facere
1611 2054 1806 2125 potuit,

191 2221 335 2264 moria
363 2220 562 2265 tardatus
590 2233 740 2279 neque
768 2219 921 2264 lateris
950 2224 1192 2278 quassatus
1219 2217 1504 2275 aegritudine
1533 2230 1680 2275 neque
1710 2216 1801 2260 oris
1826 2224 1921 2257 Par.

190 2291 504 2334 haesitatione.
566 2290 685 2333 idem
711 2289 799 2335 iam
826 2303 964 2334 senex
991 2295 1035 2333 et
1063 2289 1254 2333 Graecas
1281 2287 1457 2332 litteras
1485 2286 1642 2331 didicit
1669 2292 1714 2330 et
1740 2286 1807 2330 iu-

184 2361 253 2404 ris
280 2360 432 2404 studio
461 2359 675 2404 adtendit.
751 2363 792 2401 2.
831 2360 1020 2404 Porcius
1047 2360 1155 2403 Cato
1191 2359 1253 2402 ita
1293 2358 1527 2402 doctrinae
1556 2356 1803 2415 cupiditate
1828 2363 1868 2394 30

192 2430 419 2488 flagrauit,
449 2436 499 2474 ut
525 2443 581 2473 ne
608 2430 654 2473 in
681 2431 805 2474 curia
833 2429 1029 2487 quidem,
1059 2429 1165 2472 dum
1192 2434 1377 2472 senatus
1406 2428 1603 2486 cogitur,
1633 2433 1807 2484 tempe-

191 2506 311 2544 raret
356 2499 443 2544 sibi
493 2514 583 2558 quo
632 2500 781 2543 minus
820 2498 1015 2543 Graecos
1060 2498 1202 2543 libros
1249 2498 1492 2543 lectitaret.
1567 2499 1609 2539 4.
1651 2496 1807 2539 Liuius

190 2570 360 2615 Drusus
388 2576 434 2614 et
462 2571 622 2614 aetatis
652 2569 824 2614 uiribus
854 2575 899 2613 et
926 2570 1020 2613 acie
1058 2567 1294 2612 oculorum
1333 2566 1538 2611 defectus
1576 2567 1643 2609 ius
1673 2565 1807 2610 ciuile

305 2723 330 2762 5
353 2719 438 2760 fine.
462 2720 779 2761 dissertissimi
802 2713 856 2759 B'
927 2721 977 2759 10
1000 2722 1177 2770 partem
1200 2714 1251 2757 B'
1326 2719 1375 2756 12
1400 2717 1610 2770 proprior
1631 2711 1683 2756 B'
1757 2715 1808 2756 13

119 2767 123 2770 ¹
189 2777 416 2830 frag-lauit
440 2774 495 2816 B'
532 2774 551 2830 Η
592 2774 721 2816 curia}¹
739 2770 794 2816 B'
856 2777 908 2815 14
932 2775 1111 2827 cogitur
1133 2775 1174 2814 B
1199 2773 1308 2825 (itur
1328 2776 1370 2813 in
1393 2774 1500 2825 ras.)
1566 2774 1617 2813 19
1640 2773 1806 2826 ospitio

191 2830 246 2874 B'
285 2833 304 2887 ΙΙ
344 2833 647 2874 nominandus
678 2847 727 2873 m.
752 2835 778 2872 2
800 2834 841 2872 in
863 2845 941 2885 my.
974 2831 1017 2871 B
1043 2833 1183 2883 suppl.
1265 2832 1320 2870 24
1351 2834 1396 2870 et
1427 2830 1597 2870 aetatis
1632 2830 1670 2868 P
1695 2835 1736 2869 et
1764 2832 1807 2869 in

188 2903 278 2930 ras.
301 2891 369 2931 B:
392 2894 438 2932 et
459 2903 536 2932 om.
559 2891 636 2930 aliz·
