1924 3152
632 108 749 184 cip.
777 137 827 189 x,
867 135 896 195 3
923 138 1062 182 1—3.
1100 135 1199 181 En.
1225 135 1254 194 g
1282 138 1321 180 1.
1348 139 1388 180 2.
1724 128 1833 181 269

201 267 350 301 mum
387 253 816 300 conuerteretur.
837 315 849 325 ·
883 250 1218 315 quapropter
1241 243 1381 296 bene
1406 242 1591 296 habet.
1615 278 1620 283 -
1658 260 1829 295 annu-

119 327 124 331 ’
203 318 343 372 endo
381 318 527 370 enim
562 316 708 376 uotis
745 333 881 367 mels
919 313 978 366 id
1013 321 1241 383 egerunt
1275 321 1337 366 ut
1369 331 1468 366 uos
1494 314 1677 384 potius
1705 332 1826 366 meo

202 409 335 444 casu
361 387 595 450 doleatis
622 405 788 458 quam
815 403 916 455 ego
943 392 1131 438 uestro
1158 386 1587 454 ingemescerem
1605 392 1637 435 ².

308 461 359 513 3.
398 459 520 512 Vno
558 459 724 510 etiam
750 474 895 509 nunc
923 455 1223 510 domestico
1253 454 1502 527 exemplo
1531 454 1744 509 adiecto
1771 455 1829 506 in

203 531 391 584 alienis
419 528 658 582 luctibus
697 526 933 581 orationi
967 544 1122 579 meae
1156 528 1350 597 uagari
1376 526 1707 597 permittam.
1758 525 1825 593 Q.
1852 540 1877 573 5

200 602 442 655 Marcius
463 599 600 665 Rex,
630 597 926 669 superioris
950 596 1176 650 Catonis
1203 598 1262 649 in
1289 597 1581 651 consulatu
1601 595 1828 667 collega,

201 672 375 726 filium
405 688 646 723 summae
673 669 898 740 pietatis
928 676 982 721 et
1007 686 1239 738 magnae
1277 668 1394 740 spei
1432 677 1512 735 et,
1552 687 1691 740 quae
1716 686 1830 722 non

201 762 376 816 parua
403 741 731 794 calamitatis
760 739 1002 792 accessio
1029 738 1134 792 fuit
1148 779 1162 806 ,
1190 740 1414 792 unicum
1442 741 1656 806 amisit,
1686 757 1830 792 cum-

241 833 308 867 ue
337 832 394 866 se
421 812 574 867 obitu
610 811 726 864 eius
764 811 1055 863 subrutum
1094 819 1147 863 et
1184 829 1435 864 euersum
1469 810 1830 878 uideret,‘ita

205 834 450 938 dolorem
477 882 771 935 altitudine
798 880 1009 933 consilii
1030 882 1286 949 coercuit,
1314 889 1427 934 uta
1452 899 1587 951 rogo
1615 880 1828 934 iuuenis
1855 897 1899 928 ιο

203 955 455 1028 protinus
491 955 699 1006 curiam
742 960 955 1024 peteret
1000 961 1384 1024 senatumque,
1432 972 1591 1023 quem
1633 970 1694 1005 eo
1742 951 1832 1004 die

204 1030 326 1097 lege
351 1025 554 1079 habere
582 1024 886 1095 oportebat,
916 1032 1260 1076 conuocaret.
1303 1023 1451 1094 quod
1477 1024 1586 1075 nisi
1612 1023 1833 1076 fortiter

204 1115 510 1150 maerorem
535 1095 679 1148 ferre
707 1095 926 1159 scisset,
964 1094 1125 1146 unius
1164 1094 1272 1146 diei
1305 1094 1481 1147 lucem
1518 1095 1660 1148 inter
1687 1092 1830 1146 cala-

205 1170 466 1222 mitosum
509 1174 720 1237 patrem
766 1174 821 1218 et
867 1173 1152 1232 strenuum
1204 1164 1483 1218 consulem
1533 1174 1729 1218 neutra
1773 1164 1832 1215 in

204 1247 362 1311 parte
389 1245 604 1291 cessato
633 1236 813 1291 officio
840 1236 1037 1306 partiri
1062 1254 1171 1288 non
1197 1237 1484 1306 potuisset.
1855 1251 1898 1283 15

314 1314 435 1362 Ext.
486 1309 533 1360 1.
585 1307 850 1378 Princeps
895 1306 1314 1360 Atheniensium
1362 1307 1632 1375 Pericles,
1684 1307 1833 1359 intra

206 1379 578 1452 quadriduum
629 1378 857 1432 duobus‘
896 1377 1141 1430 mirificis
1206 1378 1649 1431 adulescentibus
1701 1376 1830 1430 filiis

206 1451 491 1523 spoliatus,
517 1450 585 1503 iis
612 1449 747 1520 ipsis
778 1449 972 1502 diebus
1002 1456 1055 1502 et
1079 1448 1237 1503 uultu
1262 1450 1557 1520 pristinum
1582 1449 1832 1502 habitum

204 1523 473 1576 retinente
510 1528 564 1574 et
600 1520 844 1574 oratione
880 1519 1029 1572 nulla
1065 1539 1133 1573 ex
1167 1531 1324 1591 parte
1362 1520 1679 1574 infractiore
1707 1537 1830 1572 con-

207 1594 450 1647 tionatus
480 1599 581 1644 est.
619 1590 711 1644 ille
736 1609 865 1643 uero
893 1600 1061 1662 caput
1087 1610 1301 1663 quoque
1328 1590 1489 1645 solito
1510 1610 1661 1646 more
1681 1609 1830 1644 coro·
1855 1609 1900 1640 20

207 1671 396 1716 natum
422 1681 613 1731 gerere
640 1662 919 1728 sustinuit,
946 1670 1009 1714 ut
1027 1661 1160 1714 nihil
1182 1681 1252 1714 ex
1270 1670 1457 1715 uetere
1475 1663 1586 1715 ritu
1606 1671 1832 1733 propter

210 1733 569 1787 domesticum
594 1732 793 1785 uulnus
823 1731 1149 1786 detraheret.
1188 1752 1299 1786 non
1326 1733 1442 1785 sine
1470 1752 1637 1785 causa
1661 1733 1833 1802 igitur

207 1804 347 1858 tanti
396 1804 609 1857 roboris
660 1803 870 1855 animus
923 1803 993 1855 ad
1041 1802 1283 1874 Olympii
1328 1804 1475 1856 Iouis
1527 1821 1831 1872 cognomen

210 1874 474 1928 ascendit.

314 1946 365 1997 2.
405 1944 717 2016 Xenophon
753 1952 962 2011 autem,
1010 1945 1154 2015 quod
1190 1944 1262 1997 ad
1299 1943 1635 1998 Socraticam
1673 1943 1830 2011 disci·
1855 1957 1900 1990 25

209 2066 431 2126 triumphi
446 2066 610 2115 amisit,
625 2065 814 2126 alterum
829 2065 929 2125 ipso
944 2065 1015 2109 die
1031 2065 1274 2124 triumphi:
1306 2079 1439 2124 quam
1452 2064 1694 2111 orbitatem
1709 2064 1828 2124 apud
1855 2077 1924 2112 pao

208 2137 432 2198 populum
471 2134 735 2182 consolatus
775 2143 869 2187 est,
910 2137 971 2181 ita
1007 2142 1059 2181 ut
1086 2137 1189 2196 quis
1216 2136 1422 2181 crederet
1449 2135 1586 2182 alium
1625 2149 1725 2181 esse
1755 2136 1830 2195 qui

209 2207 350 2253 filium
377 2207 668 2268 perdidisset,
695 2207 832 2252 alium
861 2208 937 2267 qui
966 2207 1299 2253 consolaretur.
1348 2210 1384 2250 3.
1417 2205 1611 2262 Quintus
1639 2206 1830 2252 Marcius

209 2279 299 2324 Rex
334 2279 584 2339 superioris
610 2278 793 2323 Catonis
833 2280 878 2329 in
904 2278 1143 2324 consulatu
1172 2278 1369 2338 collega,
1410 2292 1511 2323 cum
1550 2277 1692 2323 filium
1728 2290 1831 2337 per-

212 2349 414 2399 didisset,
441 2349 652 2408 protinus
681 2363 704 2393 e
731 2363 845 2407 rogo
875 2349 1043 2394 curiam
1071 2348 1210 2408 petit,
1241 2356 1286 2394 et
1314 2355 1544 2399 senatum,
1589 2350 1739 2408 quiec
1761 2348 1832 2392 die
1855 2363 1901 2396 30

213 2418 368 2463 haberi
396 2419 634 2469 debuerat,
664 2421 950 2464 conuocauit.

321 2491 359 2534 1.
410 2488 607 2534 Pericles
650 2489 940 2534 Atheniensis
993 2491 1107 2534 intra
1156 2488 1458 2548 quadriduum
1504 2489 1681 2534 duobus
1724 2488 1832 2533 filiis

211 2561 421 2619 priuatus
447 2557 558 2604 nihil
586 2572 636 2603 ex
662 2558 795 2603 uultu
824 2561 1031 2605 mutauit.
1084 2564 1126 2602 2.
1163 2559 1413 2619 Xenophon
1443 2559 1703 2605 Socraticus
1731 2573 1832 2604 cum

329 2670 351 2708 1
373 2668 492 2709 bene
515 2680 564 2708 se
586 2679 658 2708 res
680 2667 823 2709 habet
845 2668 868 2708 b
929 2670 953 2708 2
975 2681 1076 2708 meo
1100 2666 1236 2722 (corr.
1261 2681 1283 2708 e
1304 2666 1425 2719 meu)
1451 2680 1563 2709 casu
1584 2668 1650 2708 B:
1681 2680 1831 2709 meum

212 2738 372 2766 casum
395 2726 498 2767 dett.
560 2727 584 2765 3
606 2724 956 2777 ingemiscerem
979 2725 1002 2765 b
1062 2726 1090 2765 4
1110 2725 1357 2765 etiamnum
1383 2724 1420 2775 b,
1443 2737 1565 2765 nunc
1598 2726 1679 2766 del.
1720 2725 1831 2765 Vor-

212 2783 318 2823 seius
386 2783 410 2822 5
433 2778 642 2822 oratione
662 2779 767 2821 mea
787 2781 810 2821 b
878 2783 929 2821 12
962 2785 1180 2822 euocaret
1202 2781 1258 2833 B,
1282 2794 1356 2824 em.
1383 2795 1404 2822 e
1427 2783 1467 2822 P
1533 2784 1584 2823 13
1606 2794 1831 2823 merorem

213 2838 255 2878 B
276 2852 390 2880 corr.
415 2852 436 2879 e
458 2851 701 2880 memorem
764 2839 816 2878 15
839 2841 1052 2879 cessante
1075 2838 1252 2890 Pighius
1314 2840 1365 2879 18
1387 2838 1458 2879 his
1482 2839 1524 2878 B
1554 2835 1573 2892 Η
1603 2839 1764 2879 uultu*
1788 2839 1831 2878 B

214 2896 269 2936 20
289 2895 384 2934 Imo
406 2908 517 2936 uero
538 2895 746 2935 Foertsclz
778 2894 848 2946 II,
874 2897 929 2934 26
989 2895 1043 2935 25
1064 2895 1288 2947 Xenopon
1311 2894 1354 2934 B

327 2953 382 2992 28
404 2951 622 3002 Quintius
650 2951 695 2991 V
