1924 3152
615 90 733 176 cAP.
754 95 848 182 'v11‚
876 127 906 188 3
931 132 972 176 5.
1000 131 1041 175 6.
1067 128 1166 176 En.
1194 129 1224 190 g
1253 133 1291 177 1.
1662 124 1772 181 207

141 258 200 294 se
236 257 356 292 esse
382 236 666 292 simulauit
701 245 756 291 et
781 254 978 309 corpus
1006 256 1165 292 suum
1198 237 1585 292 trucidandum
1621 239 1771 310 equi·

0 306 3 314 ’
82 310 88 318 ’
138 310 289 367 tibus
315 310 535 365 obiecit.
584 326 780 361 uerum
806 307 1056 379 cognitus
1085 327 1119 362 a
1143 308 1332 377 Furio,
1360 308 1448 363 cui
1466 309 1767 364 Brutianae

138 381 364 437 ultionis
401 379 646 434 officium
679 378 1004 432 mandatum
1037 378 1245 447 fuerat,
1297 398 1433 434 nece
1469 399 1570 434 sua
1606 380 1769 434 amici

139 451 470 525 supplicium
506 449 773 504 discutere
807 468 916 503 non
941 450 1138 521 potuit.
1201 452 1279 504 sic
1312 451 1520 505 inuitus
1548 450 1770 506 fortuna

141 530 370 594 cogente
395 521 558 575 uixit.
1786 547 1812 582 ⁵

243 593 335 648 Ab
371 591 475 647 hoc
507 590 732 646 horrido
770 600 825 648 et
863 591 1010 646 tristi
1044 592 1340 663 pertinacis
1382 593 1659 647 amicitiae
1695 593 1769 646 ad

135 664 342 721 laetum
377 671 433 717 et
469 681 724 717 serenum
765 662 983 717 uultum
1016 672 1391 731 transeamuS,
1440 664 1768 736 atque-inde

137 754 261 789 eam
288 741 587 802 euocatam,
614 733 713 788 ubi
739 734 924 789 omnia
947 733 1209 802 lacrimiS,
1236 735 1473 806 gemitu,
1503 734 1766 789 caedibus

133 806 356 860 fuerant
379 805 612 873 referta,
639 805 699 857 in
725 824 787 860 eo
802 846 816 874 ,
846 824 952 877 quo
982 804 1200 875 dignior
1226 815 1333 873 est,
1361 805 1645 859 felicitatis
1675 805 1766 859 do-

110 876 335 931 'micilio
363 875 739 944 conlocemus,
766 876 976 946 gratia,
1014 876 1222 931 honore
1249 876 1766 931 abundantissimis·
1790 903 1835 936 10

135 967 240 1021 que
289 948 486 1019 opibus
523 946 845 1017 fulgentem.
925 965 1080 1001 orere
1125 947 1295 1017 igitur
1338 947 1408 1001 ab
1446 948 1574 1015 illa,
1626 966 1768 1019 quae

138 1028 455 1074 sanctorum
476 1019 686 1071 umbris
711 1018 894 1071 dicata
921 1037 1041 1071 esse
1064 1018 1321 1084 creditur,
1353 1019 1482 1072 sede
1509 1019 1638 1071 hinc
1656 1020 1766 1072 De-

75 1089 82 1094 “
136 1091 277 1143 cime
301 1088 478 1156 Laeli,
506 1088 657 1142 illinc
681 1089 757 1142 M.
785 1090 1054 1160 Agrippa,
1085 1088 1224 1142 alter
1249 1091 1508 1157 uirorum,
1539 1089 1767 1143 deorum

133 1161 273 1215 alter
305 1161 609 1212 maximum
646 1160 883 1212 amicum
920 1168 974 1213 et
1011 1168 1160 1213 certa
1197 1169 1380 1214 mente
1417 1168 1471 1214 et
1508 1159 1764 1214 secundis

132 1230 408 1286 ominibus
437 1230 633 1296 sortiti,
660 1238 940 1302 totumque
966 1230 1164 1285 beatae
1183 1232 1382 1286 turbae
1407 1250 1645 1301 gregem,
1674 1231 1767 1303 qui
1788 1257 1834 1290 15

128 1309 317 1356 uestro
353 1300 523 1355 ductu
557 1301 874 1355 ueneranda
899 1301 1147 1355 sincerae
1182 1302 1313 1355 fidei
1349 1303 1627 1373 stipendia
1652 1301 1765 1355 lau—

131 1373 294 1427 dibus
317 1379 372 1425 et
389 1372 652 1444 praemiis
681 1380 910 1426 onustus
931 1374 1164 1444 peregit,
1191 1373 1250 1424 in
1275 1372 1454 1427 lucem
1478 1374 1767 1428 uobiscum

127 1442 454 1515 protrahite.
513 1451 728 1498 uestros
766 1444 913 1497 enim
949 1443 1255 1498 constantis
1292 1445 1532 1513 animOS,
1575 1451 1765 1498 uestra

131 1523 356 1568 strenua
380 1515 711 1582 ministeria,
747 1522 995 1569 uestram
1020 1514 1510 1587 inexpugnabilem
1536 1515 1762 1569 tacitur—

127 1585 360 1639 nitatem
391 1604 600 1657 proque
636 1585 908 1655 dignitate
945 1592 1000 1639 et
1027 1585 1206 1640 salute
1242 1586 1544 1640 amicorum
1569 1604 1761 1657 perpe·
1786 1613 1833 1645 20

128 1662 283 1709 tuam
332 1656 781 1725 excubationem,
845 1656 1201 1711 testationem
1251 1655 1657 1711 beniuolentiae
1709 1665 1763 1710 et

82 1766 86 1770 1
127 1744 320 1780 rursus
355 1725 552 1779 harum
587 1745 772 1780 rerum
804 1726 1114 1781 uberrimos
1142 1727 1355 1781 fructus
1383 1727 1657 1798 posterior
1682 1728 1763 1779 in·

128 1806 289 1852 tuens
318 1804 470 1851 aetas
497 1796 555 1849 in
581 1796 881 1851 excolendo
908 1798 1026 1850 iure
1061 1797 1337 1851 amicitiae
1364 1815 1472 1868 qua
1497 1797 1760 1851 libentius

130 1885 240 1939 qua
266 1866 432 1921 etiam
457 1867 769 1938 religiosius
798 1867 902 1921 erit
927 1876 1170 1938 operata.

235 1942 358 1992 Ext.
391 1939 438 1992 1.
489 1938 699 1997 Haeret
733 1939 948 1991 animus
977 1939 1033 1991 in
1060 1938 1404 2006 domesticis,
1444 1938 1542 1991 sed
1577 1937 1759 1992 aliena
1782 1964 1827 1998 25

128 2026 345 2081 quoque
370 2008 665 2064 benefacta
688 2009 895 2062 referre
916 2008 1196 2063 Romanae
1221 2009 1375 2063 urbis
1405 2008 1612 2063 candor
1636 2009 1757 2062 hor-

126 2087 293 2134 tatur.
352 2080 573 2135 Damon
607 2087 663 2134 et
687 2080 963 2149 Pinthias,
999 2080 1403 2151 Pythagoricae
1429 2078 1757 2152 prudentiae

130 2213 327 2266 amicus,
371 2227 474 2260 cum
509 2213 565 2260 ad
601 2227 703 2260 eum
740 2214 1035 2260 occidendum
1061 2214 1227 2260 Furius
1265 2214 1318 2260 ab
1355 2214 1554 2260 Antonio
1591 2215 1757 2259 missus
1782 2224 1877 2259 Par.

129 2290 274 2336 esset,
311 2283 501 2331 Brutum
530 2299 578 2331 se
606 2299 708 2331 esse
735 2284 972 2331 simulauit
1009 2291 1055 2331 et
1082 2299 1252 2347 corpus
1282 2299 1414 2331 suum
1440 2284 1758 2331 trucidandum

131 2354 363 2416 equitibus
391 2354 584 2405 obiecit,
613 2356 919 2417 cognitusque
948 2371 972 2402 a
998 2356 1135 2402 Furio
1163 2357 1276 2402 uixit
1304 2356 1493 2402 inuitus.
1777 2368 1820 2400 30

236 2426 275 2471 1.
325 2425 494 2471 Damon
532 2431 577 2471 et
602 2425 804 2472 Pinthias
839 2426 1134 2487 Pythagorici
1172 2433 1263 2473 tam
1301 2425 1458 2473 fideles
1496 2428 1625 2473 amici
1663 2425 1759 2472 fue-

243 2548 268 2588 7
290 2544 418 2601 inde]
443 2548 492 2587 in
513 2547 569 2595 B,
591 2548 699 2588 hinc
719 2549 743 2588 b
803 2550 829 2588 9
852 2549 971 2600 quod
994 2549 1176 2602 dignior
1198 2542 1253 2589 B'
1318 2551 1369 2589 12
1393 2552 1518 2590 esset
1537 2542 1593 2588 B‘
1614 2546 1634 2603 Η
1654 2548 1759 2589 sed*

130 2601 174 2655 (e
205 2603 351 2655 erasa)
381 2603 490 2644 hinc
520 2603 708 2645 decimi*
737 2604 842 2644 lelli
868 2605 911 2644 B
988 2607 1040 2647 13
1070 2607 1264 2662 agripp?
1290 2606 1333 2646 B
1358 2603 1379 2659 Π
1407 2605 1606 2645 alterum
1634 2605 1758 2645 uiro·

125 2671 226 2700 rum
256 2660 280 2700 b
350 2661 404 2701 14
435 2660 633 2701 alterum
661 2661 909 2701 maximum
937 2661 1002 2709 B,
1043 2674 1118 2702 em.
1141 2663 1318 2713 Piyhius
1388 2663 1441 2702 15
1471 2661 1683 2702 omnibus
1711 2659 1756 2700 B

127 2717 181 2757 18
200 2716 406 2769 ptrahite
429 2716 484 2764 B,
518 2731 594 2757 em.
617 2718 660 2757 in
682 2717 779 2757 edd.
803 2721 904 2760 uett.
975 2717 1027 2757 21
1051 2718 1354 2759 testationem
1374 2717 1431 2769 B,
1465 2718 1756 2759 testatiorem

126 2771 164 2820 b,
193 2773 301 2826 fort.
327 2775 373 2814 et
394 2776 504 2814 test.
534 2770 552 2826 ΙΙ
581 2771 900 2814 beniuolentia
919 2773 963 2812 B
995 2771 1036 2823 (“
1061 2775 1162 2815 add.
1185 2776 1354 2815 uidetur
1374 2777 1400 2814 2
1421 2772 1521 2827 m.)‚
1551 2787 1626 2815 em.
1649 2775 1756 2826 Lip—

124 2830 213 2870 sius
279 2831 334 2871 23
366 2841 458 2882 qua
480 2852 533 2859 -—
556 2842 649 2882 qua
679 2823 735 2870 B'
763 2835 809 2870 uc
835 2831 1030 2870 uidetur:
1071 2828 1165 2882 qua
1182 2851 1238 2859 —-
1260 2829 1352 2883 qua
1371 2831 1396 2871 b
1462 2833 1516 2872 27
1546 2831 1755 2885 pinthias

126 2883 214 2926 BP
231 2883 298 2938 (ut
315 2889 412 2927 item
433 2889 579 2939 optimi
595 2889 639 2926 in
663 2886 747 2927 Cic.
772 2888 825 2927 de
847 2887 922 2939 off.
948 2888 989 2935 3,
1013 2888 1037 2938 ἕ
1060 2885 1158 2939 45);
1190 2887 1406 2930 Phintias
1428 2889 1527 2931 edd.

246 2943 300 2984 29
324 2942 590 2985 simulatum
618 2943 657 2984 V
