1872 3132
470 128 590 174 CAP.
619 128 676 179 v,
703 128 799 173 Ext.
829 127 858 186 S
887 130 925 172 1.
954 131 993 172 2.
1034 125 1339 183 V1,§1-3.
1646 117 1718 170 25

573 235 671 288 VI.
735 238 832 286 DE
864 236 1234 286 PRODIGIIS.

201 334 590 404 Prodigiorum
626 351 869 403 quoque,
917 350 1055 403 quae
1090 340 1186 383 aut
1213 331 1456 384 sec-unda
1491 339 1587 383 aut
1621 330 1715 383 ad—

92 424 256 458 uersa
281 404 626 471 acciderunt,
656 403 846 456 debita
870 403 1151 473 proposito
1180 411 1366 454 nostro
1393 401 1586 455 relatio
1614 410 1715 455 est.

205 477 252 528 1.
308 476 499 528 Seruio
528 473 740 541 Tullio,
787 473 950 526 etiam
975 482 1093 526 tum
1118 472 1375 543 puerulo,
1425 473 1715 526 dormienti

94 547 239 603 circa
274 554 440 617 caput
474 544 748 596 flammam
785 543 1073 596 emicuisse
1111 544 1536 597 domesticorum
1573 542 1714 596 oculi
1738 556 1758 588 5

92 616 517 669 adnotauerunt.
592 614 740 686 quod
790 614 1100 685 prodigium
1150 614 1293 667 Anci
1342 615 1488 684 regis
1540 614 1718 667 Marci

90 705 232 740 uxor
267 686 543 756 Tanaquil
587 685 890 753 admirata,
945 704 1106 737 serua
1149 694 1342 737 natum
1388 686 1444 736 in
1489 685 1715 738 modum

91 756 191 809 filii
219 757 479 809 educauit
506 763 561 808 et
587 756 660 808 ad
685 757 898 825 regium
924 756 1212 825 fastigium
1240 756 1444 808 euexit.

197 827 249 880 2.
299 827 491 898 Aeque
517 826 694 879 felicis
724 835 952 879 euentus
980 825 1077 879 illa
1101 826 1348 892 flamma,
1389 845 1530 897 quae
1558 845 1627 878 ex
1651 826 1715 878 L.

87 897 291 964 Marci,
355 897 510 950 ducis
563 898 795 950 duorum
846 898 1210 960 exercituum,
1273 914 1407 967 quos
1458 897 1713 951 interitus
1740 909 1780 941 10

90 968 253 1021 Publi
280 977 334 1021 et
361 967 539 1020 Gnaei
567 967 883 1037 Scipionum
918 969 974 1018 in
1000 968 1275 1038 Hispania
1310 967 1716 1034 debilitauerat‚

89 1038 267 1108 capite
295 1038 662 1091 contionantis
692 1037 881 1089 eluxit.
943 1057 1180 1109 namque
1217 1039 1333 1091 eius
1372 1047 1597 1109 aspectu
1623 1057 1717 1109 pa-

90 1109 204 1161 uidi
231 1107 412 1160 adhuc
437 1106 639 1160 milites
666 1108 955 1178 pristinam
982 1128 1306 1179 recuperare
1334 1109 1717 1162 fortitudinem

89 1179 381 1245 admoniti,
434 1186 557 1231 octo
611 1186 665 1230 et
707 1178 936 1247 triginta
979 1179 1200 1233 milibus
1245 1179 1488 1232 hostium
1539 1180 1714 1232 caesis

87 1267 397 1320 magnoque
431 1267 656 1301 numero
693 1249 751 1300 in
785 1257 1117 1319 potestatem
1153 1250 1406 1317 redacto,
1459 1251 1593 1303 bina
1630 1269 1714 1302 ca·
1740 1262 1781 1294 15

92 1328 206 1372 stra
231 1319 455 1371 Punicis
485 1319 680 1389 opibus
708 1320 915 1372 referta
942 1329 1222 1391 ceperunt.

194 1390 246 1442 3.
294 1389 434 1442 Item
461 1408 584 1441 cum
609 1388 752 1443 bello
783 1391 896 1442 acri
932 1399 985 1443 et
1013 1392 1223 1444 diutino
1252 1391 1513 1443 Veientes
1553 1410 1585 1443 a
1610 1392 1715 1443 Ro—

90 1461 266 1512 manis
294 1460 442 1512 intra
466 1460 683 1513 moenia
709 1460 956 1530 conpulsi
985 1462 1108 1533 capi
1134 1481 1244 1515 non
1270 1469 1514 1532 possent,
1545 1481 1716 1533 eaque

87 1549 241 1583 mora
279 1548 390 1582 non
423 1530 603 1582 minus
641 1530 1023 1584 obsidentibus
1052 1551 1213 1603 quam
1252 1532 1491 1585 obsessis
1529 1532 1715 1586 intole-

88 1599 277 1653 rabilis
313 1599 622 1667 uideretur,
666 1609 961 1672 exoptatae
987 1603 1253 1655 uictoriae
1288 1604 1394 1656 iter
1419 1603 1556 1656 miro
1633 1622 1715 1655 ro-
1740 1616 1781 1648 ‘20

91 1670 240 1740 digio
270 1670 327 1722 di
353 1671 686 1723 immortales
714 1672 1112 1742 patefecerunt.
1168 1674 1347 1726 subito
1375 1674 1520 1726 enim
1546 1675 1596 1726 A
1622 1675 1715 1727 ba-

87 1759 191 1792 nus
227 1740 404 1808 lacuS‚
440 1760 509 1792 ne
548 1761 615 1793 ue
654 1741 982 1796 caelestibus
1012 1752 1201 1795 auctus
1236 1744 1503 1796 imbribus
1541 1763 1717 1814 neque

87 1810 444 1862 inundatione
470 1810 527 1861 ul
550 1812 637 1862 ius
665 1812 838 1863 amnis
865 1813 1116 1880 adiutus,
1148 1812 1368 1866 solitum
1396 1815 1580 1882 stagni
1606 1834 1715 1867 mo·

91 1880 221 1932 dum
247 1881 502 1932 excessit.
555 1881 708 1933 cuius
735 1882 815 1934 rei
843 1882 1217 1953 explorandae
1243 1884 1423 1953 gratia
1448 1883 1618 1953 legati
1645 1885 1716 1936 ad

86 1950 419 2021 Delphicum
457 1951 735 2003 oraculum
762 1953 916 2005 missi
951 1953 1282 2007 rettulerunt
1319 1955 1564 2025 praecipi
1602 1974 1714 2008 sor·
1738 1968 1780 2001 26

88 2021 236 2074 tibus
262 2028 324 2072 ut
349 2039 546 2091 aquam
585 2022 700 2074 eius
728 2021 880 2075 lacus
910 2024 1164 2076 emissam
1191 2043 1288 2095 per
1324 2043 1486 2094 agros
1517 2025 1713 2077 diffun-

196 2142 236 2186 1.
283 2139 378 2184 DE
412 2138 773 2186 PRODIGIIS.
838 2142 947 2188 Cum
976 2143 1071 2189 Ser.
1103 2143 1250 2189 Tullio
1288 2150 1424 2204 caput
1462 2144 1620 2191 ardere
1646 2147 1715 2190 ui·
1739 2150 1829 2186 Par.

93 2223 189 2255 sum
228 2217 374 2261 esset,
415 2210 635 2270 Tanaquil
672 2211 890 2258 admirata
928 2220 972 2258 et
997 2220 1049 2258 ut
1075 2213 1214 2259 filium
1244 2214 1456 2260 educauit
1491 2222 1538 2261 et
1564 2215 1617 2261 ad
1644 2230 1731 2261 re-.

90 2281 213 2340 gium
250 2280 484 2340 fastigium
522 2282 685 2327 euexit.
760 2286 801 2327 2.
845 2283 895 2327 L.
923 2284 1076 2330 Marcii
1114 2285 1242 2330 ducis
1278 2299 1380 2331 cum
1418 2287 1463 2330 in
1498 2286 1712 2346 Hispania

91 2352 238 2409 capite
265 2352 386 2410 ignis
405 2351 712 2397 contionantis
741 2351 960 2399 eluxisset
979 2362 1087 2415 post
1107 2362 1298 2400 mortem
1322 2355 1515 2401 duorum
1540 2357 1713 2417 Scipio·
1737 2363 1780 2406 30,

5 2442 16 2462 -,
89 2433 197 2465 num
232 2421 381 2466 Publii
429 2427 474 2465 et
516 2421 676 2474 Gnaei,
730 2426 977 2485 resumptis
1014 2426 1175 2471 animis
1211 2426 1340 2471 miles
1389 2428 1451 2472 ita
1489 2442 1713 2487 prospere

90 2492 328 2550 pugnauit,
355 2497 407 2536 ut
432 2491 584 2536 uictor
611 2493 866 2540 exsisteret.
908 2497 948 2541 3.
976 2495 1299 2542 Obsidentibus
1319 2497 1531 2542 Romanis
1552 2498 1713 2542 Veien-

91 2566 162 2604 tes
198 2559 325 2605 lacus
351 2558 553 2605 Albanus
593 2562 743 2607 subito
773 2564 957 2610 solitum
988 2568 1138 2625 stagni
1165 2567 1350 2611 modurn
1378 2568 1598 2621 excessit,
1638 2567 1713 2612 da-

89 2635 278 2691 tumque
314 2643 587 2690 responsum
625 2631 725 2677 fore
763 2640 814 2679 ut
850 2635 888 2680 is
925 2636 1156 2686 uinceret,
1197 2638 1274 2696 qui
1313 2651 1472 2696 aquam
1502 2639 1711 2683 emissam

205 2753 231 2793 5
251 2752 562 2794 domesticorfi
585 2753 633 2794 b:
665 2754 915 2796 domestico
937 2757 1001 2806 B,
1036 2757 1275 2799 domestici
1298 2761 1400 2800 dett.
1426 2765 1466 2800 et
1489 2770 1515 2805 ς
1576 2763 1600 2802 6
1630 2774 1711 2801 an-

94 2807 155 2847 cii
174 2807 217 2848 B
284 2811 334 2849 11
357 2810 465 2862 gnei
488 2810 528 2849 B
557 2806 576 2865 ΙΙ
604 2811 866 2864 hispaniam
888 2812 930 2851 B
993 2815 1043 2854 12
1074 2814 1266 2855 *elu*xit
1296 2816 1356 2864 B,
1390 2817 1548 2857 efluxit
1567 2831 1646 2870 ⁷²²9·
1670 2817 1711 2858 B

0 2858 30 2914 {2⁷21
94 2865 147 2904 18
167 2865 347 2916 possint
367 2866 410 2905 B

0 2947 9 2956 .
207 2922 261 2961 30
281 2921 491 2962 fluxisset
517 2923 562 2962 V
