1878 3100
212 147 303 193 xiv
559 115 562 118 ⁴
855 147 1178 192 PRAEFATlo.

210 285 347 334 ribus
375 285 518 333 libris
545 285 773 348 prodit-a,
820 285 874 332 in
911 284 1090 349 quibus
1132 285 1269 350 quod
1305 286 1491 349 legitur
1524 288 1720 347 fortium
1756 292 1821 336 ex

209 358 410 403 hostium
448 362 735 419 corruptum
766 355 984 403 uidetur.
1046 355 1270 420 denique
1314 372 1493 420 parum
1532 363 1706 420 aptum
1742 365 1821 405 est

212 426 349 491 quod
373 425 435 472 ab
463 426 562 472 illis
585 424 792 473 senibus
815 426 1039 473 iuniores
1057 426 1141 473 uel
1157 420 1351 474 obsessi
1373 426 1447 474 ad
1469 442 1650 475 casus
1673 422 1778 474 suo
1794 444 1820 475 s

210 497 329 544 forti
357 496 525 543 animo
562 495 986 544 sustinendos
1024 496 1223 543 incitati
1259 512 1370 544 esse
1398 496 1651 558 feruntur3
1699 513 1818 543 nam

210 566 381 630 potius
430 571 755 629 exspectares
802 582 889 613 eos
935 565 1000 612 ad
1043 566 1217 614 hostes
1256 566 1439 614 acriter
1477 566 1818 630 depellendos

208 636 543 683 inflammatos
573 651 703 684 esse.
760 636 886 683 Pars
914 635 1088 684 horum
1115 636 1548 684 incommodorum
1573 636 1814 695 aufertur,

209 707 252 753 si
280 706 519 769 cogitaris
547 722 651 752 non
681 712 820 753 recte
848 714 1173 769 perspectum
1198 705 1380 765 uideri,
1410 706 1550 754 unde
1575 706 1818 770 repetitio

208 777 262 823 in
293 775 406 824 cod.
437 776 718 840 archetypo
746 776 946 823 initium
974 778 1184 839 ceperit.
1261 776 1314 824 Si
1343 777 1479 823 enim·
1504 776 1633 823 haec
1658 774 1821 823 uerba

210 845 643 894 consideraueris:
671 851 722 891 nt
750 851 796 892 et
820 849 911 906 ipsi
934 851 976 891 in
1004 860 1172 892 occasu
1197 860 1277 893 suo
1302 849 1589 905 splendorem
1613 851 1658 892 et
1677 861 1815 892 orna-

207 922 364 963 menta
393 919 691 976 praeteritae
715 908 842 962 uitae
867 919 1126 962 retinerent
1152 923 1196 962 el
1231 915 1372 979 plebi
1407 919 1471 963 ad
1489 917 1688 976 for-tium
1714 930 1815 962 sus-

209 989 415 1033 tinendos
438 987 579 1043 [casu
600 1001 681 1032 suo
706 989 992 1046 splendorem
1016 991 1062 1032 et
1082 992 1359 1032 ornamenta
1379 989 1674 1046 praeteritae
1693 989 1821 1032 uitae

206 1060 501 1116 retinerentJ,
547 1058 635 1104 uix
663 1055 868 1103 dubium
892 1055 1148 1103 uidebitur
1186 1057 1308 1120 quin
1330 1055 1487 1104 uerba
1512 1073 1542 1104 a
1567 1055 1714 1103 nobis
1740 1057 1816 1103 in-

209 1128 348 1175 clusa
372 1133 427 1173 ut
447 1127 578 1174 male
600 1127 821 1190 repetita
841 1125 1159 1174 secludenda
1179 1127 1297 1173 sint.
1352 1125 1627 1174 Sententia
1647 1132 1817 1173 autem

206 1197 510 1261 imperfecta
549 1196 611 1244 ob
652 1212 762 1243 eam
798 1212 999 1244 causam
1035 1195 1290 1259 probabili
1333 1196 1533 1243 ratione
1578 1211 1679 1242 non
1715 1196 1816 1242 iam

207 1274 378 1331 potest
405 1267 654 1325 resarciri,
688 1267 931 1330 quoniam
959 1266 1223 1328 ignoratur
1251 1264 1375 1329 quid
1403 1266 1508 1314 eius
1536 1265 1646 1313 loco
1677 1265 1815 1329 quod

205 1339 248 1385 B
275 1338 329 1384 in
356 1353 454 1384 ras.
482 1336 639 1383 habet
666 1339 791 1396 plebi
826 1337 879 1383 in
908 1336 1189 1399 archetypo
1219 1337 1462 1399 scriptum
1489 1335 1670 1394 fuerit,
1720 1334 1814 1382 sed

209 1413 534 1471 exspectatur
577 1406 693 1454 talis
745 1407 855 1453 fere
908 1407 1193 1454 sententia:
1241 1412 1293 1452 ut
1338 1412 1385 1452 et
1427 1409 1519 1465 ipsi
1563 1409 1611 1451 in
1646 1419 1815 1452 occasu

204 1492 286 1524 suo
311 1479 600 1537 splendorem
626 1483 671 1523 et
699 1493 738 1523 o.
761 1492 808 1536 p.
837 1493 883 1522 u.
911 1479 1165 1522 retinerent
1189 1483 1231 1522 et
1256 1477 1496 1534 [obsessis]
1533 1477 1596 1521 ad
1618 1476 1815 1522 hostium

205 1549 500 1594 sustinendos
522 1548 762 1602 [incursus
787 1550 964 1593 animos
989 1548 1213 1592 adderent
1211 1550 1254 1605 ].

279 1634 289 1637 '⁷
346 1619 429 1665 De
454 1616 623 1665 uerbis
662 1619 707 1676 3,
740 1618 784 1675 2,
817 1618 878 1663 21
928 1617 979 1673 Q.
1011 1617 1175 1663 Occius
1197 1651 1207 1662 .
1233 1652 1241 1661 .
1271 1616 1322 1671 Q.
1350 1617 1533 1661 Metello
1569 1617 1815 1661 consule

206 1691 387 1748 leycctns
411 1691 457 1734 in
476 1689 755 1747 Hispaniam
773 1689 1019 1746 profectus
1043 1687 1098 1733 in
1123 1702 1216 1733 em.
1239 1685 1353 1734 Val.
1382 1703 1433 1749 p.
1459 1687 1485 1732 7
1514 1685 1612 1731 hoc
1637 1700 1811 1732 monu-

208 1774 370 1806 eram:
402 1761 415 1784 (
432 1774 538 1804 non
567 1773 771 1821 possum
798 1756 984 1804 adduci
1010 1763 1065 1804 ut
1086 1755 1289 1804 credam
1310 1756 1608 1819 scripturam
1633 1755 1814 1800 Metello

205 1830 393 1875 consule
417 1843 592 1875 ueram
620 1843 746 1886 esse,
785 1827 871 1891 qui
899 1826 1052 1874 etiam
1077 1826 1204 1874 illud
1233 1825 1459 1873 dubitem
1484 1840 1676 1873 uerene
1703 1839 1813 1871 con-

203 1901 300 1945 sule
334 1898 547 1962 plenis
583 1898 836 1945 litteris
874 1897 1115 1960 scriptum
1140 1897 1194 1943 in
1223 1895 1479 1943 codicibus
1509 1901 1691 1942 exstet.
1736 1900 1812 1942 ut-

206 1984 419 2031 cumque
457 1974 556 2026 est,
605 1968 755 2014 lectio
794 1970 978 2013 consule
1006 1983 1068 2014 ex
1095 1965 1400 2029 compendio
1430 1978 1519 2011 eos.
1550 1980 1708 2027 praue
1735 1964 1811 2010 in-

203 2039 407 2087 tellecto
436 2044 544 2084 orta
566 2036 796 2097 uidetur,
825 2053 943 2084 nam
971 2043 1109 2084 certa
1138 2035 1346 2083 dicendi
1373 2029 1687 2082 consuetudo
1716 2034 1812 2081 hoc

203 2109 423 2172 flagitat:
463 2108 513 2163 Q.
542 2108 721 2153 Metello
748 2109 976 2153 consuli
999 2109 1178 2165 leyatzcs
1204 2109 1249 2151 in
1274 2106 1337 2150 H.
1363 2106 1630 2163 profectus,
1670 2104 1733 2149 cf.
1763 2104 1808 2162 5,

205 2180 249 2238 5,
284 2181 309 2225 1
341 2185 390 2226 et
417 2179 462 2238 5,
495 2180 538 2237 7,
573 2179 640 2224 1.’
719 2175 899 2224 Codex
923 2175 1205 2223 Bel-nensis
1246 2191 1299 2222 re
1326 2189 1449 2220 uera
1476 2189 1581 2220 non
1608 2175 1809 2232 consule,

204 2248 298 2296 sed
324 2263 446 2296 eons.
474 2247 646 2295 habet.
724 2246 878 2295 Cuius
907 2247 1123 2309 scriptor
1160 2261 1270 2292 cum
1298 2243 1479 2291 eodem
1506 2242 1810 2306 compendio

210 2319 361 2366 etiam
385 2319 440 2366 in
467 2332 578 2366 uoc.
607 2321 875 2364 consulatus
900 2317 973 2363 uti
1001 2316 1185 2373 soleat,
1232 2331 1297 2362 ne
1332 2312 1460 2360 illud
1489 2312 1696 2377 quidem
1722 2328 1823 2360 nem

205 2388 520 2452 glegendum
547 2394 654 2437 erat
674 2387 995 2435 Bernensem
1023 2388 1068 2444 8,
1100 2387 1144 2444 6,
1177 2387 1221 2443 3,
1251 2382 1338 2432 ubi
1364 2383 1600 2446 uulgatur
1622 2384 1816 2442 petendi

205 2462 493 2505 consulatum
511 2464 739 2519 poteslas,
767 2455 959 2504 habere
979 2459 1174 2516 petendi
1198 2454 1323 2501 cdn's.
1346 2459 1561 2513 potestas
1570 2472 1588 2503 ,·
1622 2453 1810 2499 rectius

207 2529 343 2576 enim
380 2528 626 2577 scribetur
664 2530 852 2588 petendi
888 2529 1150 2573 consulatus
1185 2530 1411 2585 poteslas.
1498 2521 1685 2570 Similis
1734 2528 1812 2569 est

207 2614 358 2645 causa
391 2599 490 2646 loci
526 2600 573 2657 4,
615 2600 659 2658 2,
700 2598 747 2646 5-
777 2596 851 2660 (P.
889 2598 1127 2643 Pulcher.
1161 2631 1171 2642 .
1199 2599 1245 2641 in
1281 2598 1484 2640 animum
1523 2594 1724 2648 induoez‘l,
1770 2598 1814 2637 et

196 2670 394 2714 iudicem
421 2674 466 2713 et
486 2674 755 2727 praetorem
782 2675 823 2714 el
858 2669 1019 2714 Vestae
1045 2668 1204 2713 aedem
1230 2669 1429 2719 intuens,
1466 2666 1661 2709 amicum
1687 2663 1809 2707 Len-

205 2740 293 2783 tulo
320 2734 508 2798 ayere),
549 2737 611 2784 de
651 2754 748 2801 quo
777 2739 905 2785 haec
930 2738 984 2784 in
1013 2752 1226 2784 censura
1266 2734 1348 2782 ed.
1375 2732 1585 2797 Kempf.
1625 2748 1676 2795 p.
1707 2732 1808 2778 253

207 2806 601 2854 adnotaueram:
652 2807 809 2854 ‘Hier
846 2825 948 2855 war
997 2807 1079 2855 die
1114 2806 1506 2866 Verbesserung
1540 2803 1709 2848 iudices
1743 2808 1806 2848 st.

178 2879 395 2939 „vindicem
417 2877 566 2924 ausD
588 2876 967 2936 unabweislich,
991 2878 1105 2925 weil
1122 2876 1262 2925 nicht
1283 2892 1387 2923 von
1410 2874 1577 2922 einem
1599 2870 1810 2921 Gericht
