1924 3152
171 126 279 179 284
875 131 974 176 LlB.
1017 130 1081 175 Vl.

39 288 72 296 ,
176 238 488 291 dicentem
474 257 531 288 m
557 237 699 289 hunc
733 236 957 289 modum
990 236 1338 307 interpellare
1374 237 1663 291 sustinuit.
1703 237 1784 294 Ὀ.

174 309 280 369 Iuli
309 309 537 374 Caesar,
574 326 674 377 pro
703 306 800 359 Cn.
827 308 1090 377 Pompeio
1116 307 1349 376 Magno,
1371 307 1662 388 quondam
1695 326 1784 378 ge-

172 397 302 431 nero
331 387 440 442 tuo,
467 348 537 429 in)
551 378 709 430 tertio
738 379 854 430 eius
882 379 1171 431 consulatu
1190 378 1478 448 pecuniam
1498 379 1786 449 spopondi,

175 467 280 519 quo
309 449 529 501 nomine
555 467 698 500 nunc
727 448 988 519 appellor.
1031 448 1163 519 quid
1189 449 1386 517 agam?
1427 449 1787 518 dependam'?

132 542 152 574 5
174 518 355 599 palam
383 527 546 589 atque
573 538 704 589 apel
707 527 760 570 te
787 520 835 570 ei
867 520 1135 573 bonorum
1162 519 1386 589 Pompei
1411 519 1788 572 uenditionem

173 609 238 642 ex
203 589 556 711 erobrando
583 599 644 641 ut
670 608 703 641 a
728 589 993 642 tribunali
1030 597 1463 642 summoueretur
1495 600 1786 643 meruerat

307 658 445 711 illud
481 660 603 729 ipsa
636 661 1056 713 mansuetudine
1092 660 1274 711 mitius
1311 669 1501 730 pectus
1537 679 1628 713 aes
1657 660 1786 712 alie·
1843 707 1861 725 ‚

119 762 124 767 ·
171 749 298 782 num
326 730 552 801 Pompei
580 750 647 783 ex
677 749 774 783 suo
803 731 934 783 fisco
964 730 1100 783 solui
1127 731 1302 782 iussit.

287 800 369 853 12.
411 802 558 870 Age,
589 800 917 867 Cascellius,
945 802 1030 852 uir
1056 801 1191 852 iuris
1217 798 1393 852 ciuilis
1423 801 1652 852 scientia
1677 801 1787 853 cla-

108 893 149 923 10
171 890 292 937 rus,
340 889 503 942 quam
539 871 841 952 periculose
878 873 1197 924 contumax!
1274 870 1475 922 nullius
1513 889 1670 924 enim,
1691 879 1791 924 aut

170 942 351 1012 gratia
376 950 471 993 aut
495 942 823 995 auctoritate
851 941 1081 1024 conpelli
1108 941 1284 1011 potuit
1309 950 1370 993 ut
1395 941 1462 994 de
1489 940 1674 1013 aliqua
1700 959 1789 993 ea—

169 1031 290 1064 rum
316 1031 513 1075 rerum,
542 1031 674 1093 quas
703 1013 977 1064 triumuiri
1006 1011 1295 1078 dederant,
1333 1012 1623 1064 formulam
1661 1030 1789 1065 con-

170 1092 421 1153 poneret,
459 1082 562 1136 hoc
589 1083 754 1134 animi
790 1083 993 1135 iudicio
1019 1083 1281 1134 uniuersa
1307 1101 1495 1135 eorum
1520 1082 1791 1135 beneficia

172 1161 332 1205 extra
382 1171 592 1206 omnem
645 1153 891 1206 ordinem
941 1153 1120 1222 legum
1170 1172 1398 1223 ponens.
1471 1153 1617 1206 idem
1660 1171 1784 1205 cum

106 1243 152 1275 15
168 1224 348 1275 multa
374 1223 441 1275 de
469 1233 683 1294 temp01
685 1224 807 1276 1bus
836 1225 1060 1276 liberius
1087 1223 1396 1294 loqueretur
1421 1224 1690 1294 amicique
1715 1242 1788 1275 ne

169 1294 228 1346 id
248 1293 456 1346 faceret
480 1304 794 1359 monerent,
836 1293 971 1345 duas
999 1313 1109 1359 res,
1139 1312 1277 1364 quae
1302 1294 1610 1346 hominibus
1638 1311 1784 1346 ama-

170 1365 420 1416 rissimae
446 1365 780 1427 uiderentur,
811 1383 1068 1433 magnam
1095 1365 1200 1417 sibi
1227 1363 1499 1416 licentiam
1519 1364 1785 1433 praebere

169 1434 472 1505 respondit,
505 1444 838 1487 senectutem
866 1444 919 1487 et
947 1435 1253 1487 orbitatem.

279 1509 401 1557 Ext.
446 1507 493 1556 1.
545 1506 747 1557 Inserit
783 1524 839 1556 se
876 1506 1041 1557 tantis
1077 1506 1212 1556 uiris
1257 1504 1448 1556 mulier
1491 1482 1784 1573 alienigeni

109 1596 151 1630 20
175 1575 486 1644 sanguinis,
516 1595 653 1646 quae
682 1594 714 1627 a
740 1575 1002 1645 Philippo
1022 1594 1150 1643 rege
1176 1574 1514 1627 temulento
1499 1593 1786 1626 lmmeren-

170 1653 257 1698 ter
283 1645 603 1711 damnata,
610 1663 962 1716 prouocarem
990 1645 1060 1697 ad
1087 1646 1437 1727 Philippum',
1465 1645 1642 1715 inquit
1668 1644 1785 1696 sed

173 1717 452 1769 sobrium'.
526 1717 770 1769 excussit
797 1715 1076 1786 crapulam
1104 1716 1357 1768 oscitanti
1383 1734 1447 1768 ac
1472 1715 1788 1785 praesentia

56 1837 149 1872 Par·
175 1835 405 1880 sedentem
434 1836 495 1880 ita
524 1835 857 1896 intenpellauit:
900 1834 974 1879 ²C.
1003 1835 1086 1880 Iuli
1112 1835 1300 1883 Caesar,
1336 1848 1420 1895 pro
1447 1834 1523 1879 Cn.
1551 1834 1785 1894 Pompeio,

173 1906 398 1965 quondam
426 1913 506 1950 tuo
534 1920 729 1965 genero,
768 1908 811 1950 in
841 1907 976 1951 tertio
1007 1907 1103 1950 eius
1141 1905 1380 1950 consulatu
1414 1906 1650 1964 pecuniam
1678 1918 1795 1964 spo-⁶

107 1981 149 2014 25
171 1976 336 2036 pondi,
376 1991 466 2036 quo
494 1978 679 2022 nomine
707 1991 827 2022 nunc
854 1974 1077 2036 appellor.
1130 1975 1237 2036 quid
1264 1975 1424 2033 agam?
1471 1972 1785 2034 dependam?'

172 2046 294 2106 quod
318 2053 369 2091 ut
396 2046 569 2091 audiuit
594 2047 777 2096 Caesar,
805 2061 855 2091 ex
882 2047 990 2092 fisco
1018 2060 1101 2090 suo
1129 2060 1204 2091 aes
1232 2046 1425 2090 alienum
1451 2045 1634 2104 Pompei
1662 2042 1785 2089 solui

171 2116 319 2161 iussit.
405 2119 471 2159 12.
511 2116 757 2162 Cascellius
785 2118 896 2162 iuris
935 2116 1189 2162 studiosus.
1226 2129 1325 2160 cum
1362 2115 1502 2159 multa
1530 2114 1583 2159 de
1609 2120 1783 2174 tempo·

170 2186 297 2231 ribus
334 2186 538 2232 Caesaris
572 2186 763 2232 liberius
803 2186 1094 2246 loqueretur,
1132 2185 1287 2231 amicis
1324 2199 1380 2230 ne
1415 2185 1459 2229 id
1493 2184 1662 2230 faceret
1687 2198 1785 2230 mo·

169 2256 382 2302 uentibus
418 2255 552 2302 ‘duae
579 2271 648 2301 me
676 2257 769 2301 res'
808 2257 955 2316 inquit
990 2253 1102 2301 ‘non
1132 2258 1289 2301 timere
1315 2255 1497 2305 iubent,
1538 2254 1709 2300 orbitas
1737 2262 1784 2300 et

106 2332 148 2365 30
171 2327 332 2372 aetas'.
371 2327 488 2371 idem
514 2327 638 2372 nulla
660 2329 804 2386 gratia
832 2326 1028 2387 conpelli
1056 2328 1221 2386 potuit,
1248 2334 1301 2371 ut
1330 2326 1383 2370 de
1410 2327 1474 2370 eis
1493 2325 1642 2376 rebus,
1671 2339 1787 2385 quas

169 2397 399 2443 triumuiri
425 2397 655 2447 dederant,
685 2404 966 2457 conponeret
991 2397 1257 2447 formulam,
1288 2396 1437 2442 omnia
1464 2409 1621 2441 eorum
1648 2395 1790 2441 bene—

170 2469 270 2513 ficia
297 2475 420 2513 extra
449 2469 602 2528 legum
631 2468 833 2513 ordinem
860 2481 1049 2528 ponens.

314 2542 352 2584 1.
393 2539 553 2584 Mulier
590 2539 807 2599 quaedam
843 2554 865 2584 a
894 2539 1103 2599 Philippo
1141 2551 1249 2597 rege
1287 2536 1539 2583 temulento
1576 2536 1782 2582 damnata

287 2650 308 2688 1
332 2645 410 2688 nte
434 2649 482 2687 in
503 2649 623 2688 hunc
646 2646 782 2688 modu
808 2648 850 2687 B
871 2650 914 2687 in
934 2661 1023 2689 ras.
1045 2647 1172 2687 habet
1249 2649 1274 2687 3
1295 2650 1373 2686 tuo
1395 2647 1444 2686 in
1463 2645 1540 2684 Β
1524 2659 1567 2685 m
1587 2657 1676 2684 ras
1755 2643 1786 2683 8

169 2705 371 2756 pompeii
392 2706 431 2746 lz.
454 2707 478 2746 l.
504 2705 545 2744 B
605 2707 629 2745 9
652 2705 886 2757 pascelius
909 2698 979 2751 B',
1006 2703 1246 2744 castellius
1274 2703 1319 2750 P,
1343 2702 1400 2753 ef.
1422 2703 1554 2749 8,12,
1577 2702 1602 2739 1
1652 2700 1707 2739 14
1726 2697 1782 2739 de

170 2759 468 2813 temporibus]
492 2762 594 2800 add.
610 2761 825 2801 Caesaris
848 2762 890 2800 P
907 2765 949 2801 et
969 2761 1011 2800 B
1032 2774 1111 2813 my.
1153 2762 1209 2800 20
1230 2772 1338 2811 rege
1360 2756 1516 2798 temul.
1539 2757 1788 2796 immerens

171 2814 276 2866 (sim
306 2829 397 2856 non
419 2829 598 2856 merens
620 2831 659 2856 u.
685 2820 711 2859 l.
737 2820 778 2857 in
800 2817 901 2869 ηις.)
924 2817 1142 2857 damnata
1164 2828 1246 2868 pro
1267 2815 1310 2855 B
1330 2817 1372 2854 in
1392 2826 1486 2853 ras.
1543 2814 1598 2852 22
1621 2823 1782 2863 crapu

169 2873 263 2913 lum
290 2873 512 2913 excitanti
535 2865 590 2911 B'
610 2871 628 2925 ΙΙ
649 2874 884 2925 praesenti
906 2873 960 2921 B,
983 2872 1245 2926 praesentis
1266 2871 1290 2911 b
1312 2883 1428 2910 corr.
1449 2871 1492 2908 in
1510 2867 1790 2935 praesentia.

285 2931 339 2970 27
364 2928 612 2970 cascellius
642 2930 686 2968 V
737 2931 788 2970 31
814 2927 1056 2981 dederant]
1085 2928 1416 2968 donauerantl.
1439 2940 1479 2964 u.
1503 2927 1546 2964 in
1566 2937 1644 2976 my.
1675 2923 1721 2962 V

1395 3083 1417 3102 Ο
