1924 3152
207 99 316 153 232
918 106 1019 151 LlB.
1060 106 1104 152 V.

211 221 268 265 et
292 211 510 264 Pansae
545 214 698 264 iussu
735 221 956 265 senatus
982 212 1228 280 locante,
1265 215 1358 285 qui
1393 222 1522 268 tunc
1554 214 1828 270 libitinam

211 282 569 350 exercebant,
608 300 731 334 cum
766 301 948 335 rerum
985 302 1205 336 suarum
1240 304 1400 337 usum
1439 294 1555 338 tum
1589 286 1830 340 ministe-

209 354 352 404 rium
380 370 538 403 suum
573 353 875 420 gratuitum
909 353 1139 424 polliciti
1175 363 1326 422 sunt,
1379 357 1509 426 quia
1541 357 1599 408 hi
1634 375 1733 428 pro
1769 377 1835 410 re

209 421 790 492 publicadimicantes
828 424 1170 491 occiderant,
1215 427 1699 498 perseuerantique
1733 446 1831 498 po·
1872 467 1876 470 »

167 515 188 546 5
214 491 508 546 stulatione
544 493 878 547 extuderunt
920 503 981 547 ut
1019 498 1372 566 exequiarum
1417 505 1712 567 apparatus
1749 517 1832 550 se-

213 564 402 616 stertio
424 582 643 617 nummo
663 565 797 634 ipsis
819 565 1166 635 praebendus
1193 566 1557 619 addiceretur.
1597 587 1828 637 quorum

211 633 430 686 laudem
465 634 834 705 adiecta‘lege
861 636 1111 689 condicio
1147 646 1312 706 auget
1346 638 1521 707 magis
1548 657 1707 709 quam
1737 657 1827 690 ex-

211 712 427 769 tenuat,
479 706 738 776 quoniam
788 706 1010 777 quidem
1061 716 1350 777 quaestum
1384 715 1834 778 contempserunt

213 773 348 827 nulli
376 773 470 828 alii
495 776 575 827 rei
601 795 764 846 quam
792 778 1047 847 quaestui
1073 778 1345 831 uiuentes.
1639 827 1645 833 .

148 867 189 897 ιο
319 845 462 898 Pace
499 847 743 899 cinerum
779 866 1006 900 suorum
1040 866 1197 917 reges
1237 849 1480 918 gentium
1515 856 1831 901 exterarum

213 916 514 968 secundum
552 916 698 968 hunc
733 925 846 969 tam
881 926 1252 989 contemptum
1287 937 1514 988 gregem
1547 918 1742 971 referri
1770 937 1831 971 se

209 987 507 1056 patientur,
548 989 639 1058 qui
676 995 771 1040 aut
804 1005 914 1040 non
951 988 1319 1059 adtingendus
1355 997 1451 1041 aut
1486 988 1632 1061 [non]
1670 990 1728 1040 in
1751 988 1831 1040 ul-

210 1058 344 1109 tima
379 1066 536 1127 parte
576 1058 1004 1112 domesticorum
1045 1059 1418 1131 exemplorum
1463 1059 1832 1112 conlocandus

209 1127 333 1180 fuit.
399 1128 498 1180 sed
535 1129 664 1181 dum
698 1128 915 1182 honesti
952 1131 1118 1183 etiam
1153 1131 1221 1183 ab
1257 1130 1456 1182 infimis
1486 1130 1665 1252 Pstis]
1695 1129 1829 1182 editi

148 1218 190 1249 15
213 1198 477 1250 memoria
502 1217 611 1251 non
636 1201 954 1266 intercidat,
994 1200 1122 1253 licet
1148 1209 1461 1271 separatum
1509 1219 1666 1254 ocum
1693 1200 1831 1253 obti-

210 1276 395 1335 neant,
422 1277 483 1322 ut
509 1288 610 1322 nec
635 1269 720 1321 his
750 1270 952 1322 adiecti
987 1290 1088 1324 nec
1122 1270 1231 1323 illis
1259 1270 1493 1341 praelati
1517 1270 1831 1322 uideantur.

319 1343 441 1392 Ext.
473 1342 520 1392 1.
558 1340 766 1392 Darius
793 1342 1042 1410 priuatae
1070 1341 1248 1393 adhuc
1273 1341 1552 1407 fortunae,
1591 1340 1832 1392 amiculo

213 1409 521 1480 Sylosontis
535 1410 684 1462 Sami
705 1410 1027 1479 delectatuS,
1056 1412 1350 1464 curiosiore
1371 1410 1833 1481 contemplatione

211 1479 343 1532 fecit
366 1488 430 1532 ut
453 1480 597 1534 ultro
627 1481 734 1534 sibi
761 1489 813 1533 et
841 1481 1061 1551 quidem
1090 1500 1121 1533 a
1146 1482 1345 1552 cupido
1374 1483 1612 1535 daretur.
1676 1481 1832 1533 cuius

147 1571 192 1602 ρο
214 1551 456 1603 muneris
484 1569 649 1621 quam
675 1559 834 1620 grata
872 1554 1182 1606 aestimatio
1213 1553 1390 1606 animo
1420 1553 1537 1604 eius
1565 1560 1710 1604 esset
1737 1550 1833 1602 ad-

211 1620 369 1691 lapsa
394 1639 561 1690 regno
598 1623 804 1691 potitus
842 1622 1098 1675 ostendit.
1162 1631 1336 1676 totam
1370 1640 1604 1693 namque
1639 1622 1834 1674 urbem

215 1700 268 1744 et
310 1691 545 1744 insulam
583 1692 893 1746 Samiorum
929 1693 1212 1764 Sylosonti
1244 1693 1535 1746 fruendam
1577 1691 1830 1744 tradidit.

210 1781 323 1815 non
350 1764 496 1814 enim
520 1764 758 1832 pretium
784 1765 865 1815 rei
887 1765 1269 1831 aestimatum,
1315 1763 1412 1816 sed
1449 1763 1663 1816 occasio
1698 1761 1834 1815 libe—

211 1831 447 1886 ralitatis
474 1833 742 1887 honorata
778 1842 892 1901 est,
928 1836 1213 1906 magisque
1250 1853 1282 1886 a
1307 1853 1413 1905 quo
1442 1834 1644 1887 donum
1669 1831 1835 1903 profi-

149 1921 192 1954 25
215 1903 513 1957 cisceretur
539 1923 701 1974 quam
729 1905 800 1956 ad
827 1902 987 1975 quem
1012 1906 1326 1976 perueniret
1351 1905 1652 1976 prouisum.

320 1973 371 2026 2.
410 1974 724 2027 Mitridates
763 1995 977 2045 quoque
1003 1995 1103 2028 rex
1127 1975 1416 2044 magnifice
1434 1983 1625 2043 gratus
1664 1991 1831 2043 appa-

212 2045 339 2110 ruit,
369 2045 626 2114 quoniam
652 2064 751 2114 pro
778 2045 1037 2109 Leonico,
1068 2048 1332 2098 acerrimo
1362 2044 1553 2097 salutis
1583 2062 1716 2096 suae
1742 2043 1834 2094 de-

93 2186 191 2220 Par.
218 2182 317 2220 tore
353 2175 490 2221 funus
518 2176 664 2221 Hirtio
706 2183 751 2222 et
775 2177 948 2222 Pansae
975 2176 1178 2228 locante,
1217 2178 1294 2236 qui
1323 2183 1430 2221 tunc
1455 2175 1675 2221 libitinam
1701 2189 1835 2235 prae·

215 2245 388 2297 stabat,
427 2249 671 2305 gratuitam
710 2261 894 2306 operam
931 2248 1169 2306 promisit,
1210 2249 1315 2307 quia
1350 2245 1564 2292 consules
1599 2260 1683 2305 pro
1722 2259 1756 2289 r.
1785 2260 1834 2304 p.

148 2329 192 2360 30
216 2317 553 2363 dimicauerant.
629 2322 668 2363 2.
714 2317 995 2364 Mithridates
1036 2332 1119 2378 pro
1156 2317 1376 2368 Leonico,
1417 2316 1636 2363 acerrimo
1673 2315 1835 2360 salutis

331 2455 353 2493 1
377 2454 624 2494 libitanam
647 2455 689 2494 B
757 2456 782 2495 5
806 2455 1067 2495 extulerent
1087 2455 1143 2502 B,
1177 2454 1443 2496 extulerunt
1464 2454 1488 2494 b
1555 2453 1580 2492 6
1609 2452 1831 2506 praeben-

213 2510 338 2551 tibus
360 2510 423 2557 B,
457 2524 530 2551 em.
556 2512 696 2551 Periz.
728 2508 746 2565 Η
776 2511 1084 2552 adduceretur
1104 2512 1170 2557 B,·
1201 2514 1253 2552 de
1273 2526 1340 2554 uu.
1367 2511 1552 2551 adiecta
1572 2509 1676 2562 lege
1701 2507 1835 2548 cond.

212 2581 252 2609 u.
278 2568 438 2608 emend.
461 2580 575 2608 meas
603 2569 647 2608 V
644 2570 750 2610 aler.
771 2582 815 2620 p.
840 2570 865 2607 9
936 2570 959 2608 7
982 2571 1117 2608 auset
1137 2561 1193 2607 B'
1260 2569 1286 2609 8
1317 2566 1503 2619 quidam
1524 2559 1579 2607 B'
1648 2566 1698 2604 11
1720 2565 1835 2605 ferri

213 2616 272 2663 B'
341 2625 394 2663 12
428 2625 536 2676 quia
577 2627 657 2664 aut
685 2624 708 2664 b
738 2621 756 2678 Η
803 2627 886 2664 aut
913 2625 959 2663 in
990 2625 1027 2672 b,
1060 2627 1141 2664 aut
1168 2637 1260 2665 non
1288 2625 1336 2663 in
1364 2623 1420 2672 B,
1464 2626 1544 2664 aut
1571 2622 1756 2662 nonnisi
1783 2621 1832 2659 in

215 2680 346 2726 dett.;
385 2680 441 2729 cf.
482 2681 605 2722 Vahl.
638 2694 737 2720 mus.
769 2681 887 2722 rhen.
920 2681 1004 2729 XI,
1038 2682 1121 2721 592
1206 2682 1259 2720 14
1287 2681 1472 2721 honesti
1503 2679 1644 2719 etiam
1674 2677 1732 2718 ab
1762 2677 1833 2715 in-

214 2734 348 2775 fimae
378 2737 514 2775 sortis
539 2736 654 2776 editi
675 2738 822 2789 Lips.,
854 2737 1039 2777 honesti
1061 2740 1191 2778 actus
1216 2737 1400 2778 etiamsi
1422 2737 1478 2777 ab
1500 2735 1582 2774 inf.
1607 2735 1700 2774 sint
1721 2732 1833 2772 editi

221 2791 477 2837 Torrenius;
510 2806 586 2833 nos
610 2794 721 2833 estis
744 2795 984 2834 inclusimus
1045 2794 1096 2833 18
1120 2794 1296 2833 curiore
1318 2785 1374 2832 B'
1426 2793 1477 2832 19
1495 2791 1601 2843 fort.
1626 2789 1783 2831 effecit
1807 2786 1833 2839 Η

215 2860 244 2887 a
266 2861 344 2889 om.
367 2847 410 2887 B
431 2849 474 2887 in
495 2861 583 2891 ras,
645 2851 696 2888 21
720 2851 893 2900 petitus
914 2843 971 2889 B'
1030 2852 1084 2891 23
1105 2849 1337 2891 libertatis
1359 2841 1415 2888 B'

328 2906 382 2946 29
402 2917 437 2946 r.
459 2902 520 2958 p.]
543 2905 597 2946 P.
618 2905 670 2946 R.
700 2907 744 2946 V
