1924 3152
578 90 697 136 CAR.
723 90 812 158 llll,
840 89 868 148 S
895 93 934 136 4.
963 92 1004 134 5.
1030 89 1128 135 Ext.
1157 88 1187 147 S
1215 91 1353 134 1-3,
1672 83 1777 138 297

264 203 387 251 Ext.
429 199 477 250 1.
518 196 688 250 Cuius
716 197 919 249 mentio
946 195 1078 254 mihi
1104 196 1310 249 subicit
1335 195 1485 267 quod
1511 195 1777 267 aduersus

153 270 227 323 D.
256 269 492 322 Brutum
527 267 586 319 in
611 267 886 338 Hispania
925 267 1166 336 grauiter
1202 266 1409 320 dictum
1422 275 1529 320 vest
1554 268 1778 321 referre.

154 358 283 393 nam
323 356 449 391 cum
484 337 533 391 ei
570 357 628 390 se
665 346 783 391 tota
826 356 1003 408 paene
1036 337 1327 404 Lusitania
1372 337 1678 391 dedidisset
1713 357 1779 392 ac

158 410 278 464 sola
301 410 479 479 gentis
508 408 625 460 eius
650 408 784 462 urbs
814 408 1105 478 Cinginnia
1130 408 1486 479 pertinaciter
1522 427 1673 461 arma
1697 428 1778 462 re-

155 482 377 547 tineret,
415 486 686 549 temptata
719 479 1097 550 redemptione
1125 480 1523 550 propemodum
1549 498 1658 533 uno
1685 498 1777 533 ore
1800 499 1822 534 5

153 551 349 620 legatis
375 550 537 602 Bruti
563 549 852 620 respondit
877 550 1085 602 ferrum
1114 550 1218 603 sibi
1245 569 1277 602 a
1301 550 1600 604 maioribus
1617 591 1632 618 ,
1671 569 1778 622 quo

151 622 346 675 urbem
371 628 682 687 tuerentur,
718 639 827 674 non
854 639 1047 673 aurum
1064 661 1078 687 ,
1107 640 1214 692 quo
1241 620 1556 674 libertatem
1583 622 1653 676 ab
1681 624 1777 674 im-

151 700 408 774 peratore
435 709 604 744 auaro
634 700 893 758 emerent,
920 691 1190 744 relictum.
1242 691 1435 744 melius
1464 691 1580 744 sine
1610 693 1776 746 dubio

153 762 305 816 istud
344 762 522 816 nostri
559 762 841 831 sanguinis
880 762 1126 816 homines
1167 761 1441 815 dixissent
1481 781 1644 834 quam
1684 782 1789 815 au·-

154 834 380 891 dissent.
477 855 496 901 ,⁴
1796 854 1840 886 10

259 903 314 955 2.
337 902 465 956 -Sed
490 902 612 956 illos
642 903 862 973 quid'em
888 911 1087 955 natura
1123 904 1181 955 in
1206 903 1340 955 haec
1365 904 1657 973 'grauitatis
1685 923 1776 956 ue-

155 974 322 1044 stigia
359 972 616 1040 deduxit,
664 972 918 1027 Socrates
956 982 1165 1039 autem,
1214 975 1460 1027 Graecae
1496 976 1779 1027 doctrinae

153 1043 522 1097 clarissimum
559 1043 834 1112 columen,
883 1062 1004 1096 cum
1039 1044 1273 1102 Athenis
1310 1063 1534 1097 causam
1571 1045 1779 1099 diceret

155 1114 639 1184 defensionemque
666 1115 715 1166 ei
732 1114 933 1185 Lysias
962 1133 994 1166 a
1021 1134 1078 1167 se
1106 1115 1459 1186 conpositam,
1489 1134 1596 1186 qua
1614 1117 1672 1168 in
1697 1116 1777 1169 iu-

154 1185 298 1238 dicio
322 1192 588 1251 uteretur,
617 1186 925 1252 recitasset,
955 1186 1249 1238 demissam
1273 1194 1326 1239 et
1348 1185 1670 1256 supplicem,
1697 1188 1776 1238 in-
1800 1206 1845 1239 15

152 1256 385 1308 minenti
432 1254 709 1326 procellae
760 1255 1264 1324 adcommodatam,
1327 1263 1342 1286 ς
1360 1258 1547 1308 aufer'
1600 1257 1780 1327 inquit

157 1332 171 1355 ‘
215 1343 384 1379 uaeso
410 1326 598 1379 istam:
641 1344 769 1378 nam
808 1344 907 1395 ego
936 1328 982 1379 si
1009 1326 1210 1379 adduci
1235 1345 1457 1397 possem
1482 1336 1544 1381 ut
1575 1346 1692 1380 eam
1719 1328 1778 1380 in

153 1345 354 1450 ucitima
379 1397 448 1450 Sc
490 1397 637 1450 thiae
667 1396 962 1450 solitudine
998 1416 1341 1468 perorarem,
1380 1407 1499 1451 tum
1533 1417 1620 1451 me
1657 1399 1776 1469 ipse

153 1476 328 1521 morte
353 1485 446 1519 mu
470 1467 700 1520 tandum
737 1468 1132 1521 concederem’.
1210 1469 1463 1539 spiritum
1499 1477 1776 1539 contemp-

155 1538 243 1604 sit,
270 1556 339 1590 ne
366 1546 576 1590 careret
601 1538 897 1607 grauitate,
925 1538 1224 1609 maluitque
1248 1540 1499 1592 Socrates
1529 1539 1777 1608 extingui
1801 1560 1845 1591 20

154 1625 319 1678 quam
341 1607 542 1678 Lysias
572 1626 634 1660 su
677 1627 875 1661 eresse.

262 1678 311 1731 3.
353 1677 608 1744 Quantus
672 1678 722 1729 ic
747 1679 806 1729 in
834 1679 1131 1749 sapientia,
1159 1687 1346 1732 tantus
1375 1679 1434 1730 in
1460 1681 1625 1732 armis
1648 1679 1774 1732 Ale-

259 1813 298 1855 1.
318 1810 486 1855 Brutus
507 1824 610 1855 cum
634 1819 774 1856 totam
796 1824 938 1871 paene
950 1811 1228 1857 Lusitaniam
1241 1812 1487 1857 uicissetet
1503 1812 1599 1857 sola
1621 1813 1770 1870 gentis
1796 1810 1892 1845 Par·

153 1882 251 1927 eius
279 1880 391 1926 urbs
419 1879 658 1941 Cinginnia
686 1896 806 1927 arma
834 1884 1067 1931 retineret,
1096 1882 1246 1927 fertur
1272 1882 1436 1941 legatis
1463 1883 1772 1942 respondisse,
1837 1908 1846 1913 ›

122 2004 125 2006 ,
155 1950 241 1996 sibi
277 1951 447 1996 ferrum
476 1966 500 1997 a
525 1952 794 2003 maioribus,
837 1967 925 2012 quo
956 1966 1003 1997 se
1034 1958 1240 1998 tueretur
1267 1952 1443 2003 datum,
1483 1967 1575 1998 non
1614 1967 1772 1998 aurum
1798 1961 1840 1993 25
1872 1969 1880 1971 -

149 2035 239 2082 quo
267 2021 581 2068 redimeretur.
657 2027 696 2068 2.
738 2022 946 2079 Socrates
972 2037 1075 2069 cum
1112 2023 1232 2083 apud
1256 2023 1558 2069 Athenienses
1596 2038 1776 2069 causam

149 2091 356 2138 dicturus
385 2100 507 2138 esset
534 2093 938 2154 defensionemque
965 2095 1004 2139 ei
1029 2094 1186 2153 Lysias
1213 2108 1236 2139 a
1265 2108 1313 2139 se
1343 2088 1626 2154 conpositam
1663 2096 1776 2140 reci-

149 2168 307 2214 tasset,
338 2177 425 2222 qua
451 2164 498 2208 in
524 2163 690 2209 iudicio
719 2171 940 2215 uteretur,
971 2164 1222 2224 supplicem
1244 2179 1295 2210 ac
1315 2164 1570 2215 demissam,
1601 2165 1772 2211 ‘auser'

153 2234 301 2292 inquit
328 2231 518 2293 ‘quaeso
548 2233 704 2279 istam:
746 2249 847 2280 nam
876 2248 960 2294 ego
990 2237 1026 2280 si
1056 2235 1214 2280 adduci
1241 2249 1438 2295 possem,
1478 2243 1530 2280 ut
1558 2250 1609 2282 ea
1635 2237 1691 2286 in
1708 2236 1776 2280 ul-

150 2303 258 2346 tima
288 2301 471 2362 Scythia
497 2316 784 2363 perorarem,
821 2312 918 2349 tum
945 2319 1016 2350 me
1044 2308 1142 2364 ipse
1182 2312 1329 2350 morte
1356 2306 1640 2352 multandum
1668 2320 1774 2351 con·
1798 2313 1841 2345 30

155 2371 399 2417 cederem’.
475 2374 514 2415 3.
554 2373 807 2419 Alexander
842 2374 912 2419 his
940 2375 1100 2433 fugato
1136 2376 1290 2425 Dario,
1339 2390 1439 2420 cum
1485 2377 1522 2420 is
1560 2378 1601 2421 ei
1638 2375 1774 2422 filiam

274 2496 294 2534 1
340 2493 554 2534 subiacet
574 2494 617 2534 B
696 2498 721 2536 3
754 2495 960 2536 dedisset
982 2496 1024 2536 B
1102 2498 1130 2536 4
1168 2496 1406 2549 cinginnia
1428 2497 1470 2536 B
1494 2500 1518 2536 1
1540 2511 1589 2537 m.
1613 2510 1728 2538 corr.
1752 2511 1774 2538 e

152 2550 359 2590 cinninia
419 2552 442 2591 7
466 2553 688 2600 tueretur,
712 2564 802 2591 non
825 2565 985 2591 aurum
1009 2565 1096 2603 quo
1119 2552 1420 2592 redimeretur
1442 2555 1483 2593 P
1539 2555 1564 2593 9
1585 2553 1711 2593 istud
1731 2554 1774 2594 B

150 2619 265 2647 corr.
291 2620 312 2646 e
334 2610 429 2646 stut
455 2606 553 2659 (sic)
575 2603 594 2661 Η
617 2606 813 2647 hominis
833 2607 876 2647 B
939 2609 990 2649 13
1013 2607 1216 2648 dicturus
1241 2612 1365 2649 esset
1388 2611 1482 2651 eod.
1511 2609 1660 2651 Cauch.
1684 2612 1779 2650 etP

154 2663 206 2703 15
228 2661 462 2703 dimissam
488 2667 533 2703 et
555 2663 811 2716 subplicem
831 2658 885 2703 B'
906 2660 925 2716 l}
945 2665 1236 2715 inminentiq.
1260 2665 1282 2704 b
1334 2666 1385 2704 17
1409 2678 1508 2706 eam
1530 2666 1598 2705 B:
1631 2679 1686 2707 ea
1707 2666 1774 2706 Pb

154 2718 208 2758 18
230 2720 410 2771 scytiae
433 2719 476 2759 B
555 2722 606 2759 21
651 2720 795 2772 Lysia
816 2721 1047 2774 Dionysius
1069 2722 1121 2761 de
1143 2721 1307 2773 Bur90,
1327 2721 1433 2772 fort.
1463 2722 1637 2774 Lysiae
1662 2723 1772 2762 arti-

150 2773 260 2825 bus3
293 2777 511 2817 lectionem
531 2777 700 2828 Lysias
730 2778 1097 2829 interpretantur:
1138 2779 1198 2817 ita
1220 2779 1365 2818 uiuere
1386 2783 1432 2818 ut
1452 2779 1611 2832 Lysias
1632 2781 1674 2819 in
1695 2781 1777 2819 tali

150 2842 253 2870 casu
271 2833 454 2873 uioeisset
1702 2828 1720 2842 ⁸

260 2888 314 2927 23
340 2892 386 2928 et
408 2890 559 2929 addidi
617 2890 672 2928 24
692 2891 826 2928 malim
848 2889 1020 2942 legatis
1043 2890 1141 2930 eius
