1924 3152
218 124 322 176 238
911 126 1028 172 ΗΒ.
1065 126 1115 171 V.

219 236 365 305 finge
392 241 767 286 accusatorem
801 232 917 285 eius
953 231 1176 286 fortuna
1210 232 1434 304 publica
1481 235 1539 286 in
1572 233 1834 306 supplicis

218 324 415 358 nomen
441 322 763 357 conuersum
788 310 901 355 tam
926 301 1230 357 luctuosam
1255 302 1406 356 illam
1424 323 1584 376 opem
1602 306 1834 374 genibus

218 375 482 427 adnixum
508 392 710 442 orasse,
738 373 1031 426 crudeliter
1055 381 1238 427 tamen
1258 375 1510 445 repulsus
1538 376 1834 444 uideretur,

218 446 345 516 quia
383 445 553 498 etiam
634 464 734 498 uos
771 444 1003 497 iniuriae
1036 444 1241 497 inuisos
1275 444 1511 511 faciunt,
1562 447 1835 515 gratiosos

175 534 194 565 5
219 516 472 568 miseriae
498 516 596 568 red
639 524 754 569 unt.
801 534 993 568 uerum
1021 514 1283 567 Sextilius
1310 534 1419 570 non
1445 524 1833 584 accusatorem,

219 586 315 639 sed
340 594 630 657 patronum
658 586 1014 638 saeuissimae
1039 586 1247 637 inimici
1270 586 1562 639 uiolentiae
1584 587 1696 639 suis
1722 606 1834 639 ma-

215 657 376 710 nibus
400 657 620 723 obiecit,
644 657 689 708 si
708 664 855 709 metu
875 656 1085 723 mortis,
1107 657 1223 709 uita
1239 656 1515 727 indignUS,
1538 658 1584 709 si
1604 658 1833 728 praemii

217 746 329 798 spe,
359 727 715 797 dignissimus
742 734 933 780 morte.

321 826 374 879 4.
413 826 524 879 Sed
558 834 621 879 ut
666 824 738 877 ad
781 825 948 877 alium
994 832 1420 877 consentaneum
1461 824 1588 877 huic
1631 825 1688 877 in
1727 826 1835 878 rati

102 919 104 950 ῑ
155 916 195 947 10
222 897 392 948 animi
442 908 626 949 actum
675 896 1080 965 transgrediar,
1130 894 1206 947 M.
1237 894 1426 949 Cicero
1467 894 1527 948 C.
1554 895 1695 966 Popi
1719 896 1833 946 ium

213 968 531 1034 Laenatem,
559 967 793 1019 Picenae
818 966 1075 1035 regioniS,
1102 973 1302 1035 rogatu
1325 965 1402 1018 M.
1426 965 1578 1019 Caeli
1603 984 1710 1019 non
1735 966 1834 1017 mi-

214 1056 346 1091 nore
373 1057 507 1090 cura
570 1056 696 1089 uam
732 1037 1043 1108 eloquentia
1079 1035 1353 1104 defendit,
1401 1055 1630 1106 eumque
1666 1054 1834 1089 causa

214 1108 510 1160 admodum
574 1108 707 1161 ubia
726 1107 1082 1160 fluctuantem
1110 1107 1327 1159 saluum
1353 1106 1424 1159 ad
1450 1115 1675 1178 penates
1704 1124 1828 1159 suos

212 1179 439 1231 remisit.
502 1178 589 1231 hic
609 1178 858 1249 Popilius
886 1186 1102 1248 postea,
1141 1195 1240 1229 nec
1266 1196 1324 1230 re
1359 1196 1460 1230 nec
1483 1177 1656 1231 uerbo
1685 1196 1717 1230 a
1744 1176 1830 1229 Ci-

153 1268 192 1300 15
216 1267 411 1303 cerone
436 1249 618 1302 laesus
625 1289 639 1316 ,
667 1249 811 1301 ultro
832 1248 908 1300 M.
923 1248 1227 1300 Antonium
1251 1248 1468 1316 rogauit
1493 1255 1555 1300 ut
1579 1247 1651 1300 ad
1676 1246 1831 1299 illum

213 1321 581 1390 proscriptum
624 1319 1062 1389 persequendum
1099 1325 1152 1369 et
1186 1317 1546 1386 iugulandum
1589 1318 1830 1369 mittere-

212 1400 329 1457 tur,
387 1390 784 1461 inpetratisque
835 1386 1176 1441 detestabilis
1238 1387 1530 1440 ministerii
1579 1388 1830 1459 partibus

213 1461 417 1530 gaudio
468 1459 721 1513 exultans
759 1459 1007 1511 Caietam
1052 1459 1292 1510 cucurrit
1338 1466 1391 1510 et
1414 1459 1622 1524 uirum,
1673 1459 1830 1510 mitto

213 1530 363 1602 quod
388 1530 759 1601 amplissimae
782 1529 1087 1598 dignitatis,
1115 1536 1258 1580 certe
1285 1528 1626 1582 salubritatis
1648 1527 1831 1580 studio

149 1619 190 1652 20
252 1601 546 1654 raestantis
574 1600 742 1653 officii
777 1600 1035 1670 priuatim
1071 1599 1179 1651 sibi
1218 1598 1622 1666 uenerandum,
1675 1599 1829 1667 iugu-

211 1621 326 1724 fum
350 1673 615 1742 praebere
640 1671 820 1737 iussit,
862 1689 924 1722 ac
951 1669 1201 1740 protinus
1229 1677 1394 1739 caput
1418 1669 1696 1722 Romanae
1725 1668 1831 1720 elo-

213 1743 470 1814 quentiae
498 1750 551 1795 et
575 1742 728 1812 pacis
750 1740 1113 1793 clarissimam
1133 1740 1418 1792 dexteram
1440 1758 1539 1810 per
1562 1757 1831 1791 summum

214 1823 267 1866 et
293 1832 542 1866 securum
570 1813 744 1864 otium
769 1811 1090 1881 amputauit,
1122 1829 1292 1880 eaque
1318 1812 1534 1862 sarcina
1553 1818 1830 1880 tamquam
1854 1861 1858 1864 .

214 1884 410 1954 opimis
450 1903 473 1935 s
518 1883 638 1935 oliis
677 1884 857 1934 alacer
892 1882 949 1934 in
984 1882 1177 1934 urbem
1210 1899 1464 1933 reuersus
1492 1888 1591 1932 est.
1653 1897 1831 1950 neque

150 1973 191 2005 25
216 1955 361 2007 enim
388 1903 679 2007 scefestum
698 1952 937 2023 portanti
965 1970 1099 2005 onus
1129 1952 1396 2003 succurrit
1420 1950 1558 2002 illud
1585 1969 1642 2002 se
1668 1959 1832 2020 caput

214 2026 372 2090 ferre,
402 2024 547 2094 quod
573 2041 667 2093 pro
695 2024 872 2093 capite
900 2023 1014 2074 eius
1042 2021 1317 2091 quondam
1342 2029 1712 2091 perorauerat.
1751 2021 1830 2070 in-

213 2094 434 2148 ualidae
461 2094 532 2146 ad
557 2094 661 2146 hoc
686 2101 990 2145 monstrum
1012 2090 1418 2160 suggillandum
1443 2090 1674 2157 litterae,
1702 2108 1830 2160 quo-

98 2270 190 2305 Par.
218 2270 301 2302 suo
329 2268 498 2316 poenas
524 2254 754 2315 pependit.
806 2257 847 2297 4.
875 2252 1028 2298 Cicero
1057 2252 1101 2296 C.
1129 2252 1350 2311 Popilium
1376 2251 1614 2298 Laenatem
1634 2250 1831 2297 Picentis

214 2328 419 2387 regionis
455 2328 500 2371 in
537 2325 703 2371 iudicio
740 2324 954 2369 defendit.
1005 2322 1078 2368 hic
1103 2321 1305 2382 Popilius
1332 2328 1517 2382 postea,
1553 2335 1636 2367 neo
1662 2335 1711 2371 re
1746 2335 1829 2366 nec

150 2409 191 2441 30
215 2397 355 2443 uerbo
394 2411 417 2442 a
445 2397 660 2442 Cicerone
696 2396 871 2446 laesus,
907 2393 1030 2439 ultro
1067 2392 1123 2437 M.
1160 2393 1408 2438 Antonium
1444 2391 1654 2453 rogauit,
1690 2399 1742 2437 ut
1775 2392 1829 2436 ad

214 2467 342 2514 illum
387 2468 696 2528 proscriptum
741 2464 1106 2526 persequendum
1153 2466 1434 2514 mitteretur,
1483 2464 1831 2523 impetratisque

214 2538 498 2585 detestabilis
535 2537 779 2583 ministerii
816 2536 1026 2596 partibus
1052 2534 1250 2581 Caietam
1285 2535 1424 2595 petit,
1464 2532 1596 2581 etibi
1622 2533 1828 2592 iugulum

216 2610 298 2655 sibi
335 2610 551 2670 praebere
589 2611 764 2654 iussum
799 2607 1059 2653 Ciceronem
1098 2605 1320 2664 gestiente
1357 2618 1573 2650 mucrone
1609 2603 1828 2649 confodit.

331 2762 351 2800 1
384 2760 626 2813 suppliciis
648 2760 690 2799 B
750 2761 774 2798 2
796 2757 892 2799 tarh
920 2758 962 2797 B
1021 2758 1048 2796 4
1083 2758 1193 2808 quia
1216 2757 1356 2796 etiam
1377 2756 1419 2795 B
1441 2768 1554 2796 corr.
1578 2767 1600 2794 e
1623 2753 1826 2804 quietam

217 2821 238 2858 7
262 2818 479 2870 praemiis
501 2817 543 2855 B
565 2822 663 2856 ante
684 2829 772 2856 ras.
836 2817 885 2854 11
910 2814 1110 2866 picentis
1131 2814 1172 2853 P
1237 2814 1290 2852 14
1310 2811 1511 2864 pupilius
1532 2811 1568 2850 B
1629 2811 1680 2850 19
1702 2809 1827 2849 salu-

215 2874 399 2914 britatis
421 2875 469 2914 b:
501 2872 768 2912 salubritati
789 2871 852 2920 B,
894 2870 1069 2911 salubri
1092 2871 1168 2909 Fr.
1190 2869 1425 2916 Fabricius,
1446 2869 1586 2919 possis
1607 2868 1730 2907 etiam
1752 2879 1826 2907 sa-

213 2930 337 2971 lubri
354 2930 522 2971 salutis
544 2928 695 2969 studio
756 2930 810 2968 27
833 2926 1127 2980 suggillande
1150 2919 1205 2965 B'

651 3120 698 3152 ,ἔξ
