1936 3120
690 67 924 164 cAprv,
963 111 1159 172 §1—5.
1635 108 1742 162 423

109 220 189 275 ad
239 220 393 272 cuius
435 219 656 290 generis
710 218 895 272 officia
947 219 1305 291 expromitur.
1392 227 1614 290 gratum
1657 238 1741 273 or-

119 291 328 357 dinem,
373 291 467 361 qui
500 289 856 342 utilissimum
890 290 971 342 rei
1004 289 1257 360 publicae
1291 299 1599 344 senatorem
1624 298 1742 344 tan-

119 369 238 415 tum
263 379 377 415 non
402 378 616 430 semper
641 378 827 412 secum
852 360 1101 413 habitare
1127 359 1327 428 uoluit,
1364 362 1614 415 omnibus
1642 381 1741 414 nu-

115 432 280 485 meris
323 431 548 496 uirtutis
595 429 822 483 diuitem
866 431 1152 501 magisque
1194 450 1290 485 suo
1334 433 1530 485 merito
1576 450 1741 503 quam

116 503 371 556 fortunae
390 500 657 555 beneficio
679 518 956 570 magnum,
977 501 1131 553 cuius
1154 502 1305 572 prius
1326 501 1553 556 consilio
1576 521 1739 573 quam
1761 525 1784 559 5

113 571 390 643 Scipionis
417 571 646 642 imperio
675 570 855 624 deleta
879 572 1165 641 Karthago
1194 581 1293 626 est.

224 643 274 695 3.
318 641 526 694 Rarum
562 643 839 711 specimen
872 641 1095 695 honoris
1132 648 1185 695 2'72
1226 643 1480 714 Scipione
1525 661 1739 714 quoque

117 712 322 765 Nasica
349 712 615 766 oboritur.
679 713 794 765 eius
822 731 1056 783 namque
1085 714 1338 766 manibus
1367 723 1421 767 et
1446 714 1738 784 penatibus

116 782 360 835 nondum
395 783 675 853 quaestori
719 791 940 836 senatus
986 783 1175 854 Pythii
1211 785 1262 836 A
1305 783 1485 837 ollinis
1530 784 1741 837 monitu

117 854 442 906 Pessinunte
463 853 786 912 accersitam
808 854 966 906 deam
989 855 1169 924 excipi
1187 872 1257 906 uo
1280 855 1378 921 uit,
1401 856 1530 925 quia
1549 855 1739 907 eodem
1763 879 1805 911 ιο

115 922 337 976 oraculo
383 931 738 994 praeceptum
782 932 901 977 erat
944 931 1006 976 ut
1050 926 1183 976 haec
1229 925 1536 977 ministeria
1578 925 1740 976 matri

117 994 283 1047 deum
310 1013 342 1046 a
369 994 714 1048 sanctissimo
736 995 856 1048 uiro
874 1001 1300 1065 praestarentur.
1353 995 1570 1065 explica
1594 1003 1739 1048 totos

119 1065 321 1132 fastos,
351 1064 622 1118 constitue
650 1082 834 1117 omnes
864 1083 1054 1117 currus
1083 1065 1439 1136 triumphales
1456 1106 1470 1132 7
1497 1064 1634 1117 nihil
1661 1073 1739 1117 ta-

116 1154 242 1188 men
268 1153 482 1188 morum
507 1135 823 1205 principatu
850 1135 1149 1206 speciosius
1178 1137 1438 1206 reperies

223 1206 276 1258 4.
317 1205 568 1263 Tradunt
595 1205 829 1258 subinde
857 1207 1013 1259 nobis
1052 1215 1372 1259 ornamenta
1409 1225 1507 1258 sua
1533 1206 1738 1275 Scipio-
1763 1229 1804 1262 15

115 1294 214 1329 nes
257 1276 730 1328 conmemoranda.
808 1276 1181 1328 Aemilianum
1222 1277 1366 1329 enim
1399 1275 1632 1346 populus
1670 1294 1742 1328 ex

114 1345 413 1400 candidato
441 1345 738 1398 aedilitatis
768 1345 1045 1399 consulem
1084 1347 1234 1399 fecit.
1312 1347 1571 1413 eundem,
1617 1365 1741 1398 cum

114 1416 447 1487 quaestoriis
476 1417 710 1469 comitiis
738 1417 1072 1485 suffragator
1100 1417 1167 1483 Q.
1195 1417 1334 1470 Fabi
1353 1417 1603 1484 Maximi,
1631 1416 1741 1468 fra-

118 1488 217 1540 tris
255 1486 380 1553 filii,
417 1487 475 1538 in
511 1506 765 1558 campum
793 1487 1198 1555 descendisset,
1237 1487 1514 1540 consulem
1542 1488 1741 1539 iterum

117 1557 360 1610 reduxit.
437 1556 614 1609 eidem
649 1566 872 1610 senatus
910 1558 996 1610 bis
1034 1558 1151 1610 sine
1197 1566 1342 1610 sorte
1379 1557 1739 1628 prouinciam,
1764 1581 1805 1612 20

117 1627 271 1698 prius
300 1626 576 1693 Africam,
614 1627 812 1680 deinde
839 1628 1169 1698 Hispaniam
1204 1628 1381 1693 dedit,
1415 1636 1579 1698 atque
1604 1628 1741 1679 haec

117 1715 294 1768 neque
322 1697 429 1748 ciui
455 1697 747 1750 ambitioso
770 1715 928 1762 neque
942 1704 1171 1762 qratioso
1199 1698 1456 1764 senatori,
1485 1697 1740 1767 quemad-

119 1768 344 1821 modum
388 1784 498 1818 non
541 1768 717 1820 solum
754 1767 901 1820 uitae
938 1769 1053 1820 eius
1100 1768 1480 1820 seuerissimus
1529 1785 1756 1833 cursuss

115 1838 218 1891 sed
244 1839 411 1890 etiam
436 1856 581 1891 mors
610 1836 966 1890 clandestinis
993 1837 1163 1890 inlata
1182 1838 1395 1890 insidiis
1420 1836 1736 1889 declarauit.

225 1907 563 1961 &Marcum
607 1925 820 1978 quoque
864 1907 1149 1960 Valerium
1195 1907 1406 1960 duabus
1451 1907 1616 1959 rebus
1661 1907 1739 1957 in-
1763 1929 1807 1962 25

116 1979 369 2049 signibus
417 1978 473 2030 di
510 1978 717 2048 pariter
755 1986 919 2048 atque
961 1978 1106 2030 ciues
1145 1979 1451 2049 speciosum
1487 1977 1738 2029 reddide-

120 2142 196 2202 pio
233 2140 392 2186 Nasica
428 2138 582 2185 Matris
620 2153 810 2199 magnae
847 2139 1138 2184 simulacrum
1173 2138 1379 2184 manibus
1416 2139 1510 2183 suis
1549 2138 1736 2197 excepit.
1762 2139 1857 2173 Par.

118 2225 225 2257 cum
259 2211 425 2271 Apollo
476 2211 730 2255 monuisset
777 2216 827 2254 ut
863 2210 951 2255 hoc
996 2211 1301 2255 min1sterium
1338 2209 1390 2254 ab
1428 2210 1600 2268 optimo
1638 2208 1739 2252 uiro

123 2287 450 2341 praestaretur.
504 2284 543 2325 4.
585 2280 845 2340 Scipionem
874 2281 1170 2326 Aemilianum
1198 2280 1395 2340 populus
1424 2293 1476 2324 ex
1504 2278 1739 2324 candidato

122 2351 332 2396 aedilicio
361 2350 594 2396 consulem
623 2350 744 2395 Fecit.
798 2350 943 2395 eidem
971 2358 1155 2395 senatus
1181 2350 1251 2395 his
1279 2352 1376 2395 sine
1404 2355 1527 2394 sorte
1554 2349 1740 2408 prouin·
1763 2361 1805 2394 30

121 2422 254 2471 ciam,
282 2421 408 2480 prius
435 2419 653 2470 Africam,
683 2420 844 2465 deinde
870 2420 1131 2480 Hispaniam
1158 2420 1297 2464 dedit.
1371 2423 1413 2462 5.
1454 2419 1508 2463 M.
1535 2418 1740 2462 Valerius

123 2571 378 2625 superioris
401 2570 594 2611 Catonis
626 2569 819 2623 effigiei,
851 2568 972 2609 unde
1005 2569 1062 2609 ad
1094 2570 1190 2610 eius
1213 2582 1254 2622 g.
1285 2574 1391 2613 ete.,·
1430 2570 1522 2620 ipse
1553 2569 1738 2607 tentauz':

122 2628 352 2681 superiori
377 2626 559 2677 Catoni,
583 2626 713 2666 cuius
738 2625 917 2678 effigies
939 2625 1072 2666 illinc
1097 2625 1154 2665 ad
1175 2625 1308 2664 huius
1330 2637 1372 2678 g.
1395 2637 1433 2664 ο.
1459 2637 1559 2677 exp.
1602 2626 1627 2664 3
1645 2635 1741 2662 mu-

124 2685 253 2725 neris
275 2678 330 2724 B'
400 2685 422 2724 7
444 2683 763 2735 Rarusz‘ylz.
783 2682 903 2722 libri:
935 2682 1102 2722 Rerum
1124 2681 1180 2729 B,
1205 2681 1370 2721 Verum
1393 2680 1415 2720 b
1436 2676 1455 2734 Η
1476 2681 1523 2720 in
1545 2679 1567 2719 b
1589 2681 1631 2719 in
1652 2692 1740 2731 my:

122 2743 205 2783 o‘m.
230 2741 285 2788 B,
311 2754 337 2781 a
360 2749 387 2784 ς
465 2741 490 2779 9
521 2739 756 2791 quaestori
777 2738 819 2778 B
842 2739 888 2787 (i.
912 2751 948 2778 e.
973 2737 1271 2789 quaestorii):
1305 2736 1562 2788 quaestoris
1584 2736 1607 2776 b
1690 2737 1740 2776 10

125 2796 388 2851 pessinunti
410 2795 451 2835 B
471 2792 490 2849 Η
513 2807 688 2836 accers.
711 2799 904 2835 matrem
927 2793 1114 2835 Idaeam
1131 2793 1415 2834 Kellerbauer
1435 2794 1529 2834 coll.
1553 2793 1649 2832 Liu.
1665 2793 1741 2842 34,

127 2855 171 2901 3,
195 2855 221 2894 8
283 2854 333 2892 11
355 2852 443 2892 hae
467 2844 521 2892 B'
584 2853 635 2891 17
659 2850 876 2891 aedilicio
898 2851 940 2890 P
1003 2852 1057 2890 20
1077 2850 1263 2891 bissene
1286 2843 1341 2889 B'
1400 2851 1454 2890 22
1477 2860 1624 2900 neque
1651 2847 1744 2887 ciui

125 2922 278 2962 neque
302 2909 546 2950 ambitioso
569 2908 591 2948 b
612 2903 632 2962 Η
653 2919 798 2960 neque
824 2906 1027 2959 gratioso
1048 2908 1259 2959 suppleuit
1281 2905 1448 2958 Kempf
