1878 3132
618 141 738 186 CAP.
766 141 858 190 vu,
900 140 994 186 En.
1025 141 1053 199 g
1082 143 1220 185 3—6.
1658 133 1725 184 41

104 258 294 319 strage
319 257 563 302 uastaret
588 249 959 318 inusitatoque
986 246 1128 300 malo
1155 248 1368 316 regium
1394 246 1728 317 inploratum

110 330 255 374 esset
279 318 572 384 auxilium,
609 317 753 370 filius
781 337 812 369 a
838 327 995 388 patre
1022 318 1255 370 extorsit
1291 326 1352 370 ut
1378 316 1449 369 ad
1486 336 1610 369 eum
1635 335 1727 388 op-

148 390 456 442 rimendum
483 390 814 454 mitteretur,
844 407 905 440 eo
934 388 1155 458 quidem
1179 388 1416 455 facilius,
1445 387 1592 458 quod
1617 407 1728 441 non

108 410 291 514 {entis
319 459 416 512 sed
440 460 573 512 ferri
599 460 830 511 saeuitia
856 460 911 510 in
939 467 1087 511 metu
1113 460 1496 528 reponebatur.
1535 477 1728 510 uerum

112 532 241 584 dum
276 531 389 584 acri
425 530 604 584 studio
649 529 1012 582 interficiendi
1057 548 1208 581 suem
1256 549 1442 582 omnes
1480 537 1606 580 sunt
1647 530 1725 580 in·

109 603 273 668 tenti,
311 602 566 671 pertinax
602 619 758 652 casus
797 601 1112 652 inminentis
1150 599 1443 652 uiolentiae
1479 599 1727 652 lanceam

106 671 378 743 petendae
424 671 573 723 ferae
609 672 788 740 gratia
835 672 1062 722 missam
1097 672 1153 722 in
1200 690 1324 723 eum
1362 671 1621 737 detorsit,
1675 678 1729 722 et

107 742 331 814 quidem
382 761 500 795 eam
551 743 899 812 potissimum
951 742 1204 794 dextram
1256 741 1500 794 nefariae
1543 739 1727 794 caedis

107 814 338 868 crimine
372 812 546 866 uoluit
582 814 828 883 aspergi,
870 814 958 864 cui
995 812 1164 864 tutela
1191 812 1290 863 filii
1326 831 1357 863 a
1383 820 1540 882 patre
1576 830 1726 863 man-

111 884 242 936 data
278 891 419 950 erat,
466 902 734 954 quamque
772 884 1006 936 Croesus
1052 883 1398 953 inprudentis
1443 882 1726 936 homicidii

110 955 375 1023 sanguine
411 954 703 1019 uiolatam,
751 953 1044 1024 hospitalis·
1076 955 1286 1006 ueritus
1325 954 1456 1006 deos
1470 994 1484 1020 ,
1525 951 1727 1023 suppli-

109 1044 227 1078 cem
255 1025 523 1077 sacrificio
552 1026 891 1094 expiauerat.

214 1097 265 1146 5.
325 1095 407 1146 Ne
445 1094 881 1164 Cyrusquidem
919 1095 1167 1164 superior
1212 1096 1451 1148 inuictae
1486 1094 1729 1147 fatorum
1796 1126 1800 1132 ·

107 1165 451 1218 necessitatis
489 1164 777 1234 paruulum
813 1173 1196 1233 argumentum
1233 1173 1332 1217 est.
1394 1166 1547 1216 cuius
1577 1172 1726 1216 ortus

106 1235 507 1305 adimperium
546 1236 710 1288 totius
740 1236 908 1287 Asiae
946 1236 1246 1304 spectantis
1275 1243 1554 1287 maternus
1591 1253 1726 1286 auus

107 1308 385 1375 Astyages
434 1305 538 1356 duo
575 1307 929 1375 praenuntios
970 1306 1168 1357 somnii
1214 1305 1418 1357 frustra
1454 1305 1728 1357 discutere

106 1377 426 1446 temptauit,
473 1375 786 1428 Mandanen
830 1375 1010 1446 filiam¹
1038 1395 1218 1441 suam,
1266 1376 1412 1446 quod
1451 1377 1507 1426 in
1547 1376 1728 1446 quiete

106 1447 324 1499 uiderat
365 1447 581 1497 urinam
628 1447 743 1498 eius
789 1466 974 1499 omnes
1014 1448 1291 1499 Asiaticas
1337 1455 1526 1515 gentes
1572 1447 1727 1498 inun—

107 1518 270 1570 dasse
284 1558 297 1584 ,
335 1536 444 1569 non
469 1516 759 1570 Medorum
787 1517 1276 1583 excellentissimo,
1315 1537 1381 1570 ne
1419 1519 1478 1568 in
1505 1518 1620 1569 eius
1647 1516 1726 1568 fa-

106 1588 315 1639 miliam
341 1588 495 1656 regni
522 1587 686 1639 decus
716 1588 1131 1655 transferretur,
1170 1588 1266 1640 sed
1292 1589 1586 1639 Persarum
1613 1605 1724 1638 mo-

109 1658 265 1711 dicae
310 1658 564 1711 fortunae
607 1659 727 1711 uiro
773 1658 1134 1726 conlocando,
1187 1667 1484 1728 natumque
1521 1658 1727 1728 Cyrum

107 1729 310 1798 exponi
353 1728 620 1795 iubendo,
675 1730 802 1799 quia
847 1727 1098 1781 similiter
1143 1731 1339 1800 quietis
1386 1730 1725 1799 temporibus

108 1799 525 1853 existimauerat
550 1798 775 1866 genitali
796 1808 952 1867 parte
977 1799 1280 1851 Mandanes
1310 1808 1529 1851 enatam
1555 1801 1726 1850 uitem

110 1887 172 1922 eo
199 1887 368 1939 usque
396 1869 662 1933 creuisse,
702 1869 872 1920 donec
910 1877 1132 1921 cunctas
1169 1869 1558 1923 dominationis
1598 1888 1726 1921 suae

1750 543 1770 574 5

1750 875 1791 926 io

1752 1249 1793 1279 15»

1749 1603 1791 1634 ‘20

107 1946 291 2009 partes
330 1939 684 1991 inumbraret.
748 1938 1044 1991 frustratus
1074 1950 1157 1993 est
1185 1941 1329 1992 enim
1359 1959 1414 1992 se
1452 1941 1596 2010 ipse,
1635 1959 1724 1991 ne—
1750 1955 1792 1984 2³5»

107 2009 250 2080 potis
277 2007 625 2075 felicitatem,
665 2008 980 2061 caelestium
1006 2011 1206 2063 iudicio
1236 2010 1594 2076 destinatam,
1632 2009 1726 2061 hu—

107 2080 284 2131 manis
315 2079 557 2132 consiliis
585 2079 832 2150 inpedire
860 2080 1124 2132 conando.

216 2150 265 2202 6.
315 2150 469 2201 Intra
502 2151 777 2220 priuatum
813 2159 995 2203 autem
1030 2152 1279 2205 habitum
1316 2153 1587 2222 Dionysio
1628 2152 1725 2221 Sy-

107 2238 374 2273 racusano
420 2220 597 2272 adhuc
635 2240 691 2272 se
729 2222 1063 2288 continente,
1115 2223 1413 2275 Himeraea
1458 2222 1727 2293 quaedam

108 2340 370 2399 impetrauit
406 2353 516 2398 ergo
544 2354 565 2383 a
594 2340 763 2385 Croeso
792 2340 911 2385 filius
938 2348 990 2386 ut
1025 2342 1076 2386 ad
1105 2355 1207 2386 eum
1246 2342 1592 2402 opprimendum
1620 2342 1723 2386 mit·

113 2413 305 2454 teretur:
343 2415 412 2454 set
439 2424 539 2454 cum
576 2413 665 2455 acri
694 2411 843 2456 studio
882 2411 1182 2457 interficiendi
1210 2427 1338 2461 suem
1376 2426 1531 2457 omnes
1569 2419 1724 2457 essent

111 2479 297 2528 intenti,
336 2482 540 2538 pertinax
567 2495 698 2525 casus
727 2483 985 2526 inminentis
1022 2482 1268 2528 uiolentiae
1295 2483 1519 2532 lanceam,
1567 2489 1729 2542 peten-

111 2547 192 2593 dae
219 2548 339 2593 serae
368 2549 513 2607 gratia
540 2552 769 2601 emissam,
800 2553 841 2596 in
870 2566 971 2597 cum
1001 2553 1208 2597 detorsit.
1268 2556 1308 2596 6.
1348 2554 1467 2597 Intra
1496 2554 1726 2612 priuatum

228 2658 246 2695 1
281 2658 387 2707 fort.
431 2658 767 2710 inuisitatoque
848 2661 871 2700 7
910 2661 1124 2700 emissam
1154 2661 1216 2700 Pb
1298 2663 1349 2700 10
1378 2660 1643 2713 inpudentis
1672 2654 1727 2700 B'

113 2713 164 2752 12
196 2713 405 2765 expiaret
435 2714 458 2753 b
541 2716 592 2754 16
623 2714 735 2754 duos
766 2715 788 2754 b
818 2712 836 2769 Η
864 2716 1121 2756 discurrere
1146 2710 1200 2755 B'
1282 2719 1330 2757 17
1362 2718 1641 2770 in-.quietem
1670 2717 1725 2763 B,

109 2767 232 2808 inter
262 2781 335 2819 qu.
368 2769 390 2809 b
453 2771 504 2809 18
542 2771 677 2810 urina
710 2770 769 2818 B,
813 2773 948 2811 urina
978 2795 1029 2800 -—-
1062 2772 1310 2813 inundatas
1350 2774 1727 2820 eoni.,T0r⁷·enius

111 2825 166 2864 23
195 2830 376 2875 enatam
406 2827 502 2867 edd.
534 2833 662 2869 uem:
702 2830 860 2867 natam
890 2828 958 2873 B‚·
988 2829 1043 2879 ef.
1077 2829 1184 2872 lust.
1216 2833 1252 2876 1,
1287 2832 1325 2878 4,
1359 2832 1383 2869 1
1443 2831 1496 2870 28
1528 2831 1656 2870 Inter
1685 2831 1726 2870 B

111 2880 166 2920 29
188 2879 360 2922 himera
382 2882 436 2927 B,
470 2883 645 2922 himera
671 2884 751 2926 Pb.
786 2898 860 2926 em.
886 2885 1060 2936 Piylzins

226 2939 276 2976 31
301 2941 371 2977 set
395 2939 700 2979 Kellerbauer:
734 2945 778 2979 et
810 2942 846 2977 V
