1936 3120
221 71 275 102 ,a
317 78 432 125 »ἐζ-,4
457 75 459 77 »

690 137 808 184 cn».
834 138 924 189 xv,
962 137 995 197 s
1019 136 1190 183 5—10.
1647 136 1755 189 425
1802 150 1811 170 .

241 244 292 298 8.
333 243 456 297 Iam
490 263 632 316 quae
667 243 727 297 in
753 244 854 298 Cn.
880 245 1204 317 Pompeium
1238 253 1294 298 et
1317 246 1501 316 ampla
1530 256 1585 300 et
1607 266 1754 301 noua

134 323 398 385 congesta
423 323 570 382 sunt,
595 315 724 368 hine
749 315 1076 369 adsensione
1101 316 1327 383 fauoris,
1353 316 1504 370 illine
1529 319 1756 372 fremitu

132 386 392 453 inuidiae,
418 386 730 439 litterarum
747 387 1115 440 monumentis
1136 387 1321 440 obstre
1362 396 1543 442 untur.
1588 407 1752 460 eques

132 456 415 510 Romanus
449 475 550 527 pro
588 456 809 509 consule
842 457 899 508 in
924 458 1027 510 His
1071 458 1253 510 aniam
1281 476 1310 510 a
1353 477 1543 511 uersus
1573 459 1751 512 Serto-

132 527 279 580 rium
302 527 425 598 pari
449 528 682 598 imperio
709 546 832 581 cum
857 527 957 581 Pio
983 527 1017 579 L
1046 527 1206 581 etello
1232 530 1481 599 principe
1507 530 1751 583 ciuitatis
1772 547 1795 581 5

131 597 334 650 missus
370 605 471 651 est.
522 597 765 650 nondum
797 597 968 650 ullum
1005 599 1265 652 honorem
1300 600 1751 671 curulem‘auspi-

133 675 289 720 catus
314 668 403 721 bis
430 668 809 739 triumphauit.
858 669 1018 721 initia
1043 670 1465 739 magistratuum
1484 689 1516 723 a
1543 689 1751 724 summo

130 738 362 810 imperio
402 739 564 810 cepit.
639 740 859 792 tertium
896 740 1237 793 consulatum
1276 740 1492 793 decreto
1528 749 1751 794 senatus
1895 749 1931 796 ς

133 808 280 862 solus
308 809 498 879 gessit.
550 809 619 862 de
637 810 922 863 Mitridate
941 820 994 864 et
1016 811 1269 880 Tigrane,
1300 811 1367 864 de
1387 812 1571 863 multis
1598 830 1751 882 prae-

132 888 283 932 terea
316 880 540 949 regibus
576 880 935 962 plurimisque
970 881 1286 935 ciuitatibus
1326 891 1378 934 et
1412 883 1669 951 gentibus
1696 888 1752 935 et
1773 901 1816 932 10

131 949 504 1022 praedonibus
531 970 701 1003 unum
728 951 889 1004 duxlt
915 951 1268 1022 triumphum.

239 1021 288 1074 9.
331 1021 398 1088 Q.
427 1021 594 1075 etiam
620 1021 881 1095 Catulum
911 1022 1149 1094 populus
1174 1022 1453 1076 Romanus
1489 1041 1625 1076 uoce
1651 1042 1752 1076 sua

131 1099 347 1145 tantum
373 1110 481 1144 non
508 1092 578 1144 ad
607 1093 787 1145 sidera
811 1112 983 1164 usque
1010 1094 1209 1146 euexit.
1285 1112 1413 1145 nam
1437 1111 1562 1146 eum
1587 1094 1657 1147 ab
1685 1113 1747 1147 eo

131 1182 231 1233 pro
259 1163 453 1216 rostris
479 1163 934 1233 interrogaretur,
972 1165 1018 1216 si
1042 1165 1099 1215 in
1125 1181 1232 1216 uno
1259 1164 1518 1234 Pompeio
1547 1165 1749 1232 Magno

131 1233 315 1287 omnia
350 1252 613 1304 reponere
647 1243 1080 1304 perseuerasset,
1117 1235 1407 1305 absumpto
1446 1233 1539 1288 illo
1578 1234 1749 1288 subiti
1771 1253 1817 1286 15

130 1322 290 1356 casus
326 1304 552 1357 ineursu
586 1304 644 1355 in
671 1322 777 1375 quo
814 1323 965 1375 spem
1003 1314 1146 1358 esset
1179 1305 1497 1372 habiturus,
1535 1324 1746 1359 summo

131 1391 400 1427 consensu
427 1374 760 1427 adclamauit
787 1376 863 1427 ‘in
889 1383 982 1429 te’.
1032 1375 1144 1427 uim
1172 1375 1423 1428 honorati
1445 1375 1635 1428 iudicii
1655 1375 1749 1428 ad-

129 1444 467 1499 mirabilem!
517 1447 563 1497 si
601 1446 823 1516 quidem
858 1465 1116 1516 magnum
1142 1445 1464 1516 Pompeium
1491 1465 1614 1498 eum
1640 1465 1748 1498 om-

128 1515 294 1569 nibus
319 1516 682 1582 ornamentis,
720 1535 859 1587 quae
894 1516 1105 1582 rettuli,
1144 1517 1374 1568 duarum
1412 1516 1748 1587 syllabarum

131 1586 311 1656 spatio
337 1586 611 1638 inclusum
638 1586 834 1639 Catulo
862 1587 1139 1657 aequauit.
1770 1606 1815 1637 20

241 1656 325 1708 10.
364 1656 556 1709 Potest
581 1665 636 1709 et
661 1657 737 1709 M.
766 1658 994 1710 Catonis
1023 1676 1093 1709 ex
1120 1657 1303 1728 Cypro
1333 1675 1454 1708 eum
1479 1659 1632 1725 regia
1656 1676 1746 1727 pe-

131 1727 294 1778 cunia
327 1728 653 1779 reuertentis
692 1726 956 1798 adpulsus
995 1727 1067 1779 ad
1100 1728 1276 1798 ripam
1302 1727 1454 1779 urbis
1481 1745 1745 1780 memora-

127 1796 257 1850 bilis
293 1797 498 1864 uideri,
544 1797 631 1850 eui
666 1816 809 1850 naue
844 1797 1147 1867 egredienti
1189 1796 1440 1850 eonsules
1481 1806 1534 1849 et
1578 1797 1745 1850 ceteri
1800 1838 1803 1839 γ

127 1868 483 1938 magistratus
511 1877 566 1920 et
598 1869 887 1920 uniuersus
925 1876 1146 1920 senatus
1181 1866 1523 1938 populusque
1547 1868 1743 1920 Roma—

127 1957 230 1991 nus
276 1938 447 1992 officii
489 1939 670 2008 gratia
713 1948 932 2010 praesto
978 1938 1109 2004 fuit,
1153 1956 1261 1990 non
1288 1937 1451 2008 ‘quod
1486 1955 1810 2006 magnum25

126 2009 343 2092 pondus
373 2010 494 2061 auri
520 2019 575 2062 et
600 2010 834 2078 argenti,
862 2009 959 2061 sed
986 2008 1132 2080 quod
1157 2008 1233 2060 M.
1262 2007 1526 2060 Catonem
1553 2008 1743 2060 elassis

127 2079 224 2132 1lla
248 2079 579 2134 incolumem
606 2080 909 2133 aduexerat
934 2079 1184 2132 laetatus·

126 2241 342 2288 magnum
379 2227 590 2274 habitura
617 2235 764 2278 esset,
803 2228 990 2273 Marium
1029 2227 1241 2272 ostendit.
1317 2229 1357 2271 8.
1398 2225 1475 2271 Cn.
1500 2226 1744 2285 Pompeius
1770 2233 1861 2266 Par.
1904 2258 1909 2260 .

127 2298 327 2343 nondum
354 2298 498 2343 ullum
524 2298 745 2344 honorem
783 2298 986 2344 cui-ulem
1025 2299 1286 2358 auspicatus
1321 2297 1391 2342 bis
1419 2297 1741 2357 triumphauit:

126 2368 246 2413 idem
272 2367 458 2413 tertium
487 2368 773 2413 consulatum
801 2368 927 2413 solus
955 2368 1139 2413 decreto
1168 2375 1351 2413 senatus
1379 2367 1536 2427 gessit.
1610 2368 1650 2410 9.
1690 2366 1740 2422 Q.
1764 2374 1805 2406 30

127 2437 314 2483 Catulus
340 2451 442 2482 eum
468 2452 551 2498 pro
579 2439 742 2483 rostris
769 2438 988 2498 populum
1016 2439 1335 2497 interrogaret,
1365 2439 1402 2482 si
1429 2438 1507 2481 uni
1526 2437 1741 2496 Pompeio

127 2509 277 2554 omnia
314 2509 645 2558 committeret,
682 2507 923 2568 absumpto
961 2508 1040 2553 illo
1069 2509 1113 2551 in
1142 2521 1234 2566 quo
1261 2521 1388 2566 spem
1416 2513 1538 2552 esset
1563 2506 1742 2552 habitu-

127 2593 230 2630 rus,
268 2578 537 2624 adclamauit
573 2575 638 2623 ‘in
668 2578 748 2624 te'.
825 2581 894 2623 10.
935 2577 991 2622 Μ.
1018 2577 1177 2623 Catoni
1215 2591 1267 2623 ex
1292 2576 1439 2637 Cypro
1478 2590 1577 2621 cum
1615 2577 1740 2636 regia

240 2719 266 2758 3
287 2714 466 2757 inuidia
481 2712 540 2756 B‘
596 2717 624 2756 4
644 2715 856 2769 proeofis.
880 2716 928 2755 in
949 2714 1168 2768 hispania
1190 2714 1232 2754 B
1306 2716 1332 2754 6
1354 2713 1482 2754 illum
1505 2712 1547 2753 B
1567 2710 1588 2767 Η
1609 2725 1740 2753 euru-

124 2773 216 2815 lem
238 2774 300 2813 P:
331 2786 408 2814 om.
434 2772 474 2813 B
555 2774 607 2813 lo
627 2773 837 2826 *regibus
859 2772 901 2812 B
980 2773 1034 2811 14
1055 2771 1102 2810 in
1125 2784 1201 2811 om.
1226 2763 1282 2810 B'
1351 2772 1404 2811 15
1426 2769 1663 2822 adsumpto
1686 2762 1740 2808 B'

127 2832 178 2871 17
201 2829 353 2872 horati
378 2821 431 2869 B'
491 2831 545 2869 22
567 2829 692 2869 urbis
713 2829 781 2869 B:
813 2828 1028 2869 Tiberius
1050 2829 1106 2870 al.
1187 2828 1243 2867 24
1265 2826 1308 2867 S.
1333 2826 1384 2869 P.
1411 2826 1465 2877 Q.
1488 2826 1543 2869 R.
1566 2825 1737 2878 Kemps}

125 2888 249 2940 quasa·
266 2889 329 2927 sic
348 2887 391 2926 in
412 2885 455 2926 B
476 2887 514 2926 Ie
544 2892 643 2926 atur
701 2887 755 2925 27
777 2882 982 2926 incoluffi
1004 2877 1060 2923 B'

239 2943 294 2985 28
314 2942 512 2983 Marium
560 2954 743 2982 manum
766 2943 809 2982 V
