1936 3120
245 140 352 194 458
701 112 715 122 ⁴
916 145 1015 191 Lm.
1053 145 1178 192 vnn.

355 259 469 306 Mil.
509 258 653 305 Rom.
696 253 743 304 1.
782 252 1127 306 Detestanda
1172 253 1281 307 fori
1328 253 1604 321 condicio,
1654 254 1755 308 sed
1803 255 1852 308 si

249 332 431 378 castra
473 324 762 393 respiciaS,
814 341 984 394 aeque
1027 341 1227 393 magna
1276 324 1482 378 orietur
1522 325 1847 395 indignatio·

250 413 374 447 cum
400 393 461 447 C.
486 393 662 446 Mario
687 394 807 464 lege
836 393 1077 464 Sulpicia
1099 395 1383 464 prouincia
1399 395 1550 463 Asia,
1575 402 1638 448 ut
1662 395 1854 449 aduer-

180 491 188 498 ·
251 483 340 517 sus
367 463 708 516 Mitridatem
732 463 936 517 bellum
956 472 1186 534 gereret,
1213 466 1427 536 priuato
1449 465 1668 519 decreta
1689 475 1851 535 esset,

207 549 227 583 5
250 535 476 587 missum
502 535 571 588 ab
599 553 660 588 eo
688 535 1000 588 Gratidium
1033 534 1274 605 legatum
1307 537 1377 589 ad
1402 536 1466 588 L.
1495 535 1701 590 Sullam
1726 554 1850 590 con-

250 605 423 658 sulem
466 606 905 677 accipiendarum
947 605 1224 675 legionum
1258 624 1425 659 causa
1457 607 1654 660 milites
1686 609 1852 660 truci-

250 675 474 742 darunt,
502 676 692 747 procul
719 676 884 730 dubio
911 676 1212 745 indignati,
1251 677 1398 747 quod
1423 678 1493 730 ab
1520 694 1729 730 summo
1754 678 1851 730 im-

249 747 399 818 perio
426 747 495 799 ad
516 766 656 814 eum,
685 746 777 818 qui
795 745 942 798 nullo
962 748 1019 798 in
1037 749 1239 799 honore
1260 754 1592 814 uersaretur,
1619 750 1852 800 transire

250 822 586 887 cogerentur.
641 817 737 870 sed
764 818 882 888 quis
908 817 1050 870 ferat
1076 816 1301 869 militem
1327 819 1464 871 scita
1487 818 1663 888 plebis
1683 818 1850 871 exitio

186 904 227 936 10
250 887 418 958 legati
443 889 839 958 corrigentem?

354 959 406 1010 2.
445 959 551 1012 Pro
586 958 806 1012 consule
840 958 988 1011 istud
1023 966 1136 1010 tam
1161 958 1430 1012 uiolenter
1455 958 1757 1024 exercituS,
1791 957 1853 1009 il-

250 1030 345 1082 lud
371 1029 634 1082 aduersus
662 1028 956 1083 consulem.
1032 1029 1098 1095 Q.
1127 1029 1271 1081 enim
1297 1029 1643 1100 Pompeium,
1671 1027 1853 1082 Sullae

250 1099 543 1170 collegam,
580 1108 798 1153 senatus
835 1101 988 1152 iussu
1024 1099 1096 1151 ad
1131 1101 1433 1152 exercitum
1472 1099 1570 1153 Cn.
1608 1099 1852 1170 Pompei,

288 1190 413 1224 uem
448 1171 786 1242 aliquamdiu
820 1171 995 1223 inuita
1031 1170 1254 1223 ciuitate
1290 1170 1600 1237 obtinebat,
1637 1179 1853 1223 conten-

188 1256 229 1289 15
291 1260 380 1294 ere
406 1261 600 1294 ausum
626 1242 905 1294 ambitiosi
933 1241 1083 1294 ducis
1120 1240 1410 1294 inlecebris
1446 1241 1691 1310 corrupti
1716 1238 1853 1291 mili-

250 1322 333 1367 tes
362 1313 668 1366 sacrificare
693 1312 1041 1382 incipientem
1067 1311 1268 1377 adorti,
1305 1311 1362 1362 in
1387 1311 1608 1364 modum
1631 1310 1853 1367 hostiae

249 1391 560 1436 mactarunt
596 1391 807 1435 tantum
847 1401 915 1434 ue
942 1381 1142 1447 sceIUS,
1181 1383 1330 1434 curia
1355 1381 1547 1433 castris
1575 1380 1768 1433 cedere
1795 1398 1852 1432 se

251 1454 516 1518 confessa,
544 1452 779 1506 inultum
805 1471 837 1504 a
878 1453 959 1504 iit.

359 1525 410 1577 3.
450 1523 552 1576 Ille
577 1541 788 1595 quoque
816 1523 1086 1575 exercitus
1111 1522 1322 1574 nefarie
1346 1521 1644 1587 uiolentus,
1671 1521 1766 1591 qui
1792 1519 1854 1572 O.

189 1611 232 1643 20
254 1595 588 1660 Carbonem,
633 1593 858 1646 fratrem
893 1592 1158 1646 Carbonis
1204 1601 1287 1644 ter
1322 1591 1586 1660 consulis,
1631 1598 1856 1662 propter

250 1665 395 1720 bella
429 1666 612 1718 ciuilia
646 1665 970 1717 dissolutam
1006 1663 1352 1733 disciplinam
1388 1662 1678 1715 militarem
1702 1679 1854 1732 prae-

251 1737 482 1789 fractius
512 1744 565 1788 et
590 1735 820 1804 rigidius
848 1735 1150 1804 astringere
1176 1741 1447 1800 conatum,
1474 1733 1716 1804 priuauit
1739 1732 1857 1784 uita

253 1809 532 1878 satiusque
577 1805 733 1858 duxit
776 1805 1015 1858 maximo
1060 1802 1263 1857 scelere
1307 1803 1647 1875 coinquinari
1691 1820 1858 1874 quam

253 1897 454 1949 prauos
483 1896 546 1930 ac
571 1885 774 1930 taetros
800 1894 977 1929 mores
1006 1884 1234 1928 mutare.

193 2006 235 2039 25
367 2000 405 2041 1.
442 1996 549 2041 Cum
585 1996 627 2042 C.
666 1995 805 2041 Mario
851 1995 950 2055 lege
987 1994 1184 2055 Sulpicia
1219 2001 1271 2039 ut
1307 1993 1524 2038 aduersus
1557 1991 1858 2037 Mithridatem

139 2048 233 2082 Par.
258 2067 426 2113 bellum
461 2074 642 2127 gereret
677 2067 908 2111 decretum
943 2072 1089 2113 esset,
1130 2064 1358 2109 Gratidius
1397 2063 1450 2108 ad
1487 2061 1657 2108 Sullam
1691 2063 1858 2106 missus

257 2138 614 2198 accipiendarum
642 2137 873 2196 legionum
909 2149 1041 2180 causa
1068 2150 1092 2180 a
1119 2134 1337 2179 militibus
1365 2134 1542 2178 occisus
1569 2138 1653 2176 est.
1726 2135 1767 2174 2.
1806 2129 1854 2185 Q.

256 2209 520 2268 Pompeium
557 2222 648 2252 cos,
677 2206 826 2252 Sullae
864 2205 1108 2263 collegam,
1145 2206 1275 2249 iussu
1311 2210 1494 2248 senatus
1532 2202 1587 2248 ad
1613 2203 1860 2247 exercitum

257 2279 333 2324 Cn.
360 2279 547 2338 Pompei
574 2277 787 2328 missum,
817 2290 951 2336 quem
978 2275 1054 2320 ille
1081 2275 1224 2320 inuita
1250 2274 1434 2319 ciuitate
1461 2271 1716 2323 obtinebat,
1755 2285 1860 2317 con-

192 2359 235 2392 30
258 2349 444 2395 tendere
481 2362 641 2394 ausum
677 2346 905 2392 ambitiosi
941 2346 1067 2391 ducis
1105 2345 1329 2391 illecebris
1367 2344 1571 2404 corrupti
1598 2342 1763 2388 milites
1791 2355 1861 2386 sa-

259 2419 463 2467 crificare
498 2420 786 2479 incipientem
823 2423 1148 2462 mactauerunt.
1224 2418 1263 2460 3.
1302 2414 1347 2460 C.
1385 2414 1552 2464 Carbo,
1591 2413 1732 2458 frater
1757 2412 1862 2457 Car-

259 2490 389 2536 bonis
417 2498 487 2535 ter
513 2489 715 2536 consulis
737 2524 747 2540 ,
786 2487 1054 2533 dissolutam
1093 2486 1375 2547 disciplinam
1402 2484 1641 2530 militarem
1668 2482 1859 2543 rigidius

260 2561 542 2620 adstringere
567 2566 757 2606 conatus
784 2558 837 2604 ab
865 2559 1064 2603 exercitu
1091 2558 1267 2602 occisus
1294 2562 1376 2601 est.

374 2672 400 2711 3
430 2667 662 2722 Sulpie[ia
684 2689 736 2695 —
768 2665 1004 2720 aduersus]
1027 2666 1068 2706 B
1076 2682 1091 2713 ;
1122 2666 1174 2706 ab
1195 2666 1274 2706 hac
1292 2670 1418 2718 parte
1439 2665 1580 2706 codex
1598 2662 1642 2703 B
1661 2663 1766 2703 male
1786 2661 1860 2701 Iza-

262 2727 374 2767 bitus
397 2733 459 2766 est
476 2727 600 2777 foliis
621 2739 647 2765 a
667 2725 849 2765 muribus
871 2724 1048 2764 ambesis
1114 2725 1138 2763 7
1162 2723 1218 2763 ab
1242 2722 1291 2762 b:
1324 2722 1382 2762 ad
1401 2721 1458 2769 B,
1481 2733 1509 2760 a
1526 2730 1554 2765 ς
1610 2721 1636 2760 9
1657 2718 1863 2771 quifeee-

261 2785 336 2823 rat
356 2782 413 2832 B,
438 2783 515 2834 qui
537 2783 658 2823 ferat
679 2783 781 2822 dett.
802 2782 995 2833 plerique
1082 2781 1131 2819 11
1163 2778 1406 2832 proconsul
1425 2777 1468 2818 B
1547 2777 1599 2817 17
1625 2786 1675 2814 se
1699 2772 1861 2837 cedere

272 2840 373 2881 Vat.
453 2841 505 2879 18
530 2839 646 2879 abiit
666 2837 733 2877 B:
763 2837 928 2876 habuit
955 2837 1053 2876 Vat.
1076 2835 1137 2888 (Ρ)
1160 2842 1203 2876 et
1222 2835 1246 2875 b
1318 2837 1369 2874 21
1393 2831 1677 2887 praefactiuq
1694 2829 1737 2869 B
1807 2831 1861 2870 22

271 2891 499 2949 [priuauit
519 2893 583 2948 ui]
611 2900 653 2934 et
675 2891 989 2947 [coinquinari
1012 2914 1063 2920 -—
1085 2905 1141 2932 ac
1161 2888 1258 2945 tae]
1283 2891 1326 2930 B

378 2952 433 2992 30
455 2951 714 2991 ambitiosis
735 2950 866 2990 ducis
887 2949 1101 3002 precibus
1130 2950 1171 2989 V
1177 2942 1188 2957 '
1247 2948 1300 2989 31
1321 2946 1637 2987 mactauerant
1663 2942 1707 2982 V
1710 2934 1722 2950 '
