1924 3152
731 148 848 195 CAP.
877 147 944 199 ιιι,
985 146 1015 206 g
1045 149 1183 192 1—5.
1665 137 1771 190 289

143 261 354 314 ueritas
393 266 616 312 senatus
639 255 908 309 cessauit.
971 253 1264 325 publicatis
1301 253 1445 305 enim
1469 251 1629 305 bonis
1657 251 1771 304 eius

75 330 82 335 ’
146 332 330 403 ipsum
357 329 596 383 aeternis
619 325 851 380 uinculis
870 325 1206 396 puniendum
1227 324 1458 389 censuit,
1489 322 1772 392 effecitque

144 411 210 456 ut
229 419 390 473 quem
407 400 637 454 honeste
658 398 914 468 spiritum
933 395 1269 467 profundere
1289 395 1345 446 in
1366 393 1481 446 acie
1503 392 1771 460 noluerat,

119 529 128 532 ,
148 473 388 544 turpiter
411 471 469 522 in
497 469 703 522 catenis
724 474 1088 521 consumeret.

256 542 309 594 4.
348 541 417 596 Id
443 541 653 593 factum
678 538 924 591 imitatus
951 537 1045 589 Μ’.
1074 536 1273 590 Curius
1301 536 1510 602 consul,
1539 553 1664 588 cum
1692 535 1771 587 di·
1795 548 1815 582 5

149 613 352 666 lectum
379 611 561 666 subito
582 610 798 663 edicere
826 616 1046 661 coactus
1075 614 1221 660 esset
1241 616 1294 660 et
1315 607 1590 659 iuniorum
1614 623 1774 659 nemo

147 702 237 736 res
282 683 557 749 ondisset‚
595 680 860 734 coniectis
898 680 955 731 in
982 687 1186 731 sortem
1214 678 1467 732 omnibus
1496 677 1774 744 tribubus,

148 754 249 807 Pol
273 754 377 822 iae,
408 771 547 824 quae
571 753 752 824 prima
779 752 1008 817 exierat,
1036 750 1273 820 primum
1298 767 1499 803 nomen
1523 766 1666 800 urna
1685 766 1777 801 ex-

150 832 390 878 tractum
441 824 601 876 citari
642 823 831 888 iussit,
886 839 1065 892 neque
1109 839 1171 874 eo
1217 819 1587 892 respondente
1629 819 1778 872 bona

152 894 524 948 adulescentis
551 893 745 946 hastae
773 892 1023 946 subiecit.
1102 892 1249 962 quod
1273 900 1335 944 ut
1359 889 1440 943 illi
1466 891 1778 943 nuntiatum
1802 905 1844 937 10

152 975 255 1033 est7
283 966 355 1018 ad
380 963 620 1022 consulis
649 963 892 1017 tribunal
922 964 1163 1015 cucurrit
1182 961 1476 1032 collegium
1514 980 1582 1014 ue
1607 962 1778 1016 tribu-

150 1055 349 1090 norum
375 1034 694 1107 appellauit.
744 1042 872 1087 tunc
883 1034 1105 1086 Manius
1119 1032 1317 1086 Curius
1342 1051 1475 1104 prae
1504 1040 1644 1100 atuS,
1669 1051 1780 1086 non

154 1126 292 1178 opus
331 1125 453 1159 esse
490 1124 551 1159 eo
589 1107 707 1159 ciue
742 1105 822 1157 rei
857 1104 1137 1175 publicae,
1178 1105 1270 1175 qui
1306 1122 1499 1175 parere
1524 1104 1776 1172 nesciret,

159 1188 215 1231 et
239 1179 386 1241 bona
407 1178 530 1229 eius
559 1185 615 1229 et
640 1177 823 1246 ipsum
847 1175 1118 1228 uendidit.

259 1249 312 1301 5.
351 1249 544 1318 Aeque
571 1255 740 1300 tenax
764 1246 1034 1318 propositi
1059 1246 1124 1297 L.
1152 1246 1452 1299 Domitius.
1502 1264 1631 1298 nam
1658 1264 1780 1297 cum
1804 1258 1857 1295 15<

156 1318 403 1373 Siciliam
428 1326 650 1390 praetor
675 1326 892 1388 regeret
920 1325 973 1370 et
999 1317 1070 1369 ad
1097 1335 1221 1369 eum
1247 1317 1483 1369 eximiae
1510 1317 1782 1387 magnitu-

154 1390 301 1442 dinis
323 1408 455 1461 aper
474 1388 693 1442 adlatus
717 1397 880 1454 esset,
908 1388 1112 1441 adduci
1136 1387 1208 1440 ad
1228 1406 1286 1440 se
1297 1395 1596 1458 pastorem,
1611 1388 1781 1447 xcuius

154 1479 323 1514 manu
348 1461 559 1513 occisus
589 1468 732 1527 erat,
770 1459 961 1527 iussit,
996 1461 1504 1530 interrogatumque
1542 1459 1636 1529 qui
1663 1477 1781 1511 eam

154 1531 395 1584 bestiam
428 1531 784 1597 confecisset,
821 1539 1114 1600 postquam
1148 1530 1395 1600 conperit
1431 1548 1594 1582 usum
1618 1547 1782 1582 uena-

155 1601 286 1654 bulo
302 1641 316 1668 ,
343 1602 491 1654 cruci
517 1602 666 1668 fixit,
703 1602 833 1671 quia
857 1602 975 1671 ipse
1002 1601 1074 1653 ad
1101 1599 1452 1653 exturbanda
1477 1600 1782 1665 latrocinia,
1808 1614 1849 1646 20

152 1672 357 1743 quibus
383 1671 670 1741 prouincia
694 1671 1049 1738 uastabatur,
1087 1690 1156 1730 ne
1194 1673 1315 1741 quis
1351 1670 1523 1723 telum
1556 1671 1787 1725 haberet

161 1742 431 1795 edixerat.
481 1742 584 1793 hoc
620 1741 818 1812 aliquis
853 1743 910 1792 in
946 1741 1054 1793 fine
1092 1742 1399 1794 seueritatis
1437 1750 1491 1794 et
1518 1743 1784 1795 saeuitiae

160 1812 484 1884 ponendum.
501 1811 704 1865 dixerit
721 1844 792 1850 —
813 1811 1188 1883 disputatione
1216 1812 1363 1864 enim
1388 1821 1620 1884 utroque
1639 1812 1785 1865 flecti

161 1938 237 1978 tos
266 1931 351 1977 sibi
379 1932 593 1977 sinistrae
620 1945 805 1982 manus,
833 1944 890 1976 ne
915 1930 1035 1977 bello
1062 1931 1218 1978 Italico
1247 1931 1484 1983 militaret,
1512 1932 1782 1985 absciderat,
1808 1937 1902 1971 Par·

163 2002 360 2048 uinculis
399 2003 594 2047 aeternis
634 2002 879 2048 damnauit.
956 2006 996 2045 4.
1038 2002 1200 2048 Curius
1231 2017 1324 2048 cos.
1353 1993 1454 2049 cuni
1491 2003 1545 2049 ad
1571 2003 1786 2050 dilectum
1810 2009 1852 2043 25

161 2086 294 2119 nemo
322 2073 506 2119 nomina
532 2073 673 2124 daret,
702 2073 921 2119 coniectis
944 2074 994 2118 vin
1022 2079 1195 2119 sortem
1221 2073 1483 2120 nominibus
1511 2074 1657 2120 tribus
1682 2075 1787 2120 Pol-

162 2143 274 2196 liae,
313 2158 429 2205 quae
455 2145 601 2204 prima
629 2145 822 2195 exierat,
859 2144 1009 2189 uirum
1036 2144 1165 2190 citari
1194 2145 1343 2191 iussit.
1396 2160 1450 2191 eo
1479 2160 1570 2192 non
1596 2159 1787 2206 respon-

164 2215 298 2260 dente
332 2215 453 2261 bona
489 2214 794 2261 adulescentis
829 2216 986 2260 hastae
1023 2214 1240 2267 subiecit,
1282 2216 1442 2262 deinde
1471 2217 1619 2277 ipsum
1648 2217 1788 2263 colle-

169 2287 294 2346 gium
320 2285 611 2331 tribunorum
638 2286 942 2346 adpellantem
969 2301 1070 2333 cum
1097 2287 1231 2333 honis
1259 2287 1479 2333 uendidit.
1553 2292 1592 2334 5.
1631 2289 1677 2334 L.
1704 2289 1789 2333 Do-

167 2357 322 2401 mitius
375 2370 476 2401 cum
519 2356 719 2401 Sicfliam
763 2363 949 2416 praetor
1003 2365 1209 2418 regeret,
1272 2357 1422 2403 adlato
1470 2359 1555 2404 sibi
1602 2360 1786 2405 eximiae
1812 2373 1853 2405 5³0

169 2426 494 2484 magnitudinis
521 2440 632 2485 apro
661 2427 822 2472 adduci
850 2428 904 2471 ad
927 2442 974 2472 se
1000 2436 1259 2487 pastorem,
1289 2431 1417 2474 cuius
1448 2444 1581 2474 manu
1610 2432 1787 2475 occisus

167 2502 292 2545 erat,
341 2495 497 2546 iussit,
544 2498 997 2557 interrogatumque,
1045 2501 1121 2558 qui
1160 2513 1256 2543 eam
1293 2498 1483 2545 bestiam
1530 2500 1786 2550 occidisset,

168 2572 413 2626 postquam
441 2568 652 2626 conperit
678 2581 810 2612 usum
837 2568 1088 2619 uenabulo,
1128 2569 1252 2614 cruci
1287 2568 1398 2614 fixit.
1460 2584 1562 2616 nam
1598 2577 1789 2631 propter

283 2675 310 2716 5
330 2672 498 2729 M‘.]n’n.
522 2675 565 2715 B
585 2672 604 2728 {l
626 2675 794 2716 dilecto
818 2669 872 2716 B'
932 2679 958 2718 6
982 2680 1028 2717 et
1050 2679 1093 2717 in
1114 2677 1156 2717 B
1177 2691 1212 2719 8.
1235 2681 1262 2718 l.
1325 2679 1350 2718 8
1372 2679 1521 2731 prima
1550 2680 1726 2732 Lipsius
1748 2686 1792 2728 et

171 2731 234 2771 P.-
266 2733 474 2785 proxima
497 2732 539 2771 B
560 2729 579 2786 Π
599 2745 715 2772 urna
740 2736 998 2787 extractum
1020 2735 1240 2775 delendum
1262 2742 1405 2776 censet
1426 2737 1656 2778 Mommsen
1670 2768 1680 2785 ,
1704 2737 1789 2778 Ro·-

167 2789 324 2829 mische
352 2789 504 2829 Tribus
522 2802 567 2841 p.
594 2791 685 2829 133
746 2791 798 2831 13
822 2790 931 2842 quia
953 2783 1009 2830 B'
1071 2792 1122 2832 16
1147 2795 1192 2831 et
1213 2791 1261 2831 b:
1283 2791 1332 2832 tii
1350 2792 1393 2832 B
1451 2795 1506 2834 20
1527 2795 1701 2834 nemci
1718 2792 1784 2842 Bi?

174 2845 451 2898 extirpanda
474 2847 577 2889 dett.
601 2847 762 2899 aliquot
822 2849 876 2887 22
899 2845 1081 2887 dixerat
1101 2847 1156 2895 B,
1179 2850 1258 2889 sed
1278 2862 1392 2891 corr.
1420 2853 1444 2890 1
1466 2864 1516 2894 m.
1538 2847 1557 2904 H
1578 2850 1710 2891 finem
1734 2844 1791 2890 B'

171 2901 229 2940 23
251 2900 434 2942 duxerit
454 2905 548 2943 mal.
572 2903 713 2942 Per-iz.
1708 2913 1726 2928 ⁸

287 2958 341 2997 27
362 2970 454 2998 non
476 2972 552 3000 om.
585 2952 643 2998 V'

258 3038 366 3067 vAL.
391 3041 500 3069 max.
835 3006 841 3010 1
1469 3033 1533 3084 19
