1936 3120
79 10 82 11 ⁷
337 6 340 10 .
473 0 574 22 ''⁴2',.·¹⁷>
592 0 598 5 .
616 0 821 18 --qg-j-w-ssr-x·
826 0 1214 61 --ῃηψυιννιὶῐᾈέιῗζζάνῖή-ὲᾱ
1231 18 1250 25 n
1272 10 1286 26 Ἀ
1307 9 1310 15 .
1371 14 1430 33 ⁴:¹²*
1634 25 1639 28 ᾗ
1686 25 1692 33 .
1786 20 1790 29 ⁴
1843 20 1849 27 ι

45 21 51 37 .'
545 22 549 26 ⁴
652 26 663 34 “
929 25 931 30 ⁴
1034 24 1050 38 ‘⁴
1179 30 1181 34 ·
1234 26 1301 45 ’““,
1335 27 1380 41 .-·
1425 26 1486 46 ·'=·:r
1631 29 1654 42 ι’

11 70 22 78 -’
698 79 706 85 a
1078 76 1081 86 Ι
1483 95 1488 102 Ι
1600 79 1608 98 ³⁴.

0 140 21 290 ξ
232 138 337 192 492
755 146 1050 194 NEPOTIANI
1072 111 1313 196 ὲΡιΤοΜΑ

13 318 23 366 ’τ
62 320 310 380 an.M.1.II·
351 321 476 387 Qui
521 321 925 392 religionem
968 324 1563 382 dissimulauerint
1605 329 1710 383 uel
1755 331 1832 386 de

11 411 18 415 ·⁷
566 402 952 465 contemptu
998 396 1498 452 obseruantiae.

65 501 103 551 1,
122 501 211 543 E.3
343 497 382 539 1.
430 496 670 557 Dionysius
688 533 698 549 ‚
753 498 1134 560 Syracusanorum
1182 509 1396 562 tyrannus
1414 538 1424 554 ,
1477 503 1632 550 Locris
1674 504 1826 552 fanum

229 566 530 627 Proserpinae
558 567 774 628 spoliauit
800 576 844 614 et
870 571 1090 630 nauigans
1118 573 1211 617 suis
1238 572 1417 619 flatibus
1445 573 1575 621 dixit:
1604 577 1670 621 sic
1689 578 1825 623 sacri—

230 635 324 695 legi
349 638 580 696 nauigant.
631 639 747 684 idem
772 640 1013 700 Dionysius
1047 642 1200 687 Iouem
1237 642 1490 704 Olympium
1509 645 1645 704 pallio
1684 661 1821 692 aureo
1846 661 1868 693 5

228 706 431 758 nudauit,
461 708 582 768 quod
609 709 715 755 Gelo
744 710 796 755 de
825 710 982 770 spoliis
1010 711 1292 773 Carthaginis
1319 713 1515 765 dederat,
1544 721 1588 760 et
1613 719 1825 776 apposuit

228 776 408 822 laneum
449 778 627 831 dicens,
668 780 756 826 hoc
790 782 943 841 potius
971 783 1229 834 conuenire,
1269 783 1390 842 quod
1414 785 1561 830 hieme
1588 787 1823 846 apricaret,

227 860 377 907 neque
411 856 622 908 grauaret
658 856 843 896 aestate.
914 853 1183 913 Aesculapio
1223 868 1406 914 quoque
1445 855 1683 916 Dionysius
1727 856 1826 902 har-

226 916 329 963 bam
355 932 534 964 auream
561 919 757 980 dempsit
784 927 829 966 et
855 923 939 972 ait,
980 929 1108 982 patre
1146 924 1237 969 leui
1262 923 1403 970 filium
1437 925 1686 986 incongrue
1725 941 1824 972 esse

226 987 477 1035 barbatum.
530 990 604 1035 hic
629 991 807 1051 quidem
843 993 1092 1052 impunitus
1129 994 1236 1045 fuit,
1274 995 1352 1040 sed
1390 997 1484 1041 eius
1514 995 1657 1048 filius,
1692 997 1824 1043 heres
1847 1012 1892 1045 ιο

231 1058 571 1110 dominationis,
598 1075 767 1121 poenas
795 1062 899 1107 dare
926 1063 1127 1109 delectus
1156 1065 1287 1111 exilio
1316 1066 1468 1111 soluit.

340 1129 455 1185 (Hic
480 1137 750 1189 sequuntur
775 1135 997 1192 exempla
1023 1147 1146 1192 quae
1167 1137 1338 1181 desunt
1359 1138 1406 1181 in
1431 1136 1610 1182 Valerii
1626 1136 1828 1183 Maximi

229 1201 492 1246 codicibus:
522 1217 565 1247 u.
594 1215 747 1260 supra
770 1217 882 1262 pay.
916 1207 974 1249 13
998 1207 1127 1263 sqq.)

0 1304 5 1307 a
61 1274 208 1323 4‚E.2
334 1271 543 1317 Deiotaro
580 1274 678 1333 regi
707 1275 961 1320 tetrarchae
996 1276 1041 1320 in
1076 1276 1164 1321 iter
1194 1278 1500 1322 necessarium
1526 1278 1700 1323 intento
1728 1291 1824 1323 sae-

226 1354 335 1386 uum
361 1344 599 1402 augurium
627 1344 774 1403 aquila
812 1346 997 1389 cecinit:
1043 1359 1119 1390 rex
1159 1347 1344 1391 territus
1379 1347 1527 1392 rediit.
1601 1361 1651 1392 ea
1689 1354 1822 1393 nocte
1845 1362 1892 1394 15

226 1411 476 1471 hospitium
505 1414 691 1464 corruit,
722 1414 841 1474 quod
867 1416 966 1474 regi
992 1414 1140 1460 fuerat
1164 1423 1497 1476 praeparatum.

0 1527 74 1586 ἕω·
138 1580 143 1584 »
187 1559 190 1563 ’
711 1547 809 1600 VI.
850 1548 943 1600 De
981 1550 1336 1604 ominibus

101 1654 142 1705 5,
169 1655 189 1694 1
333 1652 370 1693 1.
409 1650 657 1711 Postquain
678 1661 892 1712 ceperant
910 1653 1019 1699 Galli
1047 1654 1100 1699 de
1126 1654 1237 1700 urbe
1257 1655 1510 1706 uictoriam,
1535 1660 1690 1716 patres
1714 1668 1819 1700 con-

223 1722 381 1781 scripti
418 1720 728 1768 deliberabant
763 1725 959 1784 migrare
994 1724 1143 1775 Veios,
1181 1739 1281 1770 cum
1317 1726 1520 1773 centurio
1557 1724 1818 1771 cohortibus

222 1791 350 1850 signa
378 1791 681 1838 referentibus
708 1794 947 1850 exclamat:
989 1793 1221 1854 ‘signifen
1248 1796 1320 1841 hic
1345 1795 1433 1855 fige
1460 1797 1610 1855 signa:
1648 1797 1818 1856 optime
1842 1812 1890 1844 20

220 1861 547 1910 manebimus’.
597 1865 793 1923 paritum
822 1866 961 1910 omini
987 1873 1071 1911 est.

101 1934 140 1982 5,
163 1935 188 1973 2
326 1936 365 1977 2.
405 1931 613 1979 Camillus
650 1942 859 1994 precatus
895 1936 1004 1981 deos
1042 1943 1112 1982 est
1144 1936 1304 1996 populi
1330 1936 1378 1984 R.
1404 1936 1595 1982 florente
1621 1936 1817 1986 fortuna,

219 2008 271 2046 ut
297 2003 335 2046 si
363 2004 465 2062 quis
492 2003 680 2048 deorum
707 2005 911 2050 felicitati
939 2007 1002 2051 rei
1030 2021 1071 2066 p.
1103 2007 1340 2057 inuideret,
1366 2021 1449 2066 per
1474 2006 1706 2052 Camillum
1733 2006 1817 2052 sibi

221 2072 518 2123 satisfaceret,
548 2081 594 2118 et
620 2075 703 2120 sub
722 2075 863 2121 uerbo
886 2076 1063 2122 decidit.
1110 2077 1324 2137 probauit
1345 2091 1476 2122 omen
1495 2076 1675 2122 exilium
1697 2075 1818 2136 quod

218 2142 473 2188 insecutum
500 2150 581 2188 est.
1839 2153 1886 2185 25

97 2219 139 2270 5,
162 2221 187 2260 3
326 2215 363 2257 3.
403 2213 449 2258 L.
479 2213 616 2259 Paulo
646 2214 819 2260 consuli
849 2222 973 2260 sorte
1001 2218 1153 2261 euenit
1188 2217 1423 2276 prouincia
1449 2215 1706 2261 Macedonia
1741 2215 1815 2261 ad-

218 2295 381 2328 uersus
406 2283 589 2328 Persem
616 2298 783 2343 regem.
830 2299 1043 2331 reuersus
1066 2287 1246 2332 domum
1275 2287 1449 2331 inuenit
1468 2299 1654 2346 paruam
1678 2284 1814 2331 filiam

217 2351 415 2398 flentem.
469 2357 704 2412 quaerenti
733 2370 889 2401 causas
915 2357 990 2401 illa
1015 2357 1274 2416 respondit:
1315 2355 1406 2401 ‘mi
1431 2365 1581 2417 pater,
1617 2355 1654 2414 †
1673 2357 1815 2402 Mace-

216 2423 345 2468 donis
373 2430 442 2469 est
466 2424 732 2471 mortuus':
778 2426 866 2472 hoc
891 2429 1073 2473 nomine
1102 2427 1290 2473 catellus
1326 2424 1489 2473 suerat.
1541 2426 1616 2472 ille
1650 2428 1696 2471 in
1731 2427 1814 2471 tri—

214 2494 370 2554 umphi
400 2507 526 2555 spem
554 2509 686 2542 omen
713 2498 899 2557 accepit.
1832 2504 1880 2536 30

326 2658 352 2700 3
372 2658 547 2714 fanum]
571 2660 759 2714 planum
783 2662 818 2702 Ο
870 2663 897 2702 4
919 2663 1130 2704 secundis
1151 2663 1336 2703 flatibus
1356 2661 1640 2703 Kellerbauer
1688 2662 1714 2701 8
1733 2666 1812 2700 ne*

213 2727 299 2766 que
324 2715 487 2756 Christ:
510 2730 600 2757 non
621 2717 739 2769 quod
754 2718 787 2758 C
830 2719 880 2758 11
904 2718 1236 2760 dominationes
1257 2732 1400 2772 penas
1423 2731 1527 2759 aree
1551 2716 1757 2758 delectus
1781 2715 1815 2756 Ο

212 2772 265 2810 14
285 2771 332 2811 in
352 2771 441 2812 iter
459 2773 577 2813 Mai:
608 2774 728 2814 inter
752 2774 785 2814 G
861 2776 913 2815 15
936 2776 1137 2815 cecinxit
1159 2776 1193 2816 G
1269 2777 1320 2816 19
1342 2775 1495 2822 Veios]
1518 2773 1646 2814 heles
1670 2772 1703 2812 G
1758 2773 1813 2836 29

211 2827 397 2880 signisti
416 2828 491 2868 hic
516 2829 550 2869 0
623 2831 676 2871 27
697 2830 906 2884 Persem]
930 2830 981 2872 se
1009 2832 1042 2872 0
1078 2829 1096 2885 ΙΙ
1135 2833 1347 2872 inueniat
1370 2831 1403 2871 G
1474 2832 1528 2871 28
1549 2827 1812 2894 macedonis

211 2882 265 2980 gg
285 2884 400 2981 §zozzen
418 2884 1176 2992 ἴθι-ξεῗιῖςοἒαηέῑᾷἱιξέιὲνοξῖἰθὲουίε
1196 2889 1364 2940 foedum
1380 2888 1611 2938 ,qlossemm
1641 2884 1698 2936 ef.
1725 2884 1812 2926 Cw.
