1924 3152
547 107 666 153 cAP.
694 105 771 158 v1,
800 106 897 151 En.
925 105 955 164 g
982 107 1125 149 2-5,
1165 103 1259 155 vn,
1291 105 1332 147 1.
1650 95 1756 149 259

123 217 295 289 perio.
356 215 455 269 ubi
489 223 616 268 sunt
652 193 924 285 superbae
949 212 1315 281 Karthaginis
1353 209 1465 264 alta
1501 210 1756 263 moenia?

123 287 222 341 ubi
250 285 522 338 maritima
547 285 726 356 gloria
759 283 955 355 inclyti
981 283 1212 355 portus?
1261 281 1358 335 ubi
1394 281 1606 334 cunctis
1634 279 1756 333 lito-

37 374 41 379 *
124 358 279 412 ribus
307 356 572 410 terribilis
601 355 793 409 classis
811 356 839 408 ⁶?
902 355 1000 408 ubi
1027 363 1109 408 tot
1135 352 1452 407 exercitus?
1515 352 1612 406 ubi
1638 359 1755 404 tan-

126 436 214 482 tus
244 428 560 499 equitatus?
608 426 706 480 ubi
739 427 987 479 inmenso
1016 425 1242 478 Africae
1283 423 1464 495 spatio
1492 442 1604 477 non
1631 442 1755 477 con-

80 554 83 556 ,
125 500 265 554 tenti
285 498 548 569 spiritus?
589 497 774 551 omnia
793 496 900 549 ista
922 497 1136 550 duobus
1161 495 1510 566 Scipionibus
1534 494 1757 547 fortuna
1781 517 1801 549 5

123 569 459 642 partita‘est:
512 576 571 621 at
596 567 986 621 Philaenorum
1022 568 1231 637 egregii
1265 566 1400 618 facti
1437 567 1755 619 memoriam

123 659 192 693 ne
218 640 434 711 patriae
461 638 685 711 quidem
709 639 963 692 interitus
992 638 1248 692 extinxit.
1298 636 1436 689 nihil
1473 645 1555 689 est
1587 637 1758 706 igitur

125 719 358 782 excepta
381 711 587 764 uirtute
622 709 768 781 quod
802 708 1024 763 mortali
1059 710 1243 762 animo
1271 727 1334 761 ac
1363 726 1529 760 manu
1555 709 1756 761 inmor-

125 781 236 836 tale
264 782 455 854 quaeri
480 781 676 852 possit.

233 853 283 906 5.
324 851 578 917 quenali
602 851 800 906 ardore
824 851 987 922 plena
1011 851 1147 904 haec
1172 852 1369 922 pietas.
1431 849 1757 903 Aristoteles
1786 874 1824 906 ιο

127 942 285 990 uero,
327 942 613 994 supremae
649 924 797 975 uitae
834 921 1099 993 reliquias
1136 921 1403 976 senilibus
1443 939 1506 973 ac
1543 922 1758 991 rugosis

126 994 386 1048 membris
427 995 484 1046 in
520 1013 732 1048 summo
778 993 1087 1047 litterarum
1125 994 1238 1047 otio
1276 994 1374 1061 uix
1419 992 1758 1060 custodiens,

127 1065 264 1119 adeo
290 1063 540 1118 ualenter
565 1083 663 1136 pro
693 1065 869 1119 salute
895 1065 1109 1136 patriae
1135 1064 1413 1130 incubuit,
1452 1073 1513 1116 ut
1539 1083 1662 1116 eam
1688 1063 1759 1117 ab

127 1135 424 1190 hostilibus
453 1137 618 1188 armis
648 1135 762 1188 solo
790 1145 1082 1207 aequatam
1116 1136 1175 1187 in
1200 1135 1400 1189 lectulo
1429 1134 1760 1187 Atheniensi

92 1225 95 1227 “
127 1207 339 1274 iacenS,
379 1216 434 1259 et
471 1205 695 1278 quidem
719 1206 1088 1261 Macedonum
1113 1207 1396 1273 manibUS,
1436 1206 1637 1278 quibus
1665 1205 1757 1259 ab·
1785 1228 1826 1261 15

126 1279 270 1331 iecta
296 1284 432 1343 erat,
471 1278 724 1346 erigeret.
775 1279 854 1330 ita
880 1287 983 1331 tam
1009 1278 1141 1331 urbs
1172 1285 1347 1330 strata
1373 1286 1539 1349 atque
1567 1294 1761 1330 euersa

126 1347 435 1407 Alexandri
460 1367 623 1420 quam
648 1349 908 1401 restituta
934 1348 1250 1402 Aristotelis
1277 1357 1468 1403 notum
1494 1356 1578 1400 est
1604 1367 1761 1419 opus.

125 1427 281 1491 patet
306 1438 435 1489 ergo
464 1438 629 1491 quam
655 1420 927 1490 benignae
953 1439 1224 1492 quamque
1250 1419 1511 1491 profusae
1537 1419 1760 1490 pietatis

127 1509 259 1560 erga
282 1491 523 1562 patriam
559 1492 802 1544 omnium
828 1490 1112 1558 ordinum,
1150 1492 1326 1543 omnis
1362 1491 1562 1547 aetatis
1589 1489 1761 1544 homi-

127 1580 239 1630 nesx
253 1563 561 1629 extiterint,
600 1563 1075 1634 sanctissimisque
1108 1571 1339 1615 naturae
1365 1562 1583 1632 legibus
1611 1561 1757 1613 miri·
1784 1586 1825 1616 20

128 1631 359 1685 ficorum
397 1633 565 1686 etiam
599 1632 976 1703 exemplorum
1010 1634 1157 1686 clara
1193 1632 1397 1687 mundo
1425 1633 1759 1704 subscripsit

130 1703 376 1770 ubertas.

130 1843 263 1897 VII.
305 1848 403 1905 DE
436 1848 836 1897 PARENTVM
871 1848 1122 1898 AMORE
1146 1848 1239 1897 ET
1262 1847 1759 1898 INDVLGENTIA

728 1920 813 1967 IN
834 1919 1154 1968 LIBEROS.
1760 1947 1768 1951 ·

237 2014 348 2067 Det
382 2033 526 2067 nunc
559 2014 684 2067 uela
716 2015 793 2084 pii
831 2024 884 2067 et
917 2014 1124 2086 placidi
1159 2015 1411 2068 adfectus
1447 2015 1760 2086 parentium
1784 2035 1824 2066 25

131 2103 263 2155 erga
311 2084 512 2140 liberos
561 2086 910 2155 indulgentia
960 2085 1276 2158 salubrique
1321 2105 1456 2139 aura
1499 2093 1762 2157 prouecta

132 2166 354 2227 gratam
382 2156 674 2210 suauitatis
702 2159 885 2210 dotem
912 2176 1099 2210 secum
1125 2158 1362 2211 adferat.

241 2228 288 2280 1.
317 2228 525 2281 Fabius
549 2226 856 2295 Rullianus,
885 2230 1124 2301 quinque
1146 2228 1524 2284 consulatibus
1547 2247 1762 2281 summa

133 2361 204 2405 rui
230 2362 354 2420 passi
380 2368 546 2406 essent.
591 2375 683 2406 non
710 2361 929 2421 fugerunt
955 2363 1271 2408 condicionem
1298 2364 1505 2415 iuuenes,
1533 2370 1671 2423 atque
1696 2364 1759 2408 ita
1787 2360 1880 2393 Par·

133 2429 309 2490 patriae
334 2430 570 2490 longiores
599 2434 818 2477 terminos
848 2447 982 2492 quam
1009 2433 1133 2479 uitae
1161 2447 1269 2479 suae
1295 2447 1396 2479 esse
1424 2434 1698 2479 maluerunt.
1781 2444 1824 2476 30

242 2502 280 2544 1.
318 2500 414 2545 DE
445 2501 819 2576 PARENTVM
854 2503 1092 2549 AMORE
1123 2504 1202 2549 IN
1234 2503 1536 2550 LIBEROS.
1592 2504 1760 2549 Fabius
1815 2508 1824 2518 ¹

249 2639 275 2678 6
298 2642 347 2678 at
369 2638 419 2678 b.-
443 2651 471 2678 a
493 2638 535 2679 B
596 2639 619 2678 7
643 2650 726 2679 ne*
748 2638 791 2678 B
849 2640 875 2680 8
898 2641 1019 2692 quod
1041 2640 1083 2679 B
1104 2654 1220 2684 corr.
1244 2655 1266 2681 e
1290 2653 1427 2693 quam
1486 2643 1512 2682 9
1534 2633 1761 2694 possctB'

137 2696 188 2735 11
213 2707 453 2748 supremas
475 2696 617 2736 Periz.
683 2697 735 2748 13
760 2697 982 2736 excubuit
1003 2698 1213 2738 Foertsclz
1234 2700 1275 2745 2,
1300 2700 1357 2737 25
1389 2694 1410 2752 ll
1453 2698 1510 2738 ab
1533 2698 1601 2738 B:
1631 2711 1708 2739 om.
1733 2708 1762 2742 ς

137 2753 190 2793 15
211 2752 424 2803 equidem
450 2753 530 2802 CF,
554 2751 706 2793 *nde*
727 2753 783 2802 B,
806 2766 919 2794 corr.
943 2754 1083 2794 Aldus
1125 2755 1176 2794 16
1200 2754 1467 2807 eriperetB‚
1491 2768 1564 2795 em.
1590 2754 1756 2808 ΑῖιίιιεΙΙ

137 2807 204 2848 ita
227 2806 274 2849 ta
293 2822 355 2848 m:
386 2810 454 2849 ita
476 2806 539 2862 (in
561 2815 753 2851 extremo
775 2810 922 2860 uersu)
945 2809 1000 2859 B,
1023 2811 1092 2850 ita
1113 2823 1205 2851 non
1227 2814 1322 2852 tam
1338 2811 1362 2851 b
1392 2807 1412 2865 Η
1452 2812 1560 2853 urbs
1578 2811 1619 2851 B
1641 2825 1758 2852 corr.

137 2876 196 2903 eae
215 2865 328 2905 urbe
389 2867 441 2906 21
465 2879 574 2907 cara
596 2869 653 2907 al.
674 2864 695 2921 [1
715 2867 994 2920 subscripsit
1015 2867 1204 2908 ubertas
1228 2869 1331 2908 dett.
1350 2870 1538 2922 aliquot:
1561 2870 1764 2921 suscrip-

137 2923 338 2962 tuumtas
361 2922 416 2970 B,
440 2924 671 2976 suscripta
692 2925 928 2965 testantur
944 2923 968 2964 b
1028 2924 1083 2964 28
1105 2924 1354 2965 rutilianus
1378 2925 1420 2965 B

1400 2996 1508 3048 17*
