1936 3120
560 149 677 197 CAP.
704 149 773 201 VI,
799 149 898 196 Ext.
927 148 957 208 g
984 153 1025 196 -2,
1061 147 1206 223 νας
1234 151 1374 195 1-4.
1668 142 1772 196 457

162 259 371 313 fantem
395 260 706 324 Praeneste,
734 257 954 310 tertium
981 264 1107 328 post
1131 258 1301 328 patris
1329 264 1557 310 mortem
1582 263 1774 309 natum

164 331 370 384 Romae
397 329 722 394 decessisse,
759 347 934 399 neque
970 336 1218 400 oportere
1254 327 1591 380 clarissimae
1615 327 1774 380 fami-

164 401 272 454 liae
313 401 531 471 ignotas
578 400 762 454 sordes
806 399 1000 452 inseri:
1061 417 1183 451 cum
1225 399 1448 452 interim
1481 397 1775 469 inprouida

165 473 471 542 concitatae
503 470 871 523 multitudinis
909 470 1186 524 temeritas
1212 501 1284 509 —
1316 489 1417 540 pro
1452 469 1776 540 inpudentia

167 550 222 596 et-
245 542 502 596 audacia!
532 573 600 581 —
637 541 901 594 aduersus
931 540 1275 595 consulatum
1301 549 1354 593 et
1381 559 1668 593 censuram
1693 548 1768 599 te,-
1793 555 1815 590 5

164 613 342 666 tendit
389 612 772 684 principesque
823 631 951 666 suos
1004 613 1154 666 omni
1196 611 1535 682 petulantiae
1577 629 1776 681 genere

167 684 408 737 uexauit.

271 755 322 808 3.
350 754 612 806 Vaesana
635 753 769 806 haec
795 762 1010 807 tantum
1030 753 1211 821 modo,
1239 753 1335 806 illa
1361 754 1526 806 etiam
1552 761 1777 807 cruenta

167 825 382 879 seditio.
456 824 690 895 populus
729 826 871 877 enim
911 823 1219 892 Nunnium,
1257 826 1654 895 conpetitorem
1681 823 1775 877 Sa-

165 896 390 962 turnini,
417 913 614 948 nouem
640 896 749 948 iam
776 896 971 948 creatis
999 896 1232 949 tribunis
1259 914 1475 966 unoque
1501 894 1621 948 loco
1645 895 1775 948 duo·
1799 911 1840 943 10

164 967 270 1020 bus
306 966 615 1020 candidatis
650 974 917 1033 restante,
953 967 1010 1019 ui
1044 968 1196 1038 prius
1236 967 1294 1018 in
1329 967 1492 1019 aedes
1527 967 1775 1036 priuatas
1873 973 1876 976 ’

168 1036 438 1108 conpulit,
467 1045 772 1091 extractum
799 1037 996 1090 deinde
1022 1038 1323 1104 interemit,
1362 1046 1421 1090 ut
1448 1037 1614 1090 caede
1639 1038 1775 1090 inte-

167 1109 390 1179 gerrimi
426 1109 564 1162 ciuis
605 1108 841 1162 facultas
882 1108 1208 1180 apiscendae
1244 1109 1534 1180 potestatis
1578 1116 1776 1162 taeter-

166 1181 304 1233 rimo
333 1179 442 1231 ciui
470 1179 710 1232 daretur.

273 1251 323 1302 4.
348 1249 697 1304 Creditorum
719 1242 932 1321 quoqu'e
952 1250 1321 1304 consternatio
1346 1250 1611 1302 aduersus
1628 1249 1774 1303 Sem·
1798 1265 1841 1300 15

165 1321 326 1392 proni
361 1320 658 1374 Asellionis
695 1321 960 1391 praetoris
996 1321 1194 1374 urbani
1237 1330 1403 1391 caput
1445 1319 1779 1374 intolerabili

165 1391 328 1445 modo
357 1392 579 1444 exarsit.
632 1410 818 1463 quem,
855 1392 985 1462 quia
1010 1410 1234 1444 causam
1261 1391 1570 1444 debitorum
1597 1409 1777 1444 susce-

166 1470 341 1534 perat,
370 1463 627 1515 concitati
654 1481 686 1515 a
704 1463 768 1515 L.
791 1461 978 1516 Cassio
1006 1463 1226 1516 tribuno
1254 1463 1328 1533 pl.
1355 1481 1455 1533 pro
1483 1461 1616 1515 aede
1638 1461 1777 1516 Con-

169 1533 388 1586 cordiae
425 1533 753 1586 sacrificium
789 1533 1083 1586 facientem
1120 1533 1190 1586 ab
1225 1534 1361 1605 ipsis
1399 1532 1669 1586 altaribus
1695 1533 1777 1585 fu-

168 1621 298 1672 gere
324 1612 481 1656 extra
505 1603 683 1656 forum
710 1612 957 1656 coactum
978 1605 1140 1676 inque
1159 1603 1450 1658 tabernula
1469 1604 1778 1657 latitantem
1801 1622 1843 1656 20

167 1682 571 1745 praetextatum
599 1673 1020 1746 discerpserunt.

169 1849 311 1881 unum
337 1836 383 1881 in
410 1834 614 1881 Sardinia
644 1836 868 1897 stipendia
895 1844 1157 1889 merentem,
1186 1837 1376 1884 alterum
1402 1837 1619 1884 infantem
1645 1836 1776 1882 Prae·
1799 1847 1890 1882 Par.

169 1914 320 1957 neste,
361 1907 543 1952 tertium
580 1914 686 1967 post
722 1909 864 1968 patris
901 1914 1094 1954 mortem
1131 1916 1286 1954 natum
1312 1909 1477 1955 Romae
1515 1908 1775 1955 decessisse.

169 1980 208 2023 3.
247 1976 450 2038 Populus
477 1977 703 2024 Romanus
740 1979 1073 2039 conpetitorem
1110 1979 1340 2026 Saturnini
1367 1980 1594 2026 Nunnium
1632 1981 1775 2025 ciuem

168 2048 397 2108 integrum
434 2048 621 2099 occidit,
670 2056 722 2095 ut
758 2049 1075 2110 adipiscendae
1122 2051 1374 2111 potestatis.
1402 2051 1591 2097 facultas
1627 2056 1776 2096 taetro
1800 2059 1842 2093 25

172 2119 342 2165 homini
368 2119 563 2165 daretur.
638 2123 680 2168 4.
720 2119 1036 2181 Sempronium
1054 2122 1334 2167 Asellionem
1360 2129 1618 2182 praetorem
1647 2121 1778 2167 urba-

167 2203 274 2234 num
300 2204 326 2235 a
349 2189 400 2236 L.
427 2189 581 2236 Cassio
619 2191 836 2237 concitati
863 2192 1135 2244 creditores,
1174 2193 1295 2254 quod
1330 2194 1367 2238 is
1394 2207 1575 2238 causam
1603 2192 1779 2238 debito-

167 2274 268 2306 rum
296 2268 583 2322 susceperat,
619 2276 703 2322 pro
743 2262 853 2308 aede
880 2262 1156 2310 Concordiae
1194 2263 1546 2314 sacrificantem,
1585 2263 1639 2309 ab
1666 2264 1778 2324 ipsis

168 2331 258 2375 aris
295 2330 452 2390 sugere
487 2338 717 2382 coactum,
763 2334 806 2377 in
855 2333 1113 2385 tabernula,
1163 2349 1294 2394 quam
1341 2336 1557 2395 petierat,
1608 2333 1779 2380 discer-

169 2407 375 2460 pserunt.
1799 2413 1843 2445 30

281 2566 309 2605 4
328 2564 625 2618 inprudentia
646 2565 688 2606 B
711 2572 752 2607 et
779 2567 893 2614 Vat„
918 2581 992 2610 em.
1015 2568 1194 2621 Piylzius
1272 2570 1297 2609 5
1320 2567 1542 2609 aduersus
1571 2567 1670 2607 Vat.
1686 2581 1700 2607 .·
1734 2571 1780 2608 et

170 2620 392 2662 aduersus
413 2621 456 2662 B
533 2624 559 2663 9
599 2622 827 2663 Nunnium
850 2623 935 2663 BP
962 2623 1077 2675 (item
1098 2625 1196 2664 Liu.
1224 2625 1416 2677 perioclz.
1441 2624 1541 2675 68).·
1572 2624 1774 2674 minium,

167 2678 359 2718 nimium
380 2683 460 2719 etc.
483 2679 608 2719 codd.
632 2680 763 2725 dett.,·
783 2679 979 2720 Ninnius
999 2680 1201 2721 scribitur
1220 2683 1264 2721 in
1286 2682 1379 2722 cod.
1403 2680 1552 2720 Bamb.
1575 2681 1697 2722 Flori
1705 2681 1776 2728 II,

169 2737 196 2775 4
219 2734 283 2784 (3,
306 2734 394 2788 16).
438 2737 490 2776 13
513 2733 897 2788 adipiscendaeP
937 2739 990 2778 15
1011 2737 1274 2790 sempronii}
1294 2736 1365 2787 (—
1386 2738 1453 2777 nii
1474 2737 1609 2790 corr.)
1632 2737 1675 2777 B
1724 2739 1779 2778 20

166 2791 417 2833 tabernula
437 2791 491 2839 B,
513 2793 594 2832 sed
611 2792 691 2832 ula
710 2794 754 2832 in
772 2806 876 2838 ras..
898 2793 1205 2834 tabernacula
1229 2793 1306 2834 GE
1343 2790 1364 2848 Π
1403 2794 1667 2834 latitantem
1687 2791 1780 2846 fiti-

167 2860 292 2889 more
313 2849 462 2900 petita
485 2845 585 2902 (sic)
608 2848 950 2902 discerpserunt
971 2849 1049 2891 det
1068 2850 1110 2890 B
1132 2853 1174 2890 in
1196 2852 1325 2890 litura

282 2905 338 2944 24
357 2904 587 2946 Nunnium
616 2905 661 2945 V
674 2918 788 2953 corr.
812 2919 835 2947 e
856 2906 1117 2947 nuntiatum
1193 2907 1248 2947 28
1272 2907 1329 2947 ab
1352 2907 1466 2960 ipsis
1489 2930 1540 2935 —
1566 2908 1779 2947 coactum

175 2961 219 3001 V
234 2973 347 3004 corr.
372 2974 430 3002 εα-
457 2963 581 3005 Vah:
611 2961 727 3016 fuga
754 2963 798 3003 V
807 2976 879 3015 pr.
902 2976 970 3011 m„
990 2964 1096 3016 fort.
1116 2963 1326 3016 fugatum
1366 2966 1421 3005 29
1444 2959 1693 3005 tabernula
1719 2962 1760 3003 V
1766 2958 1779 2974 '
