1936 3120
199 139 305 190 370
888 143 985 189 LIB.
1026 142 1111 188 vn.
1183 137 1185 139 ¹

199 268 427 318 rumque
455 249 756 315 ¹uberrimis
803 249 1122 318 quaestibus
1167 249 1405 320 locuples
1449 251 1656 315 factm,
1701 269 1809 303 non
1881 299 1883 302 ,

203 318 375 369 solum
413 319 605 369 ceteris
653 319 800 370 uitae
837 319 1172 388 temporibus
1220 320 1267 370 ei
1306 339 1364 372 se
1399 320 1646 372 fortunas
1683 339 1811 373 suas

199 388 526 457 relinquere,
566 405 597 439 a
623 406 727 457 quo
765 399 1078 458 acceperat,
1118 390 1485 459 praedicauit,
1525 390 1621 442 sed
1647 391 1810 442 etiam
1846 430 1862 446 t

200 458 377 527 pridie
405 475 565 528 quam
596 459 873 527 expiraret
899 461 1042 510 idem
1070 460 1219 511 istud
1247 459 1353 529 ipsi
1372 461 1624 529 Augusto
1652 461 1809 527 dixit,

155 549 176 579 5
201 545 322 578 cum
348 528 565 579 interim
592 529 658 578 ne
681 547 874 579 nomen
896 530 1113 599 quidem
1138 530 1250 591 eius
1272 531 1473 582 tabulis
1497 526 1810 582 testanicnti

200 597 414 650 adiecit.

312 668 359 718 7.
402 667 464 718 L.
494 677 673 718 autem
698 667 970 734 Valerius,
1000 669 1084 719 cui
1105 686 1400 736 cognomen
1423 669 1809 738 Heptachordo

202 738 333 801 fuit,
374 746 619 806 togatum
657 737 865 790 hostem
905 738 1213 790 Cornelium
1250 738 1486 791 Balbum
1531 748 1805 809 expertUS,

201 817 389 876 utpote
420 826 586 877 opera
625 808 741 859 eius
770 818 824 859 et
850 808 1074 860 consilio
1114 807 1464 877 conpluribus
1493 809 1720 878 priuatis
1749 809 1808 860 li·

137 900 177 928 10
201 877 347 928 tibus
394 886 626 928 uexatus
672 879 740 929 ad
783 877 1145 948 ultimumque
1197 879 1441 931 subiecto
1493 888 1808 931 accusatore

199 946 417 1016 capitali
463 949 685 998 crimine
727 957 1041 1013 aecusatuS,
1087 949 1392 1018 praeteritis
1437 949 1719 1001 aduocatis
1757 959 1810 1001 et

196 1018 438 1087 patronis
469 1020 579 1073 suis
622 1016 797 1068 solum
835 1018 1089 1069 heredem
1116 1018 1350 1088 reliquit.
1403 1019 1655 1070 nimirum
1683 1038 1806 1072 con-

199 1087 489 1153 sternatio,
539 1106 678 1157 quae
714 1090 956 1140 animum
995 1089 1109 1140 eius
1144 1098 1515 1140 transuersum
1554 1090 1666 1158 egit
1709 1111 1732 1139 *
1763 1111 1803 1140 ια.

197 1157 403 1208 amauit
442 1160 583 1208 enim
622 1158 808 1210 sordes
846 1177 970 1210 suas
999 1168 1053 1210 et
1079 1158 1273 1210 dilexit
1309 1159 1552 1228 pericula
1579 1174 1632 1211 et
1659 1160 1805 1211 dam-

136 1248 175 1279 15
201 1227 477 1279 nationem
504 1229 646 1279 uotis
676 1229 960 1298 expetiuit,
991 1237 1267 1281 auctorem
1294 1229 1481 1279 harum
1508 1248 1687 1280 rerum
1715 1231 1805 1282 be-

198 1296 517 1362 niuolentia,
546 1297 980 1366 propulsatorem
1007 1299 1132 1350 odio
1158 1298 1453 1350 insecutus,

303 1368 349 1418 8.
394 1368 457 1418 T.
489 1368 691 1419 Barrus
718 1368 951 1420 Lentulo
980 1367 1285 1437 Spintheri,
1314 1369 1468 1420 euius
1496 1369 1804 1420 amantissi—

196 1455 343 1487 mum
372 1437 608 1487 animum
640 1437 1186 1508 liberalissimamque
1214 1439 1510 1490 amicitiam
1539 1448 1803 1504 senserat,

199 1506 467 1558 decedens
489 1506 677 1558 anulos
707 1527 831 1559 suos
860 1507 1273 1577 perindetatque
1298 1510 1459 1569 unico
1487 1508 1671 1560 heredi
1698 1517 1804 1560 tra-

133 1598 175 1629 20
200 1576 357 1641 didit,
382 1594 541 1646 quem
563 1577 712 1628 nulla
726 1596 791 1628 ex
807 1587 961 1646 parte
978 1577 1227 1628 heredem
1250 1578 1611 1648 relinquebat.
1640 1597 1803 1649 quan-

196 1655 310 1698 tum
331 1645 424 1697 illo
445 1658 716 1698 momento
737 1648 994 1717 temporis
1024 1649 1373 1713 conscientia,
1403 1649 1447 1699 si
1468 1649 1629 1701 modo
1656 1649 1801 1700 uires

197 1735 328 1786 quas
366 1716 565 1767 habere
603 1717 845 1769 ereditur
880 1718 1151 1787 possidet,
1190 1737 1222 1769 a
1248 1720 1561 1770 taeterrimo
1588 1720 1804 1770 homine

197 1786 521 1856 supplicium
560 1789 766 1855 exegit!
808 1789 949 1840 inter
990 1790 1166 1858 ipsam
1205 1790 1348 1839 enim
1386 1787 1597 1840 fallacis
1637 1797 1690 1840 et
1723 1790 1802 1840 in-

195 1867 385 1925 gratae
430 1856 622 1927 culpae
667 1859 1051 1925 cogitationem
1094 1861 1345 1927 spiritum
1390 1860 1594 1929 posuit,
1647 1859 1802 1928 quasi

131 1949 172 1978 25
196 1935 400 1979 tortore
428 1927 608 1996 aliquo
637 1936 873 1979 mentem
901 1929 1015 1980 eius
1036 1929 1181 1979 intus
1204 1929 1495 1995 cruciante,
1525 1927 1667 1999 quod
1690 1929 1801 1979 ani²

194 1997 574 2050 maduertebat
613 2017 640 2048 e
678 1999 794 2049 uita
831 1998 899 2049 ad
946 2006 1171 2051 mortem
1219 2001 1508 2050 transitum
1553 2017 1711 2050 suum
1748 2006 1832 2050 et-

195 2067 405 2135 superis
435 2068 518 2118 dis
546 2068 782 2118 inuisum
811 2087 931 2122 esse
958 2077 1012 2119 et
1040 2068 1230 2118 inferis
1259 2067 1634 2119 detestabilem
1655 2068 1799 2119 futu-

194 2154 328 2187 rum.

78 2275 172 2309 Par.
201 2263 453 2299 castrenses
482 2255 743 2313 perductus,
772 2269 827 2298 ne
854 2269 1016 2299 nomeu
1040 2255 1216 2314 quidem
1239 2256 1335 2298 eius
1356 2255 1520 2299 tubulis
1544 2258 1799 2299 testamenti

132 2334 174 2364 30
198 2325 403 2368 inseruit.
482 2328 522 2367 7.
559 2325 605 2368 L.
639 2325 839 2369 Valerius
867 2325 1209 2383 Heptachordus
1237 2325 1492 2369 Cornelium
1521 2325 1701 2369 Bulbum
1728 2339 1799 2370 ac·

195 2401 449 2438 cusatorem
479 2401 523 2438 et
551 2395 778 2439 inimicum
807 2409 936 2438 suum
965 2395 1152 2454 reliquit
1180 2396 1401 2439 heredem.
1477 2399 1520 2440 8.
1561 2395 1607 2439 T.
1637 2396 1799 2440 Barrus

146 2485 149 2487 ·
195 2465 387 2509 Lentulo
415 2464 644 2524 Spintheri
683 2465 903 2510 decedens
941 2466 1101 2509 anulos
1139 2479 1246 2509 suos
1286 2465 1471 2523 perinde
1499 2472 1634 2523 atque
1662 2466 1797 2510 unico

194 2535 345 2578 heredi
382 2535 587 2583 tradidit,
636 2549 768 2594 quem
810 2536 928 2579 nulla
969 2549 1018 2579 ex
1066 2542 1192 2594 parte
1243 2535 1526 2593 relinquebat
1572 2535 1797 2579 heredem.

309 2646 330 2682 1
355 2643 702 2695 quaestionibus
725 2636 778 2682 B'
828 2625 864 2683 ι4-
884 2643 1066 2695 pr*diae
1088 2639 1146 2682 B'
1204 2645 1227 2682 7
1249 2642 1529 2695 heptaeordo
1552 2642 1594 2682 B
1651 2644 1678 2684 8
1699 2642 1795 2681 bal-

193 2699 297 2739 bum
324 2701 409 2738 Pb:
442 2700 611 2739 bellum
638 2700 676 2738 Β
754 2702 779 2739 9
821 2713 960 2752 opera
982 2701 1078 2741 edd.
1103 2704 1226 2740 uem:
1259 2711 1343 2750 ope
1366 2698 1408 2737 B
1480 2701 1530 2737 12
1571 2698 1795 2750 patroniis
1867 2718 1870 2720 v

193 2747 248 2794 B'
268 2751 287 2808 Η
309 2757 681 2795 consternatione
704 2756 728 2794 b
790 2759 840 2795 13
864 2755 1254 2806 consternatione,
1278 2767 1396 2805 quae
1416 2777 1460 2781 -—
1487 2754 1595 2804 egit,
1621 2754 1796 2792 amauit

193 2811 332 2851 etiam
356 2811 512 2850 sordes
535 2824 642 2851 suas
663 2812 869 2850 Fuertselz
891 2811 957 2858 II,
985 2814 1042 2850 34
1122 2813 1173 2850 16
1212 2811 1578 2862 propulsatorum
1603 2803 1670 2860 B',
1693 2821 1792 2861 pro·

193 2867 454 2918 pulsatores
478 2868 648 2918 Piyleius
716 2869 764 2907 17
792 2868 959 2907 Barrus
981 2867 1068 2905 Pb:
1099 2866 1313 2906 barrulus
1333 2865 1375 2904 B
1413 2861 1432 2918 ΙΙ
1471 2864 1672 2904 lentulus
1696 2866 1794 2917 pin-

192 2922 313 2963 theri
334 2915 388 2962 B‘
449 2924 502 2962 26
524 2935 652 2961 suum
674 2944 729 2950 --
751 2923 914 2962 inferis
937 2923 990 2962 de
1015 2922 1108 2971 (οἵη.
1134 2922 1224 2966 dis)
1247 2922 1288 2960 B
1309 2923 1351 2960 in
1369 2933 1459 2959 ras.
1482 2920 1607 2960 habet
