1924 3152
213 133 320 186 308
913 134 1014 181 LIB.
1050 133 1120 180 VI.
1178 168 1191 183 t

218 253 456 313 stragem
482 241 798 310 Saguntini,
834 241 1155 294 uictricibus
1181 239 1512 294 Hannibalis
1548 244 1727 310 armis
1745 243 1824 295 in-

218 324 303 367 tra
339 312 555 364 moenia
589 311 740 364 urbis
780 329 910 363 suae
948 309 1223 381 conpulsi,
1265 329 1386 363 cum
1423 312 1535 363 uim
1561 311 1825 365 Punicam

218 384 445 435 ulterius
474 383 761 452 nequirent
787 400 990 448 arcere,
1019 380 1228 433 collatis
1255 382 1314 432 in
1338 382 1519 434 forum
1545 400 1685 452 quae
1709 383 1825 435 uni·

221 455 415 523 cuique
461 461 616 504 erant
659 452 942 504 carissima
986 459 1147 522 atque
1189 452 1430 523 undique
1474 453 1823 505 circumdatis

174 546 195 577 5
221 523 572 594 accensisque
599 524 742 592 ignis
769 523 1144 588 nutrimentis,
1182 541 1249 574 ne
1285 541 1317 574 a
1343 523 1604 575 societate
1637 531 1826 576 nostra

220 594 602 660 desciscerent,
631 592 850 663 publico
879 602 933 644 et
958 595 1230 645 communi
1256 611 1389 662 rogo
1417 601 1587 645 semet
1612 594 1719 664 ipsi
1739 612 1823 644 su-

218 664 577 735 periecerunt.
637 663 967 716 crediderim
1001 671 1129 715 tunc
1163 664 1341 734 ipsam
1366 663 1561 725 Fidem
1588 662 1826 716 humana

217 735 439 801 negotia
477 734 842 804 speculantem
877 741 1143 785 maestum
1171 735 1406 802 gessisse
1431 733 1668 801 uultum,
1706 752 1823 803 per-

220 805 726 857 seuerantissimum
753 805 836 855 sui
862 804 1066 856 cultum
1100 803 1320 873 iniquae
1346 802 1596 855 fortunae
1620 804 1824 857 iudicio

153 898 194 928 10
215 883 329 927 tam
355 876 551 927 acerbo
579 875 732 926 exitu
760 875 1074 926 damnatum
1102 881 1454 926 cernentem.1

322 945 371 997 2.
412 945 567 997 Idem
592 944 925 1015 praestando
946 943 1178 996 Petelini
1205 944 1436 996 eundem
1460 943 1634 996 laudis
1660 943 1826 998 hono-

216 1035 330 1067 rem
356 1024 690 1067 meruerunt.
731 1015 800 1068 ab
821 1014 1152 1078 Hannibale,
1182 1015 1310 1085 quia
1330 1014 1562 1066 deficere
1582 1033 1614 1066 a
1638 1023 1828 1068 nostra
1899 1022 1902 1023 ’

217 1087 458 1138 amicitia
483 1085 798 1152 noluerant,
828 1085 1038 1137 obsessi
1062 1085 1270 1154 legatos
1300 1084 1370 1136 ad
1397 1093 1643 1138 senatum
1672 1085 1826 1137 auxi—

216 1155 350 1207 lium
375 1155 710 1226 inplorantes
739 1157 1018 1207 miserunt.
1081 1156 1278 1226 quibus
1306 1164 1530 1225 propter
1554 1163 1826 1208 recentem

153 1248 195 1279 15
219 1227 559 1279 Cannensem
606 1227 818 1278 cladem
862 1226 1106 1277 succurri
1162 1245 1272 1278 non
1320 1225 1521 1295 potuit:
1589 1233 1827 1278 ceterum

217 1297 542 1366 permissum
580 1306 662 1348 est
692 1298 771 1348 uti
806 1297 1052 1348 facerent
1078 1296 1223 1362 quod
1250 1295 1599 1348 utilissimum
1623 1295 1826 1349 incolu-

215 1367 395 1420 mitati
421 1367 664 1436 ipsorum
689 1367 986 1418 uideretur.
1038 1365 1269 1419 liberum
1297 1384 1426 1434 ergo
1455 1373 1572 1417 erat
1590 1366 1826 1428 Kartha-

217 1439 546 1506 giniensium
573 1438 807 1505 gratiam
835 1437 1106 1505 amplecti.
1156 1435 1235 1487 illi
1262 1444 1443 1488 tamen
1470 1435 1687 1487 feminis
1717 1455 1825 1489 om—

219 1507 382 1576 nique
412 1516 590 1559 aetate
616 1505 807 1559 inbelli
833 1507 968 1558 urbe
995 1514 1211 1574 egesta,
1250 1526 1356 1574 quo
1394 1506 1600 1558 diutius
1629 1506 1827 1558 armati

151 1598 195 1631 20
217 1576 419 1629 famem
460 1577 762 1643 traherent,
804 1577 1238 1647 pertinacissime
1274 1577 1330 1627 in
1364 1576 1534 1628 muris
1573 1577 1826 1629 constite-

218 1655 373 1714 runt,
421 1648 803 1718 expirauitque
840 1647 992 1717 prius
1031 1665 1216 1697 eorum
1263 1655 1380 1699 tota
1424 1646 1619 1699 ciuitas
1665 1665 1827 1717 quam

216 1717 328 1768 ulla
355 1737 424 1769 ex
451 1726 606 1787 parte
632 1727 942 1787 respectum
954 1717 1234 1769 Romanae
1255 1717 1529 1769 societatis
1558 1716 1825 1787 deposuit.

219 1788 405 1858 itaque
443 1787 746 1841 Hannibali
781 1807 890 1840 non
915 1786 1210 1853 Peteliam,
1251 1786 1348 1839 sed
1383 1787 1551 1839 fidum
1586 1786 1825 1840 Peteliae

217 1858 563 1928 sepulchrum
590 1877 784 1929 capere
810 1858 1058 1926 contigit.

150 2020 195 2065 25
358 1998 491 2051 VII.
539 2003 639 2051 DE
670 2003 845 2068 ΗΒΕ
889 2002 1196 2051 VXORVM
1230 2002 1415 2050 ERGA
1463 1983 1682 2050 meos.

327 2097 374 2146 1.
415 2096 598 2166 Atque
633 2104 695 2147 ut
730 2098 984 2149 uxoriam
1022 2114 1235 2166 quoque
1271 2095 1434 2146 fidem
1472 2096 1849 2163 attingamUS,⁴

217 2166 410 2218 Tertia
437 2165 702 2232 Aemilia,
732 2165 982 2218 Africani
1007 2165 1204 2235 prioris
1230 2185 1396 2232 uxor,
1425 2174 1599 2217 mater
1625 2164 1823 2218 Corne-

102 2304 193 2339 Par·
219 2297 272 2343 ad
299 2299 454 2343 ruinas
483 2300 655 2358 patriae
682 2298 833 2343 fideles
862 2298 1058 2342 suerunt.
1111 2302 1148 2342 2.
1177 2297 1366 2342 Petelini
1393 2297 1446 2342 ab
1474 2296 1719 2342 Hannibale
1747 2296 1825 2342 ob·

218 2371 332 2413 sessi
361 2369 572 2414 auxilium
600 2384 622 2414 a
650 2369 863 2414 Romanis
892 2375 1074 2413 orantes
1102 2369 1345 2427 petierunt.
1388 2367 1551 2427 quibus
1579 2369 1681 2427 quia
1708 2367 1826 2412 mitti

153 2449 196 2481 30
218 2452 310 2484 non
350 2441 502 2499 potuit
539 2438 790 2484 subsidium
828 2445 1018 2498 propter
1044 2439 1320 2483 Cannensem
1347 2438 1541 2488 cladem,
1578 2438 1730 2483 datum
1757 2451 1827 2482 re-

219 2523 438 2568 sponsum
467 2511 532 2554 uti
559 2509 758 2556 facerent
786 2509 906 2570 quod
933 2509 1046 2554 utile
1075 2509 1374 2554 incolumitati
1404 2522 1562 2554 eorum
1576 2508 1822 2554 uideretur.

331 2649 356 2686 6
379 2647 655 2688 desisterent
674 2647 731 2695 B,
754 2660 827 2687 em.
852 2646 1027 2698 Pighius
1049 2660 1070 2687 e
1088 2648 1185 2687 cod.
1198 2645 1376 2687 Susiano
1402 2641 1822 2697 (deficerenthy.)

217 2704 243 2742 8
267 2706 444 2742 aestum
466 2697 522 2742 B'
603 2705 651 2742 11
693 2703 880 2756 petilini
909 2702 972 2750 B,
1003 2705 1100 2743 item
1121 2702 1183 2742 bis
1203 2703 1341 2753 infra,
1373 2715 1447 2742 em.
1472 2716 1494 2743 e
1516 2702 1556 2741 P
1631 2701 1682 2739 12
1724 2712 1751 2738 a
1780 2711 1822 2738 n.

219 2759 427 2798 amicitia
450 2759 498 2798 h:
529 2758 686 2799 nostra
708 2757 916 2799 amicitia
935 2760 1003 2803 B‚·
1021 2760 1126 2810 fort.
1151 2758 1399 2800 destituere
1425 2756 1511 2808 (uel
1525 2754 1756 2807 deserere)
1779 2768 1823 2794 n.

221 2828 247 2854 a
296 2815 473 2854 icitiam
535 2817 585 2855 16
608 2817 705 2856 utei
727 2816 768 2855 B
830 2817 881 2856 19
904 2816 1048 2855 tutius
1070 2815 1126 2864 B,
1152 2828 1227 2856 em.
1250 2815 1424 2867 Pighius
1445 2827 1467 2854 e
1486 2814 1572 2854 suis
1593 2811 1711 2853 libris
1770 2814 1824 2853 23

218 2828 325 2926 fiai
345 2871 599 2925 petilianae
623 2874 715 2912 eod.
741 2872 894 2912 Αἰγεῖ).
955 2873 1008 2911 24
1031 2871 1288 2923 sepulcrum
1311 2871 1334 2910 b
1393 2870 1446 2910 25
1466 2869 1548 2910 DE
1571 2891 1626 2896 —
1645 2867 1824 2910 VIROS

218 2926 324 2968 B'in
346 2926 487 2975 litura,
511 2931 604 2968 ilem
627 2930 708 2969 dno
730 2942 850 2981 seqq.
873 2941 1022 2968 uersus
1044 2941 1171 2980 usque
1195 2928 1252 2967 ad
1272 2927 1410 2967 tertia
