1924 3152
577 117 698 165 GAP.
723 117 828 168 vl11,
856 116 886 176 g
912 119 1052 162 3—5.
1078 114 1175 161 Ext.
1199 115 1229 177 g
1256 117 1294 161 1.
1323 119 1364 161 2.
1421 169 1428 175 ,
1677 107 1783 161 213

150 236 297 296 runt,
326 227 531 280 liberas
560 233 726 298 atque
761 225 1013 278 inmunes
1052 241 1173 276 esse
1198 223 1395 278 iubet.'
1459 223 1659 294 quibus
1687 241 1781 276 au-

154 300 286 356 ditis
320 299 560 352 maximo
597 305 651 350 et
683 297 775 351 ino
819 295 971 362 inato
1008 295 1211 365 gaudio
1245 293 1493 348 homines
1521 294 1782 366 perculsi,

152 371 331 443 primo
356 369 531 423 ueluti
554 385 665 420 non
690 385 762 420 au
804 367 916 419 isse
943 384 1001 419 se
1022 383 1165 437 quae
1191 366 1481 423 audierant
1500 366 1783 419 credentes

157 442 534 514 opticuerunt:
562 439 763 492 iterata
789 437 990 491 deinde
1015 436 1466 508 pronuntiatione
1491 437 1780 507 praeconis

155 522 314 567 tanta
357 510 585 564 caelum*
622 508 876 562 clamoris
923 507 1207 560 alacritate
1250 507 1670 578 conpleuerunt‚
1720 517 1784 562 ut
1803 520 1826 554 5

156 591 305 637 certe
349 588 564 635 constet
606 598 737 632 aues
749 619 763 646 ‚
810 598 951 650 quae
988 578 1446 650 superuolabant,
1504 578 1783 633 adtonitas

147 661 531 727 pauentesque
575 650 872 704 decidisse.
934 650 1121 719 magni
1165 650 1335 702 animi
1382 649 1583 704 fuisset
1608 669 1659 703 .a
1699 658 1782 704 tot

155 725 503 797 captiuorum
564 721 839 793 capitibus
894 722 1214 774 seruitutem
1259 720 1595 789 detraxisse,
1648 729 1784 793 quot
1837 728 1840 731 ’

153 804 288 849 tunc
321 793 684 848 nobilissimis
723 800 778 845 et
814 791 1243 863 opulentissimis
1278 793 1510 845 urbibus
1546 791 1782 863 populus

156 867 437 921 Romanus
465 864 775 918 libertatem
809 863 1040 932 largitus
1080 871 1180 916 est.
1246 862 1317 915 ad
1343 863 1498 916 cuius
1525 864 1780 916 maiesta-
1808 875 1851 907 10

155 947 267 992 tem
292 937 533 1008 pertinet
573 953 685 988 non
710 931 889 988 solum
932 951 1073 1005 quae
1115 934 1236 1004 ipse
1279 933 1519 1003 benigne
1563 934 1784 1002 tribuit,

161 1007 259 1062 sed
296 1007 461 1060 etiam
495 1024 636 1078 quae
674 1004 782 1057 alio
816 1005 1094 1058 tribuente
1131 1005 1306 1058 sensit
1339 1005 1781 1058 commemorari:

155 1088 219 1133 ut
244 1080 390 1131 enim
413 1076 527 1130 illic
554 1084 1038 1143 commemoratae,
1080 1075 1160 1129 ita
1193 1075 1283 1128 hic
1318 1075 1570 1129 redditae
1604 1075 1784 1128 laudis

158 1148 559 1204 commendatio
587 1156 688 1200 est.

265 1224 389 1273 Ext.
423 1219 471 1271 1.
517 1218 690 1271 Hiero
702 1257 719 1285 ‚
767 1217 803 1270 S
846 1234 1169 1269 racusarum
1204 1236 1333 1285 rex,
1379 1217 1571 1270 audita
1606 1215 1782 1285 clade,
1804 1221 1850 1261 ‘15

193 1309 268 1344 ua
302 1290 538 1344 Romani
574 1288 725 1360 apud.
760 1289 806 1340 T
850 1307 1239 1359 rasymennum
1282 1288 1462 1340 lacum
1499 1297 1657 1342 erant
1693 1289 1786 1342 ad.—

156 1310 320 1429 dicti,
359 1375 463 1414 ccc
489 1359 641 1413 milia
673 1358 921 1413 modium
955 1359 1128 1412 tritici
1163 1368 1217 1412 et
1244 1373 1311 1411 CC
1333 1358 1526 1412 hordei
1561 1359 1787 1430 aurique

160 1433 396 1486 ducenta
422 1440 477 1485 et
502 1446 580 1483 XL
605 1430 789 1502 pondo
816 1429 942 1483 urbi
976 1437 1198 1483 nostrae
1223 1430 1436 1483 muneri
1460 1430 1631 1484 misit.
1693 1442 1784 1483 ne-

78 1506 84 1516 '
159 1521 264 1575 que
288 1505 514 1573 ignarus
539 1501 907 1555 uerecundiae
927 1501 1196 1553 maiorum
1220 1509 1550 1568 nostrorum,
1576 1520 1645 1555 ne
1670 1500 1786 1555 nol-

159 1574 274 1626 lent
299 1574 575 1644 accipere,
613 1573 672 1624 in
705 1571 959 1624 habitum
992 1571 1052 1624 id
1078 1571 1359 1625 Victoriae
1395 1572 1686 1640 formauit,
1723 1581 1786 1626 ut
1809 1584 1851 1617 20

160 1663 256 1698 eos
283 1642 546 1713 religione
572 1650 750 1703 motos
787 1643 1166 1695 munificentia
1199 1642 1281 1695 uti
1318 1652 1568 1712 cogeret,
1596 1643 1786 1696 uolun-

160 1724 277 1768 tate
320 1713 577 1767 mittendi
617 1714 799 1784 prius7
850 1714 1049 1766 iterum
1075 1713 1426 1783 prouidentia
1462 1713 1695 1766 cauendi
1719 1732 1787 1766 ne

158 1786 534 1839 remitteretur
559 1783 823 1837 liberalis.

267 1856 319 1907 2.
361 1854 693 1909 Subnectam
732 1853 860 1906 huic
887 1853 1330 1923 Acragantinum
1358 1852 1591 1920 Gillian,
1627 1871 1785 1925 quem

159 1926 560 1999 propemodum
601 1925 774 1995 ipsius
821 1924 1170 1978 liberalitatis
1206 1923 1529 1995 praecordia
1572 1932 1789 1978 constat
1811 1935 1853 1970 25

162 2031 338 2078 iubet'.
378 2039 488 2093 post
507 2031 617 2076 haec
636 2036 790 2075 tantus
818 2036 888 2075 est
914 2029 1085 2076 clamor
1111 2029 1271 2081 sactus,
1301 2036 1351 2074 ut
1370 2043 1493 2081 aues,
1523 2043 1637 2090 quae
1664 2029 1785 2076 forte
1808 2047 1901 2086 Par.

166 2102 540 2166 superuolabant,
568 2098 792 2163 pauentes
820 2100 1042 2147 decidisse
1070 2100 1293 2146 dicantur.

269 2176 309 2219 1.
348 2172 486 2219 Hiero
504 2172 814 2234 Syracusanus
841 2172 995 2218 audita
1014 2171 1154 2222 clade,
1184 2185 1272 2232 qua
1291 2171 1482 2218 Romani
1508 2172 1628 2232 apud
1650 2171 1786 2217 Thra-

165 2257 434 2305 symennum
462 2250 590 2290 erant
618 2243 807 2294 adflicti,
845 2242 945 2287 ’ὧδ’
972 2242 1172 2287 modium
1201 2242 1339 2288 tritici
1366 2243 1490 2288 misit
1519 2249 1565 2288 et
1592 2243 1785 2289 ducenta

163 2315 321 2361 hordei
350 2322 396 2360 et
423 2314 666 2360 Victoriam
695 2327 877 2359 auream
908 2325 960 2357 ex
987 2313 1139 2373 pondo
1169 2325 1266 2360 CCL
1294 2313 1476 2360 factam.
1546 2318 1586 2358 2.
1615 2313 1776 2359 Callias
1802 2320 1844 2353 30

277 2425 303 2463 3
333 2422 579 2463 audierunt
606 2422 650 2462 B
717 2424 742 2463 6
772 2434 891 2474 quae
923 2421 1044 2463 forte
1075 2422 1440 2475 su‘peruolabant
1475 2424 1518 2463 P
1583 2424 1608 2463 7
1639 2422 1786 2463 fuisse

161 2478 204 2519 B
250 2479 276 2519 8
295 2475 428 2533 quot]
450 2477 568 2531 quod
588 2478 644 2525 B,
670 2477 778 2530 quid
796 2477 915 2530 quod
931 2478 954 2518 b
1004 2480 1056 2519 13
1080 2482 1463 2519 commemoratae
1481 2478 1548 2519 B:
1582 2478 1785 2520 collatae

160 2536 204 2576 B
224 2549 326 2588 my„
351 2535 724 2576 commemoratio
746 2538 910 2586 partae
930 2534 1141 2575 Foertsck
1162 2535 1233 2583 II,
1256 2537 1341 2580 22;
1357 2535 1463 2586 fort.
1490 2536 1785 2577 eom-meritae

163 2595 217 2633 14
249 2591 691 2633 commendationest
719 2583 776 2630 B'
845 2592 897 2631 17
919 2587 1138 2644 modium]
1163 2602 1279 2630 mu*
1301 2590 1421 2641 (add.
1446 2604 1471 2631 o
1492 2603 1526 2631 s.
1551 2590 1599 2641 l.)
1622 2591 1665 2631 B
1733 2593 1785 2631 18

161 2645 243 2704 XL]
278 2662 330 2692 *L
361 2648 404 2688 B
434 2644 453 2702 Η
481 2660 664 2688 muner*
691 2646 754 2695 B,
786 2659 974 2687 munere
1004 2647 1028 2687 b
1105 2648 1157 2687 19
1186 2643 1265 2701 ne]
1297 2660 1356 2687 ne
1387 2646 1433 2686 id
1462 2647 1505 2687 B
1534 2648 1577 2687 in
1597 2661 1689 2690 ras.
1721 2647 1786 2699 (id

159 2706 325 2760 punct.)
388 2706 441 2745 21
462 2703 781 2744 munificentia
803 2715 887 2743 sua
910 2704 1013 2744 dett.
1037 2700 1056 2757 Η
1075 2702 1366 2744 uoluntatem
1382 2697 1438 2743 B'
1497 2705 1552 2744 24
1574 2704 1785 2757 agrigen—

161 2763 309 2804 tinum
332 2762 416 2809 Pb,
449 2762 546 2802 item
566 2761 686 2812 infra
705 2774 745 2800 u.
773 2762 827 2799 20
850 2759 995 2812 agrig‚
1026 2758 1045 2813 Η
1073 2759 1250 2800 Gillian
1271 2759 1338 2800 B:
1373 2760 1549 2801 callian
1571 2761 1658 2808 Pb,
1689 2762 1786 2800 item

160 2819 283 2917 {vtfra
311 2834 352 2859 u.
378 2819 605 2915 IJSapgd
624 2818 846 2925 1)(ἰοιζζ4ἕῖ3,
869 2818 936 2885 83ν
959 2821 1004 2925 85
1020 2816 1179 2915 {0525
1204 2819 1244 2865 1,
1268 2821 1294 2857 5
1316 2823 1431 2860 extr.
1462 2822 1640 2859 uocatur
1671 2817 1785 2858 Γελ-

213 2888 286 2928 ας,
319 2889 404 2928 apu
492 2888 531 2915 uz
567 2888 630 2914 am
674 2888 711 2915 u.
814 2885 983 2926 ηναιος
1075 2886 1094 2914 ε
1152 2889 1232 2923 ιας

276 2934 331 2974 30
363 2936 410 2973 et
429 2943 508 2972 om.
538 2930 585 2971 V
