1936 3120
179 126 284 180 382
862 131 963 177 Lm.
1002 131 1107 178 vm.

179 239 299 290 raui
319 278 332 303 ,
363 239 457 289 sed
487 257 553 288 ne
579 237 723 307 quod
750 237 1021 290 relaturus
1049 238 1267 308 quidem
1296 257 1413 291 sum
1443 237 1794 292 obliteratum

181 308 413 360 silentio.
468 308 529 359 C.
557 307 819 359 Visellius
850 308 1026 360 Varro
1047 348 1060 374 ,
1090 309 1248 376 graui
1274 309 1464 362 morbo
1492 318 1793 380 correptuS,

178 386 424 430 trecenta
449 376 600 428 milia
626 397 905 429 nummum
935 379 1003 430 ab
1033 379 1269 431 Otacilia
1293 379 1610 431 Laterensis
1627 419 1642 447 ,
1671 396 1791 432 cum

179 466 286 518 qua
322 450 706 500 commercium
742 448 985 500 libidinis
1032 449 1327 516 habuerat,
1374 467 1615 519 expensa
1657 450 1792 503 ferri

133 539 152 570 5
179 519 285 570 sibi
313 537 506 588 passus
535 527 618 570 est
644 537 706 571 eo
735 519 961 587 consilio
989 528 1066 585 ut,
1096 519 1140 569 si
1170 518 1512 586 decessisset,
1540 521 1609 573 ab
1642 519 1788 573 here-

178 578 338 641 dibus
368 607 485 640 eam
513 608 779 641 summam
806 597 1044 659 peteret,
1083 608 1245 659 quam
1271 589 1439 658 legati
1466 609 1637 659 genus
1668 609 1790 643 esse

176 658 375 726 uoluit,
413 659 761 712 libidinosam
789 660 1177 712 liberalitatem
1206 659 1374 711 debiti
1401 662 1622 713 nomine
1648 661 1789 714 colo-

175 729 365 781 rando.
443 731 620 782 euasit
665 731 861 782 deinde
907 749 975 781 ex
1013 729 1107 781 illa
1151 737 1474 800 tempestate
1520 731 1786 783 aduersus

173 808 305 852 uota
350 800 635 853 Otaciliae.
713 819 852 871 quae
898 801 1105 853 offensa
1156 800 1301 873 quod
1354 819 1504 871 spem
1550 801 1788 871 praedae

112 891 153 921 ιο
177 889 308 922 suae
350 879 524 923 morte
568 879 674 923 non
719 878 1078 937 maturasset,
1132 889 1200 922 ex
1243 870 1422 922 amica
1464 871 1786 942 obsequenti

174 941 356 994 subito
384 941 697 993 destrictam
725 941 1106 993 feneratricem
1127 958 1291 1009 agere
1312 942 1508 1012 coepit,
1534 960 1786 995 nummos

214 1008 434 1079 etendo,
460 1030 592 1082 quos
619 1021 679 1063 ut
706 1013 887 1064 fronte
915 1013 1309 1079 inuerecunda,
1338 1013 1416 1064 ita
1441 1013 1591 1063 inani
1619 1013 1785 1083 stipu-

173 1031 376 1135 fatione
411 1092 744 1152 captauerat.
824 1082 890 1134 de
927 1101 1034 1151 qua
1059 1100 1117 1132 re
1145 1081 1204 1135 C.
1234 1083 1516 1151 Aquilius,
1553 1083 1640 1134 uir
1674 1101 1785 1134 ma-

172 1171 311 1221 gnae
355 1154 700 1206 auctoritatis
739 1162 790 1204 et
828 1154 1055 1205 scientia
1099 1153 1231 1203 iuris
1275 1152 1451 1203 ciuilis
1484 1151 1784 1221 'excellenS,

108 1243 147 1274 15
169 1223 336 1275 iudex
378 1224 670 1289 adductus,
719 1223 979 1275 adhibitis
1020 1224 1074 1273 in
1112 1221 1398 1274 consilium
1442 1224 1782 1294 principibus

169 1294 413 1346 ciuitatis
448 1295 741 1364 prudentia
768 1303 820 1346 et
846 1294 1109 1361 religione
1148 1311 1246 1344 sua
1281 1294 1561 1345 mulierem
1587 1312 1781 1364 reppu-

170 1363 249 1415 lit.
305 1365 449 1435 quod
478 1366 524 1415 si
554 1365 745 1416 eadem
772 1363 1008 1415 formula
1027 1363 1203 1414 Varro
1233 1371 1286 1414 et
1315 1363 1563 1414 damnari
1585 1373 1637 1415 et
1667 1365 1780 1431 [ad-

166 1435 438 1502 uersaria]
479 1434 690 1487 absolui
729 1435 1023 1504 potuisset,
1061 1433 1176 1484 eius
1215 1452 1429 1503 quoque
1455 1452 1561 1485 non
1591 1434 1811 1486 dubitor

167 1505 296 1575 quin
323 1514 537 1574 turpem
566 1515 619 1557 et
645 1505 1019 1557 inconcessum
1042 1522 1278 1555 errorem
1301 1503 1534 1556 libenter
1553 1505 1779 1573 castiga·

103 1595 144 1625 20
167 1582 321 1626 turus
350 1576 538 1627 fuerit:
582 1594 724 1627 nunc
761 1576 1013 1644 priuatae
1049 1575 1278 1626 actionis
1308 1574 1636 1626 calumniam
1662 1576 1780 1644 ipse

167 1647 505 1716 conpescuit,
534 1646 790 1698 adulterii
819 1647 1022 1697 crimen
1050 1644 1304 1715 publicae
1331 1645 1639 1716 quaestioni
1665 1646 1779 1696 uin—

167 1714 460 1768 dicandum
487 1717 723 1788 reliquit.
1445 1769 1452 1778 s

271 1788 320 1839 3.
362 1787 538 1841 Multo
566 1787 865 1840 animosius
904 1795 957 1838 et
980 1794 1041 1838 ut
1067 1784 1291 1837 militari
1327 1786 1523 1855 spiritu
1550 1784 1778 1853 dignum

165 1867 283 1910 erat
318 1877 375 1910 se
410 1858 463 1909 in
498 1858 767 1911 consimili
802 1875 1002 1926 genere
1037 1857 1228 1908 iudicii
1256 1855 1317 1908 O.
1343 1856 1551 1908 Marius
1588 1856 1774 1924 gessit.

99 1946 140 1977 25
163 1947 290 1980 nam
318 1947 439 1980 cum
469 1929 529 1981 C.
560 1929 798 1980 Titinius
827 1927 1220 1980 Minturnensis
1243 1928 1508 1978 Fanniam
1531 1944 1777 1992 uxorem,

51 2069 142 2103 Par.
170 2064 209 2103 2.
252 2063 293 2104 C.
323 2062 562 2106 Viscellius
590 2063 729 2106 Varro
757 2063 886 2120 graui
913 2061 1072 2105 morbo
1100 2067 1340 2118 correptus
1368 2071 1465 2104 ccc
1500 2059 1620 2102 milia
1648 2071 1776 2102 num·

165 2145 342 2175 morum
371 2131 426 2175 ab
454 2132 640 2175 Otacilia
661 2132 921 2175 Laterensis
948 2144 1142 2189 expensa
1171 2129 1257 2173 sibi
1285 2129 1389 2172 ferri
1418 2142 1579 2187 passus
1605 2134 1692 2178 est,
1720 2141 1774 2172 eo

166 2201 376 2251 consilio,
405 2208 455 2245 ut
481 2203 518 2245 si
547 2203 836 2250 decessisset,
865 2200 919 2245 ab
947 2200 1189 2244 heredibus
1217 2213 1312 2243 eam
1341 2211 1558 2242 summam
1581 2205 1773 2258 peteret,

163 2285 297 2331 quam
333 2272 470 2331 legati
508 2286 651 2331 genus
690 2285 791 2316 esse
827 2271 990 2316 uoluit.
1040 2270 1261 2315 liberatus
1288 2269 1449 2314 deinde
1477 2283 1527 2313 ex
1549 2268 1623 2313 ina
1652 2269 1774 2314 uale-

97 2353 139 2384 30
163 2343 318 2386 tudine
347 2344 519 2402 petenti
549 2343 696 2387 noluit
714 2342 927 2386 reddere:
957 2342 1085 2386 cuius
1107 2342 1171 2385 rei
1191 2340 1321 2385 iudex
1344 2346 1553 2399 sumptus
1572 2340 1616 2383 C.
1634 2340 1774 2398 Aqui·

160 2413 250 2457 lius
278 2413 527 2457 secundum
554 2413 786 2458 Visellium
817 2413 1045 2457 iudicauit.
1123 2413 1161 2456 3.
1201 2411 1245 2456 C.
1276 2412 1470 2456 Titinius
1497 2410 1774 2454 Minturnen-

278 2539 300 2576 1
325 2536 510 2576 relatur'
541 2537 596 2583 B,
619 2539 698 2577 sed
725 2535 761 2575 r’
785 2538 826 2576 in
848 2549 934 2576 ras.
977 2532 995 2588 ΙΙ
1043 2533 1096 2575 sii
1124 2535 1171 2574 b:
1203 2547 1278 2574 su*
1299 2535 1341 2574 B
1380 2531 1399 2588 Η
1439 2531 1771 2574 obliterandum

160 2606 264 2633 unns
286 2594 511 2633 Leidensis
571 2596 597 2635 3
618 2594 891 2633 Laterensis
916 2591 999 2643 (sc.
1021 2591 1182 2641 uxore)
1204 2592 1346 2632 Per-iz.
1370 2599 1411 2631 el
1426 2592 1481 2630 P:
1500 2589 1772 2628 laterensiB

162 2650 185 2688 7
210 2648 459 2689 coloranda
479 2643 531 2689 B‘
611 2651 637 2689 8
668 2649 831 2689 deinde
854 2649 896 2688 B
918 2648 993 2697 (de
1017 2651 1057 2688 in
1080 2650 1186 2697 ras.)
1226 2643 1246 2701 Η
1286 2648 1370 2686 illa
1392 2646 1648 2686 ualitudine
1670 2645 1712 2684 P
1730 2651 1772 2684 et

159 2718 237 2756 my.
260 2705 302 2743 B
380 2709 404 2746 9
427 2710 535 2745 uota
558 2719 634 2746 om.
660 2699 712 2745 B‘
783 2708 829 2744 11
857 2706 1113 2745 districtam
1136 2705 1160 2744 b
1240 2706 1292 2744 15
1316 2703 1524 2743 addictus
1551 2702 1771 2746 Vorsct'us:

160 2767 205 2800 at
226 2763 283 2812 ef.
299 2765 336 2807 8,
352 2765 391 2807 2,
406 2765 428 2801 1
487 2765 538 2802 17
562 2775 650 2814 quo
674 2763 712 2801 si
735 2755 788 2801 B'
808 2758 828 2814 [Ι
850 2766 896 2802 et
917 2774 1052 2801 uarro
1077 2762 1194 2801 dam.
1218 2760 1240 2799 h
1261 2757 1281 2813 ΙΙ
1304 2760 1570 2800 aduersaria
1587 2762 1770 2809 ‚tylem-sam

159 2831 252 2858 esse
273 2819 379 2858 uidit
407 2819 529 2858 Torr.
594 2821 645 2859 19
667 2816 886 2871 errorem]
912 2833 966 2858 an
989 2818 1219 2858 amorem?
1241 2818 1296 2868 “f·
1322 2819 1361 2864 2,
1386 2820 1423 2863 1,
1447 2820 1474 2855 5
1495 2817 1771 2855 inconcessa

158 2874 329 2924 Venus,
355 2878 392 2922 7,
419 2878 459 2921 3,
485 2877 537 2913 10
559 2875 845 2915 inconcessis
867 2875 1051 2924 facibus
1075 2886 1299 2914 accensus

274 2933 327 2970 27
350 2931 574 2971 laterensi
604 2932 775 2972 Veorr.
