1924 3152
464 1 499 9 ,.
583 0 601 7 .,
641 0 647 3 -
765 0 772 4 .
823 0 863 7 ψ,
917 0 970 10 „w-
1182 2 1222 10 Γ
1268 4 1273 6 .

375 11 377 13 -
434 15 451 42 ζ,
466 0 911 43 rrsm*1'*wvf'fss⁴f““³
951 0 1070 39 «ξε-’3.ΑΔ
1174 3 1179 14 ,-

567 152 687 199 CAP.
713 152 745 205 1,
772 151 802 211 g
830 116 993 198 10211.
1019 151 1117 198 En.
1146 150 1176 211 g
1205 154 1244 197 1.
1271 156 1313 198 2.
1648 146 1755 202 223

227 264 350 315 Eoet.
382 262 428 315 1.
470 259 1003 315 Commemoratione
1028 259 1266 313 Romani
1292 259 1531 331 exempli
1554 260 1614 312 in
1632 260 1750 314 Ma-

119 332 409 387 cedoniam
455 331 722 385 deductus
775 348 989 383 morum
1031 330 1343 384 Alexandri
1393 332 1750 402 praeconium

119 404 303 457 facere
330 421 528 474 cogor,
566 403 810 456 cuiusut
843 401 1115 454 infinitam
1154 400 1388 472 gloriam
1412 401 1614 456 bellica
1638 404 1747 455 uir-

118 484 237 543 tus,
278 475 359 528 ita
397 474 758 545 praecipuum
800 491 1046 525 amorem
1089 473 1381 526 clementia
1418 473 1638 532 meruit.
1698 473 1746 526 is

119 546 251 599 dum
274 563 463 599 omnes
489 552 682 614 gentes
709 541 1048 612 infatigabili
1074 562 1240 596 cursu
1264 543 1480 613 lustrat,
1509 545 1748 616 quodam
1771 563 1795 597 5

115 615 226 670 loci
250 615 423 668 niuali
448 622 777 686 tempestate
803 631 1099 685 oppressus
1121 615 1278 669 senio
1306 616 1418 668 iam
1435 615 1748 670 confectum

114 686 475 747 Macedonem
511 686 774 752 militem,
826 686 997 739 nimio
1033 686 1242 755 frigore
1278 686 1744 758 obstupefactum,

115 759 236 830 ipse
262 756 485 812 sublimi
520 764 576 810 et
600 758 911 829 propinqua
944 757 1061 827 igni
1098 756 1229 809 sede
1266 757 1461 810 sedens
1498 757 1745 811 animad-

112 829 298 882 uertit.
362 827 515 882 facta
553 846 622 881 ue
646 847 758 882 non
783 828 1065 895 fortunae,
1114 828 1214 881 sed
1239 829 1435 882 aetatis
1460 830 1745 900 utriusque

116 900 501 953 aestimatione
565 898 826 966 escendit,
853 907 909 952 et
934 898 1045 951 illis
1071 899 1354 967 manibus,
1383 899 1583 971 quibus
1613 918 1743 971 opes
1768 921 1812 953 10

114 970 277 1024 Darii
304 970 625 1040 adflixerat,
662 988 860 1041 corpus
896 971 1103 1040 frigore
1131 969 1474 1041 duplicatum
1499 971 1560 1023 in
1585 990 1743 1024 suam

116 1044 305 1095 sedem
330 1042 602 1114 inposuit:
643 1041 703 1094 id
730 1043 781 1095 ei
807 1041 1048 1095 salutare
1084 1041 1361 1108 futurum,
1408 1042 1556 1113 quod
1593 1041 1742 1113 apud

113 1113 314 1166 Persas
349 1113 556 1184 capital
591 1113 893 1182 extitisset,
939 1112 1139 1167 solium
1172 1114 1387 1183 regium
1422 1130 1742 1185 occupasse.

114 1185 244 1256 quid
271 1202 402 1254 ergo
428 1185 630 1237 mirum
656 1192 763 1252 est,
802 1186 850 1237 si
877 1185 978 1238 sub
1007 1202 1070 1237 eo
1106 1184 1242 1237 duce
1280 1192 1364 1238 tot
1407 1185 1567 1236 annis
1601 1183 1740 1236 mili—

111 1264 232 1309 tare
256 1255 559 1309 iucundum
585 1255 886 1322 ducebant,
922 1256 1013 1308 cui
1038 1255 1277 1326 gregarii
1313 1255 1506 1308 militis
1533 1254 1739 1307 incolu·
1765 1273 1809 1307 15

111 1326 275 1380 mitas
350 1327 534 1399 roprio
570 1327 799 1396 fastigio
834 1327 1013 1381 carior
1049 1328 1203 1381 erat?
1242 1326 1392 1380 idem
1426 1344 1538 1379 non
1572 1326 1740 1380 homi·

110 1416 244 1450 num
286 1396 412 1464 uli,
463 1398 562 1451 sed
602 1406 834 1451 naturae
878 1397 1243 1470 fortunaeque
1288 1397 1506 1464 cedens,
1553 1416 1740 1468 quam-

111 1487 278 1540 quam
302 1468 569 1522 uiolentia
593 1469 776 1523 morbi
802 1468 1169 1537 dilabebatur,
1198 1471 1267 1521 in·
1282 1469 1740 1523 cubitum.tamen

110 1547 320 1593 erectus
343 1539 631 1593 dexteram
654 1541 909 1595 omnibus
931 1542 1026 1612 qui
1051 1559 1173 1593 eam
1198 1541 1516 1610 contingere
1535 1538 1741 1593 uellent

109 1611 376 1681 porrexit.
448 1611 571 1681 quis
615 1619 802 1664 autem
843 1610 998 1664 illam
1040 1610 1276 1665 osculari
1320 1629 1432 1663 non
1475 1619 1736 1675 curreret,
1763 1631 1806 1664 20

109 1698 250 1752 quae
276 1681 390 1732 iam
424 1680 538 1735 fato
574 1700 840 1752 oppressa
876 1682 1106 1734 maximi
1142 1683 1417 1734 exercitus
1446 1680 1738 1752 conplexui

108 1750 451 1804 humanitate
477 1769 644 1822 quam
670 1753 869 1820 spiritu
892 1752 1166 1805 uiuidiore
1194 1752 1454 1805 suffecit?

215 1822 267 1875 2.
307 1821 435 1876 Non
473 1830 589 1875 tam
636 1822 852 1875 robusti
889 1824 1107 1892 generis
1143 1822 1488 1889 humanitaS,
1546 1821 1642 1874 sed
1677 1829 1734 1874 et

109 1894 234 1964 ipsa
251 1900 440 1946 tamen
459 1894 726 1946 memoria
745 1892 1127 1964 prosequenda
1142 1893 1424 1945 Pisistrati
1435 1892 1733 1945 Athenien-

102 1965 253 2027 sium
277 1964 502 2035 tyranni
536 1964 871 2018 narrabitur.
936 1966 1056 2036 qui,
1094 1983 1219 2018 cum
1252 1962 1577 2016 adulescens
1654 1964 1731 2015 ui·
1759 1985 1802 2017 25

109 2035 239 2088 dam
280 2052 466 2088 amore
510 2034 657 2087 filiae
692 2036 808 2088 eius
844 2036 1078 2105 uirginis
1115 2054 1378 2088 accensus
1415 2035 1475 2086 in
1509 2034 1620 2105 pub
1645 2034 1731 2087 ico

108 2106 332 2160 obuiam
359 2105 466 2160 sibi
506 2106 714 2159 factam
757 2107 1034 2160 osculatus
1063 2115 1233 2173 esset,
1269 2106 1525 2160 hortante
1559 2122 1733 2159 uxore

105 2185 168 2230 ut
193 2177 265 2231 ab
292 2194 355 2230 eo
380 2178 618 2248 capitale
654 2176 985 2250 supplicium
1011 2186 1277 2246 sumeret,
1314 2176 1623 2249 respondit:
1664 2176 1734 2229 ‘si

215 2313 255 2356 1.
293 2309 548 2357 Alexander
571 2311 756 2359 Macedo
793 2317 837 2358 in
864 2311 971 2359 Asia
1008 2311 1204 2373 quodam
1239 2311 1344 2358 loco
1380 2310 1521 2357 niuali
1561 2318 1730 2372 tempe·
1754 2327 1849 2363 Par.

107 2388 226 2427 state
251 2396 519 2442 oppressus,
547 2382 675 2428 senio
702 2385 790 2428 iam
817 2397 1004 2444 grauem
1031 2383 1322 2430 Macedonem
1349 2381 1562 2432 militem,
1591 2383 1729 2428 nimio
1753 2384 1795 2416 30

5 2494 18 2513 μ,
105 2451 282 2512 frigore
308 2459 591 2513 stupentem,
628 2454 675 2499 in
700 2454 960 2516 propinqua
987 2454 1082 2515 igni
1108 2454 1214 2500 sede
1240 2454 1446 2499 residens
1483 2453 1659 2513 aspexit
1685 2460 1730 2498 et

104 2523 318 2583 protinus
354 2523 399 2568 in
426 2537 555 2569 suam
583 2524 735 2571 sedem
772 2525 1048 2572 conlocauit.
1110 2529 1150 2571 2.
1186 2525 1455 2570 Pisistratus
1481 2524 1729 2568 Athenien·

3 2583 27 2654 J·
106 2593 223 2640 sium
253 2600 498 2653 tyrannus,
538 2609 641 2641 cum
666 2595 806 2642 filiam
833 2611 963 2643 suam
989 2595 1256 2643 adulescens
1293 2607 1447 2641 amore
1484 2600 1727 2653 correptus

4 2662 20 2716 ί
105 2664 152 2709 in
179 2663 378 2725 publico
426 2665 663 2712 osculatus
701 2668 847 2718 esset,
898 2668 1113 2714 hortante
1149 2680 1292 2712 uxore
1327 2673 1378 2710 ut
1423 2666 1468 2709 in
1515 2664 1727 2709 iuuenem

1 2710 30 2799 ἓ-
106 2735 515 2788 animaduerteret,
566 2738 827 2799 respondit:
879 2734 947 2785 ‘si
975 2753 1055 2785 eos
1082 2739 1160 2798 qui
1188 2751 1273 2783 nos
1301 2742 1450 2781 amant
1484 2734 1727 2781 intersece-
1752 2752 1792 2783 35

0 2838 72 3152 ι
218 2863 244 2902 5
259 2858 432 2902 lustrat
446 2874 525 2904 om.
543 2861 586 2901 B
645 2863 671 2903 6
687 2861 790 2903 loco
807 2863 848 2902 P
902 2864 929 2903 8
946 2861 1100 2903 sedem
1117 2861 1160 2900 B
1180 2857 1199 2913 Η
1219 2859 1428 2925 residens
1440 2860 1481 2900 P
1541 2860 1591 2899 11
1612 2870 1733 2899 com-

102 2915 330 2968 plicatum
351 2918 392 2957 D
460 2920 512 2958 12
534 2918 740 2959 futurum
761 2918 921 2960 dicens
942 2919 966 2959 b
1036 2920 1087 2958 17
1117 2916 1192 2957 illi
1213 2916 1255 2956 B
1340 2918 1609 2958 2O,vcura1·et
1631 2915 1729 2972 ecgd.

43 2979 53 3019 ζ
102 2979 220 3022 uett„
255 2978 446 3027 cuperet
466 2975 607 3017 Periz.
668 2977 722 3016 22
745 2975 920 3017 sufficit
941 2967 997 3015 B'
1057 2975 1112 3014 24
1133 2973 1362 3027 ipsistrati
1382 2966 1437 3013 B'
