1924 3152
25 50 49 62 fi
173 38 219 54 fv*
243 39 250 54 ς
281 37 298 51 “a
318 43 320 46 ν
343 37 449 59 *soar-45

63 60 276 87 ξγπιέμεμωὲ
316 66 350 73 ›.
393 62 429 66 ·⁴

600 113 718 159 CAP.
746 111 814 163 vl,
842 111 872 171 S
897 115 1038 157 5—-7,
1077 110 1165 163 Vll,
1193 110 1223 170 S
1251 113 1289 156 1.
1655 103 1759 156 145

134 223 402 277 uictoriae
423 239 576 293 spem
596 220 763 286 dedit,
792 219 982 273 eadem
1023 237 1090 271 ue
1110 220 1168 271 in
1186 219 1311 288 ipsa
1330 216 1603 288 Hispania
1623 236 1756 270 usus

135 302 236 348 est.
293 302 426 346 nani
456 310 581 345 cum
615 291 877 362 oppidum
910 291 995 342 Ba
1035 291 1147 342 iam
1182 289 1628 353 circumsederet,
1664 289 1756 341 tri-

135 364 308 419 bunal
342 382 503 417 suum
538 362 788 415 adeuntis
824 364 883 413 in
917 361 1137 426 aedem,
1184 379 1324 431 quae
1361 362 1506 412 intra
1542 358 1760 411 moenia

135 436 376 490 hostium
419 442 564 500 erat,
615 433 938 499 uadimonia
974 432 1032 483 in
1058 440 1338 501 posterum
1386 431 1530 483 diem
1576 430 1761 483 facere

136 507 320 573 iussit,
358 504 724 574 continuoque
760 505 896 556 urbe
923 502 1129 573 potitus
1167 509 1220 554 et
1255 510 1501 572 tempore
1539 510 1592 553 et
1625 500 1760 566 1000,
1786 517 1808 550 5

174 597 246 631 uo
273 575 649 648 praedixerat,
687 574 822 627 sella
887 575 1028 627 osita
1061 574 1146 626 ius
1175 575 1252 625 eis
1280 573 1440 625 dixit.
1502 571 1637 624 nihil
1661 571 1764 624 hac

83 706 86 708 ,
178 648 340 702 ducia
363 646 700 716 generosius,
727 645 844 698 nihi
890 644 1263 715 praedictione
1288 644 1492 710 11011115,
1520 642 1657 695 1111111
1683 660 1766 695 00-

137 719 352 773 leritate
380 716 683 785 efficacius,
711 716 847 769 nihil
874 717 1039 768 etiam
1066 715 1334 784 dignitate
1363 714 1598 784 dignius,

247 789 362 842 Nec
397 788 576 840 minus
612 789 891 841 animosus
919 786 1167 838 minusue
1193 804 1486 856 prosperus
1523 784 1670 837 illius
1706 786 1766 836 in

141 860 394 914 Africam
426 859 715 924 transituS,
754 859 811 910 in
837 876 1003 928 quam
1038 876 1109 909 ex
1134 857 1323 909 Sicilia
1358 857 1661 909 exercitum
1687 873 1766 907 se-
1790 873 1833 905 10

141 940 278 984 natu
302 930 523 983 uetante
549 929 887 994 transduxit,
924 929 1076 998 quia,
1117 929 1224 979 nisi
1249 927 1372 998 plus
1398 929 1456 979 in
1494 946 1557 979 ea
1582 945 1641 979 re
1669 943 1766 979 suo

144 1021 310 1074 quam
374 1008 555 1053 atrum
590 1001 1020 1070 conscriptorum
1047 998 1271 1051 consilio
1299 998 1648 1057 credidisset,
1688 1015 1768 1049 se-

145 1072 311 1126 cundi
382 1071 530 1124 unici
555 1070 685 1124 belli
710 1070 833 1122 finis
861 1072 1116 1127 inuentus
1145 1089 1257 1122 11011
1283 1077 1442 1122 esset.

251 1142 358 1196 Cui
390 1142 539 1194 facto
575 1160 675 1212 par
709 1141 806 1194 illa
832 1141 1057 1205 fiducia,
1095 1140 1264 1210 quod,
1302 1148 1595 1211 postquam
1620 1138 1769 1192 Afri-

145 1232 267 1267 cam
293 1214 493 1282 attigit,
522 1213 891 1283 speculatores
918 1210 1250 1263 Hannibalis
1275 1212 1332 1263 in
1359 1212 1556 1264 castris
1584 1209 1772 1280 depre-
1796 1226 1839 1260 15

145 1285 343 1338 hensos
370 1293 424 1336 et
450 1284 520 1336 ad
540 1302 597 1336 se
616 1284 905 1354 perductos
932 1300 1031 1334 nec
1051 1283 1320 1352 supplicio
1349 1282 1555 1334 adfecit
1580 1299 1679 1334 nec
1707 1280 1775 1333 de

147 1354 388 1410 consiliis
433 1373 495 1407 ac
540 1355 753 1407 uiribus
790 1354 1097 1406 Poenorum
1134 1361 1486 1423 percontatus
1526 1360 1630 1418 est,
1679 1351 1776 1404 sed

149 1429 295 1480 circa
321 1426 493 1478 omnis
520 1425 834 1496 manipulos
864 1423 1280 1492 diligentissime
1316 1423 1594 1477 ducendos
1623 1440 1775 1475 cura-

148 1499 254 1564 uit,
282 1499 755 1567 interrogatosque
783 1515 852 1548 an
880 1497 1013 1548 satis
1044 1513 1108 1547 ea
1134 1495 1596 1557 considerassent,
1635 1511 1775 1564 quae

151 1567 423 1638 speculari
448 1568 583 1619 iussi
610 1575 789 1631 erant,
836 1566 1067 1637 prandio
1096 1565 1222 1618 dato
1250 1567 1384 1635 ipsis
1411 1565 1776 1634 iumentisque
1800 1583 1843 1615 20

153 1657 366 1703 eorum,
417 1637 719 1690 incolumes
758 1637 980 1689 dimisit.
1057 1655 1161 1707 quo
1198 1645 1311 1689 tam
1344 1638 1505 1706 pleno
1544 1636 1778 1688 fiduciae

154 1708 351 1780 spiritu
375 1708 528 1778 prius
558 1709 766 1761 animos
794 1709 1033 1759 hostium
1059 1725 1220 1777 quam
1251 1726 1403 1759 arma
1431 1706 1695 1759 contudit.

262 1778 470 1831 Verum
495 1786 556 1829 ut
580 1778 652 1829 ad
673 1778 972 1830 domestica
998 1779 1112 1829 eius
1141 1779 1374 1829 eximiae
1395 1777 1629 1829 fiduciae
1657 1783 1781 1828 acta

154 1850 458 1915 ueniamus,
487 1867 610 1917 011111
637 1867 669 1901 a
695 1849 760 1900 L.
784 1847 1040 1917 Scipione
1068 1866 1138 1899 ex
1162 1849 1521 1899 Antiochensi
1546 1846 1781 1917 pecunia

157 1921 394 1973 sestertii
421 1919 748 1990 quadragies
774 1921 913 1971 ratio
950 1919 1006 1970 111
1034 1919 1187 1970 curia
1212 1926 1616 1988 reposceretur,
1657 1935 1780 1988 pro·
1804 1935 1847 1968 25

101 2030 108 2034 -
155 1991 328 2044 latum
356 1990 425 2042 ab
453 2007 515 2042 00
542 1989 769 2055 librum,
811 2008 917 2059 quo
955 1996 1212 2058 acceptae
1249 1999 1303 2041 et
1339 2007 1614 2059 expensae
1641 2007 1782 2040 sum-

155 2080 278 2113 mae
328 2060 748 2114 continebantur
793 2059 1076 2129 refellique
1121 2060 1464 2112 inimicorum
1508 2060 1782 2112 accusatio

155 2139 389 2203 poterat,
419 2130 728 2201 discerpsit,
755 2130 1074 2200 indignatus
1097 2130 1163 2182 de
1191 2149 1254 2182 ea
1274 2150 1331 2183 re
1354 2130 1616 2197 dubitari,
1644 2148 1786 2201 quae

161 2199 264 2255 sub
301 2202 419 2273 ipso
460 2202 639 2270 legato
678 2201 1063 2255 administrata
1102 2202 1298 2253 fuerat.
1359 2202 1491 2272 quin
1528 2202 1695 2263 etiam
1728 2200 1785 2251 in

163 2319 303 2367 agens
340 2320 504 2351 annum
542 2308 607 2350 ire
641 2306 873 2365 pollicitus
912 2315 992 2351 est.
1055 2307 1171 2352 idem
1199 2321 1300 2352 cum
1328 2309 1373 2352 in
1399 2307 1613 2367 Hispania
1654 2308 1783 2367 oppi-
1807 2319 1849 2351 30

162 2377 267 2421 dum
286 2375 463 2420 Badiam
492 2376 722 2421 obsideret
749 2384 793 2422 ct
818 2377 982 2423 iudicia
1011 2384 1132 2423 esset
1160 2378 1411 2428 auditurus,
1448 2378 1607 2422 ‘cras'
1635 2377 1784 2437 inquit
1807 2358 1902 2394 Par.

163 2445 229 2491 ‘in
254 2445 367 2490 urhe
395 2446 625 2491 audiam':
667 2447 787 2506 quod
816 2450 853 2492 ei
882 2448 1089 2507 contigit.
1143 2448 1258 2492 idem
1286 2448 1549 2493 Hannibalis
1579 2447 1786 2507 specula-

164 2523 293 2561 tores
342 2515 461 2559 intra
507 2522 653 2561 castra
689 2517 992 2563 Romanorum
1046 2518 1358 2578 deprehensos
1406 2519 1704 2563 circumduxit
1743 2524 1790 2562 et

164 2586 367 2632 ostendit
388 2599 523 2630 manu
545 2601 625 2630 sua
646 2586 816 2645 copias,
847 2595 893 2632 et
916 2588 1106 2646 prandio
1127 2589 1231 2632 dato
1262 2590 1372 2647 ipsis
1401 2595 1446 2633 et
1472 2590 1602 2647 equis
1629 2601 1787 2633 eorum

163 2657 334 2702 dimisit
361 2655 627 2701 incolumes.

279 2753 304 2791 2
329 2764 428 2791 cum
452 2751 494 2791 B
516 2753 558 2791 in
581 2753 709 2791 litura
729 2748 747 2804 Η
770 2751 1118 2792 circumsideret
1139 2752 1162 2792 b
1222 2755 1248 2793 3
1271 2752 1495 2795 adeuntes
1518 2754 1542 2794 b
1601 2755 1629 2794 4
1656 2753 1789 2795 uadi·

155 2807 319 2853 emonifi
347 2808 370 2847 b
432 2810 484 2849 13
514 2809 626 2861 puni
653 2808 817 2848 bellici
847 2801 902 2847 B'
965 2809 1016 2848 17
1045 2812 1378 2861 percunctatus
1400 2809 1443 2850 B
1503 2812 1561 2852 25
1586 2811 1791 2852 sestertii

167 2864 232 2906 Γ.·
264 2864 527 2904 sestertium
548 2865 598 2912 B,
629 2866 709 2905 sed
730 2878 777 2917 p.
804 2866 902 2913 146,
925 2866 952 2904 2
984 2866 1190 2905 sestertii
1217 2863 1236 2920 Η
1264 2866 1445 2918 prolato
1469 2867 1526 2909 ab
1550 2866 1790 2910 eolib1·‹rb

165 2920 220 2961 26
242 2923 288 2960 et
309 2933 384 2960 om.
406 2920 449 2960 B
508 2922 562 2962 28
585 2920 799 2962 discessit
819 2921 875 2969 B,
909 2934 983 2964 em.
1005 2922 1049 2962 in
1070 2923 1170 2963 edd.
1191 2928 1293 2964 uett.

252 3001 358 3030 VAL.
382 3003 492 3032 MAx.
1466 2992 1534 3044 10
