1924 3152
543 155 663 204 CAP.
689 157 778 210 1111,
804 156 901 204 Ext.
931 157 959 216 g
988 160 1026 204 1.
1053 161 1094 203 2.
1135 157 1184 209 v,
1213 157 1242 217 g
1271 160 1312 204 1.
1338 162 1380 202 2.
1673 154 1772 206 141

141 268 252 322 tius
289 265 458 321 fuerit
483 283 649 338 quam
682 261 827 321 inter
863 265 971 320 duo
1008 264 1414 336 fulgentissima
1449 267 1774 337 cognomina

141 337 316 410 patris
353 344 407 392 et
440 338 651 419 patrui,
708 336 881 391 altero
917 354 1184 408 oppressa
1218 336 1412 391 Africa
1445 337 1559 390 iam
1591 345 1773 409 parto,

143 408 317 464 altero
355 426 562 462 maiore
597 426 669 462 ex
703 415 860 479 parte
894 416 1221 478 recuperata
1254 407 1395 461 Asia
1431 426 1659 479 surgere
1693 410 1773 461 in·

143 481 406 553 cipiente,
463 497 664 533 manus
708 478 1031 532 uinciendas
1078 478 1224 532 hosti
1277 479 1497 534 tradere
1547 480 1774 551 eiusque

141 550 409 606 beneficio
445 550 755 622 precarium
782 549 1037 622 spiritum
1073 549 1351 618 obtinere,
1396 550 1465 604 de
1500 569 1606 623 quo
1641 569 1773 605 mox
1794 565 1815 599 5

141 622 206 676 L.
222 621 406 693 Scipio
434 620 905 693 speciosissimum
932 619 1159 675 deorum
1183 620 1573 694 hominumque
1599 620 1771 676 oculis

141 693 491 747 subiecturus
519 700 637 747 erat
660 693 1016 764 triumphum.

248 762 407 816 Idem
426 772 714 835 praeturae
731 765 937 836 petitor
962 762 1258 817 candidam
1284 771 1473 834 togam
1499 764 1638 818 adeo
1659 771 1772 817 tur·

140 834 409 906 pitudinis
451 833 682 889 maculis
727 834 1131 890 obsolefactam
1173 835 1232 888 in
1277 853 1532 906 campum
1575 835 1773 888 detulit

141 914 219 973 ut,
246 906 356 958 nisi
379 907 562 976 gratia
587 905 825 974 Cicerei,
876 905 971 978 qui
996 905 1169 978 patris
1206 905 1322 960 eius
1351 906 1535 960 scriba
1569 906 1769 974 fuerat,
1796 921 1836 953 10

142 976 365 1031 adiutus
402 985 573 1045 esset,
628 977 887 1032 honorem
923 995 956 1030 a
991 976 1626 1049 populo-impetraturus
1662 995 1773 1032 non

139 1047 441 1102 uideretur.
493 1067 824 1121 quamquam
850 1048 982 1122 quid
1005 1048 1260 1102 interfuit
1284 1057 1468 1103 utrum
1493 1048 1773 1120 repulsam

143 1138 214 1172 an
241 1120 330 1172 sic
373 1117 634 1190 adeptam
676 1128 993 1191 praeturam
1027 1119 1249 1174 domum
1282 1120 1557 1175 referret?
1607 1138 1772 1193 quam

142 1209 266 1244 cum
291 1190 588 1262 propinqui
613 1191 685 1245 ab
713 1210 776 1245 eo
804 1190 979 1263 pollui
1004 1191 1534 1257 animaduerterent,
1562 1190 1621 1244 id
1648 1208 1770 1259 ege·

139 1268 268 1315 runt
292 1279 361 1314 ne
387 1267 486 1314 aut
509 1260 701 1315 sellam
726 1281 930 1333 ponere
957 1269 1054 1315 aut
1078 1262 1163 1315 ius
1191 1262 1377 1315 dicere
1404 1262 1667 1329 auderet,v
1689 1262 1770 1314 in·
1794 1274 1837 1315 15

139 1350 413 1405 superque
438 1351 468 1385 e
493 1351 661 1386 manu
684 1334 802 1387 eius
830 1333 1081 1401 anulum,
1108 1333 1167 1386 in
1193 1351 1300 1405 quo
1327 1341 1493 1404 caput
1517 1333 1772 1386 Africani

140 1402 415 1480 sculptum
439 1411 588 1473 erat,
617 1404 995 1460 detraxerunt.
1057 1404 1136 1458 dii
1160 1403 1320 1472 boni,
1349 1422 1483 1477 quas
1511 1405 1771 1459 tenebras

142 1493 172 1528 e
197 1492 303 1546 quo
330 1473 560 1528 fulmine
586 1477 740 1529 nasci
805 1477 919 1529 assi
944 1476 1100 1529 estis!

245 1545 298 1598 2.
348 1546 471 1616 Age
509 1545 579 1614 Q.
608 1495 1013 1601 Fabilluaximi
1039 1545 1410 1616 Allobrogici,
1448 1554 1503 1600 et
1540 1546 1678 1599 ciuis
1718 1555 1772 1600 et

140 1617 489 1688 imperatoris
541 1616 862 1686 clarissimi,
913 1617 1059 1671 filius
1110 1617 1179 1685 Q.
1227 1617 1437 1671 Fabius
1487 1616 1770 1671 Maximus
1795 1630 1837 1663 20

139 1704 306 1810 guam
338 1687 614 1759 perditam
647 1687 870 1742 luxuria
903 1689 1078 1742 uitam
1114 1689 1252 1758 egit!
1302 1689 1457 1741 cuius
1491 1696 1555 1743 ut
1591 1696 1774 1742 cetera

181 1757 355 1829 agitia
378 1757 759 1828 obliterentur,
785 1767 970 1814 tamen
996 1759 1217 1813 abunde
1243 1758 1337 1813 illo
1366 1759 1635 1813 dedecore
1661 1778 1771 1812 mo-

142 1847 229 1882 res
276 1827 476 1882 nudari
520 1837 778 1902 possunt,
830 1829 977 1902 quod
1016 1831 1066 1882 ei
1103 1829 1172 1896 Q.
1209 1829 1504 1901 Pompeius
1550 1836 1774 1900 praetor

141 1899 389 1954 urbanus
416 1901 661 1982 paternis
686 1899 849 1954 bonis
875 1899 1194 1968 interdixit,
1232 1918 1409 1972 neque
1436 1900 1494 1952 in
1517 1907 1675 1953 tanta
1700 1899 1773 1952 ci-

143 1970 318 2025 uitate
344 1988 440 2042 qul
464 1969 604 2024 illud
623 1971 906 2025 decretum
931 1989 990 2024 re
1029 1969 1358 2025 rehenderet
1380 1970 1646 2024 inuentus
1669 1978 1772 2025 est.
1796 1983 1839 2018 25

144 2039 396 2096 dolenter
420 2041 566 2095 enim
591 2041 838 2095 homines
865 2042 983 2096 fere
1026 2049 1122 2096 ant
1218 2043 1438 2096 cuniam
1452 2082 1466 2109 ‚
1503 2059 1644 2124 quae
1668 2041 1773 2095 Fa-

139 2111 267 2166 biae
302 2111 484 2183 gentis
523 2111 807 2185 splendori
843 2114 1053 2168 seruire
1089 2112 1157 2166 de
1199 2112 1353 2181 ebat,
1397 2112 1626 2184 flagltiis
1663 2113 1771 2167 dis-

141 2181 258 2235 sici.
328 2200 460 2254 ergo
497 2202 661 2256 quem
704 2184 878 2237 nimia
911 2185 1086 2257 patris
1131 2183 1478 2255 indulgentia
1511 2183 1773 2239 heredem

139 2251 438 2326 reliquerat
461 2254 686 2326 publica
711 2257 980 2331 seueritas
1007 2255 1385 2311 exheredauit.

141 2359 375 2406 candidam
410 2366 567 2423 togam
593 2361 703 2408 adeo
731 2361 943 2423 turpibus
969 2361 1160 2410 maculis
1197 2362 1452 2409 obsoletam
1486 2364 1533 2408 in
1559 2375 1770 2423 campum
1793 2378 1836 2411 30

141 2428 331 2482 detulit,
371 2438 424 2477 ut
458 2431 549 2478 nisi
584 2434 731 2491 gratia
756 2431 951 2485 Cicerei,
988 2433 1067 2494 qui
1100 2435 1245 2495 patris
1282 2435 1381 2480 eius
1420 2432 1568 2480 scriba
1603 2432 1768 2483 suerat,
1794 2419 1886 2455 Par.

142 2498 325 2546 adiutus
369 2507 516 2553 esset,
564 2502 785 2549 honorem
829 2517 854 2548 a
890 2503 1065 2564 populo
1112 2505 1443 2565 impetraturus
1487 2517 1580 2550 non
1619 2503 1770 2549 suerit.

143 2572 186 2614 2.
214 2567 265 2625 Q.
291 2569 418 2616 Fabii
443 2570 621 2617 Maximi
648 2572 931 2633 Allobrogici
957 2573 1079 2620 filius
1107 2572 1158 2629 Q.
1186 2574 1353 2620 Fabius
1390 2573 1501 2620 adeo
1528 2573 1616 2619 fuit
1641 2573 1771 2619 luxu-

144 2641 323 2692 riosus,
362 2647 413 2688 ut
439 2642 480 2687 ei
507 2649 695 2702 praetor
720 2642 921 2690 urbanus
948 2644 999 2700 Q.
1025 2644 1268 2706 Pompeius
1303 2644 1438 2691 bonis
1474 2646 1676 2705 paternis
1703 2646 1770 2690 in-

256 2751 283 2791 2
304 2749 455 2792 altero
478 2752 644 2793 maiori
665 2765 889 2806 oppressa
911 2753 965 2803 Β,
988 2754 1047 2805 cf.
1078 2754 1242 2794 Vahlen
1263 2767 1361 2795 mus.
1384 2755 1503 2796 rhen.
1529 2754 1612 2802 XI,
1636 2755 1721 2796 592
1746 2753 1767 2809 Η

142 2809 278 2858 parte
306 2807 331 2848 b
399 2810 425 2849 3
454 2810 719 2863 recuperati
746 2803 802 2849 B'
869 2810 895 2850 8
926 2811 1139 2864 turpibus
1161 2810 1203 2850 B
1232 2814 1277 2851 in
1304 2813 1435 2852 litura
1462 2813 1622 2853 maiore
1652 2824 1711 2853 ex
1732 2812 1774 2853 P

138 2863 173 2903 ⁴.)
202 2863 462 2905 obsoletam
492 2863 679 2918 (tamin
700 2865 790 2918 lit.)
823 2866 866 2907 B
934 2869 987 2909 19
1018 2866 1250 2922 allobrogi
1276 2867 1331 2915 B,
1365 2881 1439 2912 em.
1469 2870 1513 2910 in
1537 2869 1635 2910 edd.
1666 2875 1769 2912 uetc.

139 2918 202 2960 123
223 2931 265 2972 q.
286 2920 330 2960 B
349 2922 394 2961 in
414 2923 545 2963 litura
575 2959 579 2965 ,
603 2924 658 2964 25
679 2923 894 2966 inuectus
916 2917 972 2964 B'
1703 2937 1720 2949 ·

259 2978 313 3018 33
335 2975 589 3034 allobrogis
618 2980 665 3018 V
