1878 3132
204 118 272 171 32
919 122 1017 166 Llss.
1057 122 1086 166 1.

204 237 544 298 mactatoque
581 229 758 297 opimo
784 227 925 279 boue
954 245 1046 279 cor
1080 226 1139 277 in
1165 226 1306 278 ext-is
1340 245 1452 280 non
1485 229 1807 298 repperisse,

204 318 268 351 ac
292 317 609 369 responsum
633 297 736 349 tibi
770 296 840 348 ab
870 297 1143 365 Spurinna
1177 296 1428 366 aruspice
1453 298 1725 368 pertinere
1751 298 1811 350 id

205 370 420 437 signum
454 367 526 420 ad
560 367 732 419 uitam
766 374 820 418 et
855 364 1138 419 consilium
1171 374 1350 434 tuum,
1397 367 1544 437 quod
1577 374 1810 438 utraque

203 439 336 490 haec
361 438 522 489 corde
549 438 974 490 continerentur.
1037 436 1216 506 erupit
1243 435 1440 489 deinde
1476 456 1662 490 eorum
1686 456 1808 507 par-

162 523 181 554 5
204 507 480 572 rieidium,
519 508 635 577 qui,
672 507 800 559 dum
835 515 888 558 te
922 505 1198 558 hominum
1230 524 1453 560 numero
1490 507 1809 562 subtrahere

204 577 410 642 uolunt,
440 577 662 629 deorum
688 575 913 629 concilio
942 576 1275 629 adiecerunt.

307 651 427 698 Ext.
467 649 513 699 1.
566 646 866 699 Claudatur
901 645 1005 697 hoc
1049 665 1204 698 exem
1244 645 1296 698 lo
1331 645 1525 699 talium
1570 655 1807 701 ostento-

201 736 320 768 rum
356 716 656 769 domestica
689 715 905 781 relatio,
951 734 1047 782 ne,
1094 716 1140 767 si
1173 735 1209 768 u
1232 716 1399 768 terius
1436 716 1684 769 Romana
1715 717 1808 769 ad-

202 788 563 857 prehendero,
592 806 620 839 e
648 786 869 838 caelesti
894 793 999 838 tem
1041 786 1092 839 lo
1120 786 1190 838 ad
1213 786 1458 856 priuatas
1487 786 1674 839 domos
1701 805 1809 839 non

140 873 180 903 ιο
203 865 592 909 consentaneos
627 875 756 908 usus
784 864 998 908 transtu
1020 856 1130 908 isse
1161 855 1370 908 uidear.
1420 856 1687 926 attingam
1711 856 1810 925 igi—

203 936 292 979 tur
324 935 578 993 externa,
652 945 753 979 uae
779 926 991 979 Latinis
1018 927 1211 978 litteris
1245 926 1451 978 inserta
1483 935 1545 980 ut
1580 927 1810 978 auctori-

202 997 333 1049 tatis
360 997 536 1050 minus
563 996 634 1049 ha
677 1004 793 1063 ent,
833 997 911 1049 ita
937 995 1145 1067 aliquid
1179 1003 1371 1065 gratae
1404 996 1690 1050 uarietatis
1718 995 1810 1049 ad-

201 1066 343 1118 ferre
369 1076 616 1137 possunt.

308 1137 375 1188 In
408 1137 651 1189 exercitu
687 1136 921 1202 Xerxis,
976 1154 1135 1205 quem
1171 1136 1434 1187 aduersus
1470 1135 1808 1206 prouinciam

141 1220 180 1251 15
205 1206 492 1259 Graeciam
528 1214 897 1271 contraxerat,
935 1224 1104 1275 equae
1140 1214 1304 1276 partu
1327 1204 1567 1276 leporem
1602 1204 1809 1258 editum

201 1284 436 1329 constat:
489 1294 594 1346 quo
631 1294 830 1344 genere
864 1276 1092 1327 monstri
1130 1275 1272 1328 tanti
1307 1283 1605 1346 apparatus
1642 1276 1809 1345 signi—

203 1346 395 1398 ficatus
425 1354 508 1397 est
536 1353 780 1397 euentuS.
830 1345 972 1397 Nam
998 1349 1088 1414 qui
1112 1364 1260 1397 mare
1288 1345 1577 1413 classibuS,
1605 1353 1808 1398 terram

200 1415 443 1484 pedestri
464 1436 526 1467 *ιιι
540 1436 564 1467 *
587 1424 640 1467 et
659 1414 833 1483 fugax
859 1414 1061 1467 animal
1081 1415 1282 1485 pauido
1308 1433 1563 1484 regressu
1581 1434 1810 1484 regnum

202 1503 359 1536 suum
383 1492 627 1555 repetere
655 1493 737 1537 est
763 1493 1000 1537 coactus,

139 1574 179 1606 20
306 1555 518 1607 Eodem
560 1563 799 1607 montem
834 1554 1022 1608 Athon
1057 1555 1154 1606 uix
1187 1554 1408 1607 tandem
1444 1561 1806 1623 t1·ansgresSO‚

198 1623 515 1694 priusquam
541 1624 785 1677 Athenas
814 1623 1042 1688 deleret,
1081 1623 1511 1676 Lacedaemonis
1546 1624 1806 1676 inuaden-

199 1694 300 1746 dae
327 1693 612 1746 consilium
638 1694 869 1763 agitanti
894 1693 1215 1747 admirabile
1240 1695 1383 1747 inter
1408 1712 1598 1746 cenam
1622 1694 1806 1764 prodi-

199 1764 348 1832 gium
383 1763 595 1818 incidit.
653 1764 894 1815 infusum
929 1783 1161 1835 namque
1195 1772 1418 1835 paterae
1465 1764 1582 1816 eius
1617 1763 1805 1816 uinum

197 1834 256 1884 in
282 1835 618 1902 sanguinem,
648 1852 750 1886 nec
777 1834 942 1886 semel
969 1835 1066 1887 sed
1091 1834 1288 1886 iterum
1315 1841 1369 1886 et
1394 1833 1556 1887 tertio
1583 1851 1805 1886 conuer-

137 1923 178 1955 25
202 1921 320 1954 sum
355 1911 454 1955 est.
516 1923 624 1974 qua
661 1903 726 1956 de
762 1922 821 1956 re
856 1904 1088 1957 consulti
1122 1905 1268 1973 magi
1301 1912 1627 1956 monuerunt
1661 1911 1722 1956 ut
1748 1922 1805 1955 se

201 1973 269 2024 ab
296 1973 510 2042 incepto
531 1974 811 2044 proposito
841 1975 1157 2027 abstineret.
1195 1982 1250 2026 et
1275 1972 1489 2044 siquod
1512 1974 1806 2042 uestigium

85 2111 177 2145 Par.
201 2103 407 2163 Pergami
442 2104 612 2155 editus,
653 2106 797 2164 palma
823 2107 982 2151 uiridis
1009 2105 1233 2152 Trailibus
1268 2107 1314 2151 in
1341 2103 1447 2151 aede
1471 2105 1695 2152 Victoriae
1721 2104 1804 2150 sub

201 2173 404 2218 Caesaris
431 2180 578 2219 statua
604 2175 724 2231 inter
749 2183 1013 2235 coagmenta
1038 2176 1236 2236 lapidum
1263 2182 1407 2223 enata.

306 2245 348 2287 1.
382 2243 429 2287 In
457 2245 654 2290 exercitu
680 2245 836 2291 Xerxis
864 2245 1011 2305 equae
1029 2253 1163 2307 partu
1188 2247 1392 2307 leporem
1417 2245 1587 2291 editum
1611 2250 1802 2294 constat,

138 2320 181 2354 30
204 2319 255 2357 ut
290 2312 520 2358 dissimilis
555 2314 699 2359 exitus
736 2315 876 2360 initiis
902 2317 1267 2375 portenderetur.
1308 2340 1370 2349 —
1412 2316 1577 2360 Xerxes
1603 2321 1804 2360 montem

198 2382 351 2428 Athon
388 2390 701 2442 transgressus
739 2384 858 2430 inter
891 2386 1106 2432 conuiuia
1130 2386 1329 2432 infusum
1355 2392 1540 2446 paterae
1575 2385 1731 2430 uinum
1758 2385 1815 2428 in*

316 2506 340 2545 7
362 2507 711 2546 ostentatorum
746 2506 788 2546 B
857 2508 908 2548 10
943 2508 1071 2548 uisus
1107 2511 1216 2552 coni.
1251 2509 1427 2562 Lipsius
1499 2508 1552 2548 15
1587 2509 1803 2548 contaxa-

198 2563 272 2599 rat
291 2560 333 2599 B
352 2557 371 2614 ΙΙ
393 2573 539 2612 equae
561 2565 697 2614 partu
716 2562 920 2615 leporem
939 2563 982 2603 B
1003 2565 1046 2603 in
1065 2576 1154 2604 ras.
1217 2565 1268 2604 17
1291 2559 1541 2616 classibus]
1575 2564 1676 2603 add.
1698 2563 1740 2602 in
1760 2560 1803 2600 B

198 2627 236 2656 s.
266 2617 293 2657 I.
321 2629 371 2654 m.
405 2619 431 2655 2
461 2621 654 2657 uenerat
673 2614 693 2672 [l
713 2621 836 2658 terra
858 2618 880 2657 b
943 2620 994 2659 18
1023 2619 1234 2671 pedestre
1263 2620 1329 2669 B,
1360 2618 1563 2673 pedestri
1593 2618 1802 2659 exercitu

200 2675 445 2722 operuerat
470 2676 704 2724 suppletum
731 2676 773 2714 in
800 2676 893 2715 cod.
925 2675 1152 2727 Reyinenst
1182 2675 1279 2728 (qui
1297 2688 1356 2718 m.
1379 2674 1607 2715 classibus
1628 2676 1802 2713 terrue-

199 2728 293 2772 rat,
334 2727 547 2778 pedestre
586 2732 631 2768 et
667 2730 810 2781 fugax
838 2731 1044 2771 Foertsclz
1072 2732 1147 2779 II,
1177 2730 1250 2783 55)
1312 2732 1366 2771 20
1398 2729 1559 2770 Eidem
1593 2729 1735 2770 Periz.
1778 2725 1797 2779 Η

201 2780 342 2821 athon
373 2782 501 2822 iuxta
530 2783 685 2824 indem
714 2786 777 2836 B,
818 2799 892 2826 em.
915 2788 959 2826 in
980 2789 1105 2830 codd.
1127 2789 1230 2828 dett.
1290 2787 1343 2827 21
1375 2784 1737 2827 lacaedemoniis
1760 2785 1801 2824 B

201 2839 338 2878 altera
358 2837 373 2875 i
392 2843 596 2889 punctam
654 2841 706 2879 22
731 2853 919 2883 caenam
941 2843 983 2881 B

312 2894 365 2933 27
388 2893 520 2933 tralis
550 2894 594 2933 V
622 2918 623 2921 =
