1924 3152
208 149 307 202 128
901 150 1002 197 LlB.
1039 151 1110 198 111.

206 262 373 315 caede
406 259 598 312 testari
630 258 806 311 uoluit
841 276 898 310 se
923 256 1087 310 Fului
1121 255 1499 310 crudelitatem
1523 257 1818 330 suggillare

206 350 370 403 quam
395 338 615 382 senatus
642 328 1021 381 misericordia
1044 328 1128 380 uti
1151 327 1454 381 maluisse?

310 401 361 452 2.
400 401 540 469 Age,
566 399 739 451 Darei
766 406 1003 470 quantus
1031 398 1195 451 ardor
1219 398 1414 451 animi!
1442 397 1536 468 qui
1560 415 1684 450 cum
1708 416 1818 451 sor-

207 470 338 522 dida
363 479 417 522 et
443 468 654 522 crudeli
688 487 974 538 magorum
1007 468 1300 538 tyrannide
1326 469 1523 520 Persas
1559 467 1821 521 liberaret

94 569 98 586 τ
166 563 185 594 5
206 559 483 611 unumque
510 559 580 592 ex
604 540 671 592 iis
700 540 932 593 obscuro
959 538 1078 592 loco
1116 538 1391 591 abiectum
1418 538 1663 608 corporis
1690 556 1821 619 pon·
1871 600 1875 603 ι

208 611 335 663 dere
368 619 656 679 urgueret,
693 609 965 680 praeclari
1001 611 1181 680 operis
1219 610 1365 663 socio
1401 607 1622 679 plagam
1658 627 1708 660 e1
1741 608 1820 659 in-

205 682 352 734 ferre
380 680 678 746 dubitanti,
712 700 780 732 ne
794 721 807 747 ,
837 679 967 731 dum
992 698 1081 732 ma
1158 699 1210 731 m
1236 679 1401 750 petit,
1427 679 1610 749 ipsum
1633 676 1821 730 uulne-

207 761 381 817 raret,
421 754 510 803 ‘tu
533 755 694 803 uero’
731 751 908 821 inquit
946 749 1089 802 ‘nihi
1145 757 1229 802 est
1254 748 1403 820 quod
1437 766 1524 800 res
1567 756 1692 800 ectu
1716 748 1822 799 mei

207 822 455 875 timidius
491 820 675 891 gladio
702 822 900 873 utaris:
941 819 1032 872 uel
1056 839 1154 890 per
1188 828 1480 889 utrumque
1507 818 1519 828 “
1566 836 1662 870 um
1687 835 1821 886 agas

146 914 186 945 ιο
207 892 359 959 licet,
401 892 530 944 dum
556 892 644 943 hic
669 910 831 961 quam
857 890 1138 943 celerrime
1165 897 1404 959 pereat’.
1568 950 1575 955 ,

314 963 364 1015 3.
405 961 529 1015 Hoc
554 961 659 1013 loci
685 961 962 1014 Leonidas
996 959 1198 1014 nobilis
1227 959 1529 1030 Spartanus
1566 957 1822 1023 occurrit,

209 1033 362 1101 cuius
389 1032 667 1103 proposito
683 1072 696 1098 ,
725 1050 916 1102 opere,
944 1032 1097 1084 exitu
1121 1029 1257 1083 nihil
1281 1029 1496 1084 fortius.
1549 1047 1678 1080 nam
1702 1046 1826 1080 cum

208 1117 313 1156 CCC
350 1103 563 1156 ciuibus
600 1102 748 1172 apud
784 1100 1183 1173 Thermopylas
1218 1101 1322 1154 toti
1358 1099 1525 1152 Asiae
1558 1099 1826 1165 obiectuS,

209 1191 434 1243 grauem
468 1172 623 1224 illum
651 1180 706 1224 et
731 1173 869 1225 mari
895 1180 950 1224 et
974 1181 1151 1225 terrae
1177 1171 1436 1236 Xerxen,
1471 1187 1571 1221 nec
1594 1168 1825 1222 homini·

146 1264 188 1296 15
208 1245 311 1297 bus
338 1251 555 1296 tantum
580 1241 882 1296 terribilem
910 1241 1007 1294 sed
1032 1241 1286 1312 Neptuno
1315 1258 1529 1312 quoque
1555 1237 1827 1309 conpedes

210 1323 265 1367 et
291 1313 439 1366 caelo
466 1313 722 1366 tenebras
756 1313 1126 1379 minitantem,
1163 1311 1468 1382 pertinacia
1498 1309 1719 1362 uirtutis
1755 1308 1829 1360 ad

209 1384 464 1437 ultimam
491 1383 585 1435 des
630 1384 934 1436 erationem
959 1383 1189 1451 redegit.
1252 1389 1491 1434 ceterum
1516 1378 1750 1450 perfidia
1775 1386 1829 1431 et

212 1453 414 1507 scelere
458 1402 759 1506 incolarum
807 1454 923 1505 eius
970 1453 1207 1522 regionis
1252 1452 1661 1522 opportunitate
1703 1449 1827 1515 loci,

212 1542 321 1595 qua
346 1523 642 1594 plurimum
669 1523 1066 1590 adiuuabatur,
1104 1523 1369 1593 spoliatus
1397 1520 1646 1575 occidere
1674 1519 1829 1571 dimi-

148 1615 190 1647 20
213 1612 341 1646 cans
377 1612 542 1664 quam
566 1595 913 1663 adsignatam
938 1594 1046 1646 sibi
1079 1613 1111 1645 a
1137 1593 1316 1664 patria
1352 1592 1644 1644 stationem
1679 1590 1831 1642 dese-

211 1683 331 1717 rere
347 1664 557 1731 maluit,
579 1664 825 1735 adeoque
846 1664 1015 1717 alacri
1035 1665 1214 1717 animo
1238 1682 1364 1716 suos
1385 1663 1456 1714 ad
1474 1661 1532 1714 id
1546 1660 1828 1731 proelium,

214 1754 320 1806 quo
365 1734 596 1804 perituri
640 1743 818 1801 erant,
869 1735 1183 1788 cohortatus
1230 1743 1313 1786 est
1356 1740 1418 1785 ut
1462 1731 1671 1784 diceret
1720 1733 1735 1757 ⁹
1752 1729 1831 1781 sic

213 1805 507 1876 prandete,
536 1804 932 1872 conmilitoneS‚
962 1814 1241 1875 tamquam
1269 1802 1418 1874 apud
1442 1801 1829 1854 inferoscena-

101 1946 192 1981 Par.
218 1938 426 1999 phaleras
460 1952 614 1985 xxxv.
676 1943 715 1983 2.
752 1939 919 1984 Dareus
954 1951 1054 1984 cum
1084 1937 1263 1983 sordida
1302 1943 1347 1981 et
1387 1931 1558 1981 crudeli
1595 1945 1832 1992 magorum

152 2018 194 2050 25
218 2008 453 2067 tyrannide
477 2009 636 2054 Persas
664 2008 901 2059 liberaret,
939 2022 1078 2053 unum
1106 2020 1157 2052 ex
1185 2009 1249 2051 eis
1275 2006 1498 2051 abiectum
1523 2003 1733 2063 corporis
1761 2001 1831 2046 sui

216 2078 419 2138 pondere
445 2092 641 2136 urgens,
682 2085 733 2122 ut
760 2078 874 2123 uidit
900 2077 1254 2123 commilitonem
1282 2075 1458 2135 plagam
1488 2074 1528 2118 ei
1555 2072 1725 2118 inferre
1751 2071 1833 2116 du-

217 2147 438 2194 bitantem
465 2162 519 2192 ne
547 2162 628 2207 per
655 2162 859 2193 errorem
885 2149 1075 2193 Dareum
1102 2147 1380 2195 uulneraret,
1409 2146 1488 2189 ‘tu
1515 2156 1625 2188 uero
1642 2144 1654 2163 '
1683 2141 1832 2201 inquit

220 2216 324 2263 ‘uel
352 2231 433 2277 per
459 2224 705 2277 utrumque
731 2225 940 2263 nostrum
968 2217 1165 2275 gladium
1191 2230 1299 2276 age,
1328 2213 1571 2260 dummodo
1598 2213 1672 2259 hic
1698 2225 1831 2272 quam

219 2288 453 2334 celerrime
480 2295 635 2347 pereat
654 2289 681 2332 ².
745 2290 787 2332 3.
825 2287 1046 2333 Leonidas
1073 2287 1323 2347 Spartanus
1350 2299 1451 2331 cum
1480 2284 1695 2329 trecentis
1723 2281 1833 2326 ciui-

156 2372 198 2403 30
221 2357 306 2404 bus
343 2358 397 2403 ad
434 2357 759 2418 Thermopylas
798 2360 883 2403 toti
922 2358 1052 2403 Asiae
1089 2357 1316 2406 obiectus,
1355 2354 1545 2416 perfidia
1579 2360 1626 2398 et
1661 2351 1832 2397 scelere

219 2429 468 2475 incolarum
496 2428 842 2488 opportunitate
861 2428 947 2473 loci
976 2428 1213 2488 spoliatuS,
1243 2426 1408 2472 occidit
1434 2424 1666 2470 dimicans.
1705 2423 1832 2472 cuius

336 2554 358 2591 1
391 2551 612 2605 sugillare
637 2552 676 2593 lz.
700 2553 727 2593 l.
751 2552 793 2591 B
853 2554 877 2592 3
909 2547 1071 2605 Darei]
1098 2550 1311 2604 Gobryae
1335 2550 1508 2602 Piylzius
1531 2560 1588 2588 ex
1607 2545 1834 2586 Herodoto

222 2614 263 2648 et
284 2607 451 2648 Iustino
509 2610 538 2647 4
568 2607 776 2648 crudelia
797 2607 840 2647 B
899 2610 924 2648 6
954 2611 1142 2661 urgyret
1161 2607 1216 2654 B,
1249 2609 1436 2659 urgeret
1456 2605 1480 2644 b
1538 2606 1564 2644 9
1594 2601 1711 2643 illud
1730 2600 1773 2640 B
1793 2604 1837 2639 et

219 2666 413 2716 plerique
422 2678 437 2710 ,·
468 2670 610 2705 tuetur
630 2664 838 2705 Foertsck
858 2664 898 2712 I,
924 2666 977 2703 12
1040 2665 1092 2704 14
1113 2676 1239 2704 mare
1262 2660 1318 2703 B'
1379 2662 1432 2702 16
1455 2656 1607 2711 caelo]
1641 2655 1756 2698 cado
1777 2654 1832 2699 B,

226 2719 340 2759 cabo
363 2720 386 2758 b
449 2722 500 2761 18
532 2720 786 2762 incolarum
809 2741 862 2747 ——
884 2720 977 2761 loci
999 2734 1098 2762 nos:
1129 2719 1386 2760 incolarum
1408 2716 1527 2768 (add.
1551 2716 1594 2754 in
1614 2725 1694 2765 my.
1717 2725 1777 2753 2ae
1802 2711 1841 2750 P

223 2775 559 2827 oportunitate)
594 2777 692 2817 eius
714 2776 915 2829 regionis
939 2781 985 2817 et
1006 2777 1099 2818 loci
1120 2776 1176 2823 B,
1207 2776 1298 2816 inc.
1330 2774 1429 2814 eius
1450 2783 1543 2824 reg.
1569 2774 1614 2811 et
1634 2768 1730 2809 loci·
1755 2781 1835 2819 op-

226 2832 511 2926 porturliitate
541 2834 645 2874 dett.
707 2835 759 2875 19
792 2846 926 2885 quam
949 2826 1003 2873 B'
1065 2835 1117 2873 21
1148 2832 1353 2886 ideoque⁸
1365 2829 1420 2876 B,
1454 2841 1528 2868 em.
1558 2825 1787 2866 Tor-renim·
1811 2820 1831 2875 Ι

223 2891 320 2927 tam
342 2900 370 2927 a
393 2888 490 2927 acri
511 2888 534 2927 b

223 2952 280 2997 {fg
338 2945 392 2983 24
416 2942 652 2997 phaleras]
672 2947 860 2997 pateras
889 2946 933 2984 V
934 2940 954 2993 ',
988 2946 1229 2998 pharetras
1258 2942 1317 2983 V²
1375 2945 1425 2985 31
1458 2938 1770 2993 oportunitate
1791 2934 1833 2975 B
