1878 3132
262 119 297 157 ⁷
688 141 810 187 cAP.
835 140 894 191 x,
936 140 965 199 g
992 144 1133 186 2-7.
1622 133 1721 186 107

95 250 306 318 minum
331 249 676 319 indulgentia
703 247 774 300 ad
801 247 1079 300 excidium
1106 247 1224 300 eius
1252 247 1519 313 alebatur,
1549 256 1610 300 ut
1637 266 1724 300 su-

94 322 281 393 perius
316 338 619 390 cognomen
645 320 969 372 Africanum
995 326 1184 389 capta,
1220 320 1494 389 posterius
1515 334 1724 371 ‘euersa

97 392 386 445 Corneliae
410 391 563 459 genti
590 390 763 443 daret.

204 463 255 516 5.
296 461 443 528 Quid
469 461 847 527 damnatione,
877 459 1010 530 quid
1036 460 1202 512 exilio
1230 460 1528 513 miserius?
1568 461 1723 531 atqui

97 534 160 596 B.
196 532 403 586 Rutilio
441 531 847 601 conspiratione
884 530 1305 601 publicanorum
1340 531 1591 602 perculso
1629 551 1721 584 au-
1745 548 1765 582 5

92 597 408 658 ctoritatem
434 602 677 672 adimere
703 621 811 654 non
835 601 1147 653 ualuerunt.
1187 602 1274 654 cui
1293 602 1489 654 Asiam
1515 603 1723 674 petenti

94 692 285 728 omnes
329 674 646 745 prouinciae
696 672 843 724 illius
890 672 1145 726 ciuitates
1187 672 1399 742 legatos
1447 692 1723 726 secessum

96 747 214 798 eius
249 745 595 815 opperientes
623 744 843 797 obuiam
869 744 1153 796 miserunt,
1220 743 1443 797 exulare
1471 746 1592 815 quis
1620 745 1723 799 hoc

91 822 168 870 an
193 815 532 886 triumphare
557 816 755 867 iustius
784 815 1026 867 dixerit?

203 887 254 939 6.
294 886 354 938 C.
393 887 559 938 etiam
583 885 794 938 Marius
831 886 888 937 in
913 885 1256 957 profundum
1273 885 1596 939 ultimarum
1623 888 1720 939 mi-
1747 906 1787 938 10

96 958 363 1010 seriarum
389 957 634 1010 abiectus
670 975 741 1009 ex
774 956 893 1026 ipso
927 957 1075 1008 uitae
1103 956 1418 1012 discrimine
1455 958 1721 1011 beneficio

95 1027 403 1080 maiestatis
432 1028 668 1080 emersit.
708 1027 908 1079 missus
937 1028 1083 1079 enim
1110 1027 1182 1079 ad
1209 1047 1333 1081 eum
1360 1029 1722 1095 occidendum

95 1100 153 1151 in
179 1099 396 1169 priuata
423 1098 582 1151 domo
609 1098 905 1151 Minturnis
945 1097 1192 1150 clausum
1220 1117 1411 1152 seruus
1447 1099 1720 1170 publicUS,

94 1170 315 1223 natione
337 1168 573 1235 Cimber,
603 1176 658 1221 et
684 1187 869 1221 senem
895 1176 951 1221 et
977 1170 1240 1221 inermem
1268 1179 1321 1222 et
1348 1170 1600 1241 squalore
1629 1171 1722 1224 ob-

96 1241 262 1292 situm
288 1240 539 1292 strictum
558 1238 807 1307 gladium
834 1246 1023 1292 tenens
1053 1239 1285 1309 adgredi
1305 1259 1413 1293 non
1440 1242 1719 1307 sustinuit,
1747 1258 1788 1292 15

92 1319 150 1363 -et
193 1310 455 1363 claritate¹
485 1311 591 1361 uiri
637 1311 965 1364 obcaecatus
1005 1311 1222 1363 abiecto
1260 1314 1407 1364 ferro
1456 1312 1722 1364 attonitus

93 1381 223 1433 inde
257 1400 322 1434 ac
348 1390 586 1433 tremens
613 1382 775 1450 fugit.
841 1381 1122 1435 Cimbrica
1149 1383 1408 1434 nimirum
1436 1382 1720 1435 calamitas

95 1451 279 1504 oculos
315 1451 551 1504 hominis
589 1453 950 1522 praestrinxit
986 1452 1343 1534 deuictaeque
1370 1454 1551 1522 gentis
1592 1473 1723 1506 suae

95 1524 349 1575 interitus
368 1524 621 1598 ‘animum
647 1525 992 1590 comminuit,
1023 1525 1193 1575 etiam
1221 1524 1305 1576 dis
1334 1524 1720 1578 inmortalibus

92 1593 385 1662 indignum
410 1595 545 1646 ratis
573 1595 644 1646 ab
670 1613 777 1647 uno
806 1595 921 1646 eius
943 1594 1180 1647 nationis
1208 1595 1445 1647 interfici
1465 1596 1720 1662 Marium,
1747 1613 1788 1645 ρο

95 1682 260 1734 quam
295 1672 470 1717 totam
517 1664 812 1717 deleuerat.
890 1665 1299 1717 Minturnenses
1337 1674 1521 1718 autem
1557 1667 1721 1719 maie-

97 1741 237 1786 state
273 1733 419 1784 illius
446 1735 592 1803 capti
617 1754 972 1804 conpressum
998 1736 1109 1786 iam
1136 1745 1189 1788 et
1216 1737 1574 1789 constrictum
1602 1738 1723 1789 dira

93 1803 201 1856 fati
244 1804 571 1856 necessitate
615 1804 944 1857 incolumem
988 1807 1398 1875 praestiterunt.
1474 1825 1573 1859 nec
1616 1808 1722 1859 fuit

97 1874 177 1926 eis
205 1874 387 1926 timori
414 1874 716 1944 asperrima
744 1874 927 1927 Sullae
954 1875 1212 1942 uictoria,
1241 1895 1366 1928 cum
1391 1878 1721 1946 praesertim

94 1946 214 2015 ipse
263 1945 473 1997 Marius
525 1963 617 1998 eos
669 1963 700 1996 a
752 1945 1128 1998 conseruando
1179 1946 1358 1999 Mario
1411 1949 1720 2001 absterrere
1745 1964 1786 1997 25

94 2023 298 2086 posset.
1566 2083 1570 2086 ῃ

205 2087 253 2138 7.
297 2084 548 2138 Marcum
584 2104 798 2157 quoque
824 2086 1082 2140 Porcium
1122 2086 1388 2141 Catonem
1425 2089 1717 2143 admiratio

94 2211 268 2254 rentur,
297 2204 475 2250 funebri
496 2204 616 2250 lecto
644 2220 725 2252 sua
744 2212 909 2266 sponte
933 2220 1033 2252 sese
1054 2206 1361 2253 subiecerunt.
1415 2212 1458 2252 5.
1483 2207 1715 2255 P.Rutilio
1741 2216 1835 2250 Par.

95 2275 143 2320 in
169 2275 350 2320 exilium
377 2276 562 2321 abeunti
583 2290 741 2322 omnes
768 2278 979 2323 ciuitates
1006 2279 1150 2323 totius
1174 2278 1307 2324 Asiae
1333 2278 1511 2338 legatos
1540 2280 1720 2325 obuiam

96 2345 342 2396 miserunt,
395 2345 480 2391 sibi
525 2361 734 2406 quaeque
779 2349 892 2393 tanti
937 2348 1024 2393 uiri
1074 2349 1407 2409 praeripientes
1452 2350 1718 2396 discessum.
1744 2360 1786 2392 30

94 2418 140 2460 6.
169 2415 213 2460 C.
242 2415 427 2461 Marium
454 2418 501 2460 in
527 2420 704 2476 priuata
731 2418 864 2464 domo
885 2418 1124 2464 Minturnis
1152 2419 1358 2465 clausum
1385 2433 1546 2465 seruus
1573 2421 1722 2480 puhli-

96 2498 194 2534 cus,
234 2486 416 2530 natione
442 2485 645 2537 Cimber,
691 2490 857 2533 missus
892 2496 944 2534 ut
979 2489 1230 2540 occideret,
1283 2491 1492 2536 strictum
1519 2491 1720 2550 gladium

36 2583 42 2586 -
98 2561 256 2599 tenens
307 2554 494 2614 adgredi
541 2570 634 2602 non
685 2560 917 2603 sustinuit.
994 2564 1032 2605 7.
1084 2559 1137 2603 M.
1174 2560 1362 2605 Porcius
1413 2561 1521 2606 Cato
1574 2562 1718 2606 inuito

210 2664 237 2703 4
269 2659 420 2718 atqui]
446 2666 566 2704 ατη*
587 2664 642 2712 Β,
676 2668 771 2717 atq.
794 2666 818 2706 b
879 2668 903 2707 7
925 2676 1001 2704 *aue
1016 2678 1252 2707 secessum
1276 2668 1374 2708 eius
1396 2668 1439 2708 B
1461 2666 1523 2719 (in
1546 2682 1633 2709 ras.
1658 2671 1721 2710 ui·

96 2720 223 2760 detur
246 2721 346 2761 eius
368 2719 546 2772 latere),
578 2720 830 2762 discessum
852 2723 893 2762 P
949 2724 974 2763 8
998 2724 1261 2775 operientes
1278 2719 1348 2770 B',
1376 2726 1718 2778 praeripientes

97 2775 139 2826 P
154 2772 174 2829 Η
201 2776 289 2817 hoc
310 2778 588 2819 Perizonius:
620 2778 722 2819 loco
745 2777 833 2819 hoc
854 2778 910 2818 B2
957 2781 983 2819 9
1005 2791 1065 2818 an
1087 2781 1183 2822 edd.
1209 2785 1335 2821 uem:
1367 2784 1448 2821 aut
1470 2782 1511 2821 B
1573 2783 1625 2822 16
1648 2780 1720 2878 e}

95 2832 179 2872 scd
195 2832 237 2872 B
253 2834 298 2873 in
311 2847 400 2875 ras.
440 2876 443 2877 ⁷
463 2835 516 2875 18
534 2835 840 2887 praestrinxit
856 2848 958 2875 nos:
979 2836 1198 2887 pstrinxit
1216 2836 1258 2876 B
1317 2838 1370 2877 21
1389 2837 1660 2891 deleguerat

97 2888 154 2927 24
180 2889 223 2929 ei
242 2889 284 2928 B
343 2891 398 2930 25
428 2890 689 2932 absterrere
712 2913 764 2919 --
789 2890 1032 2933 admiratio
1061 2905 1138 2932 om.
1161 2892 1227 2939 B‚·
1261 2895 1365 2937 add.
1395 2898 1438 2935 in
1466 2909 1545 2948 my.
1577 2909 1635 2935 ea:
1657 2896 1719 2934 P:

17 2958 26 2965 *
97 2955 155 2983 m.
179 2946 385 2996 porcium
408 2950 621 2987 catonem
