1924 3152
527 0 658 20 gfff-w.-
670 0 972 22 rwgffae-*ffl'swff-:jtz'
997 0 1017 4 -—
1043 3 1063 6 Α.
1092 0 1126 11 »μ-
1150 0 1175 9 -V
1207 0 1210 2 v
1254 0 1256 3 v

530 133 648 180 CAP.
677 133 762 183 1111,
789 112 884 178 E'xt.
917 132 949 190 3
972 134 1010 177 6.
1041 137 1081 178 7.
1120 132 1167 182 v,
1197 132 1225 191 3
1256 134 1392 176 1—3.
1665 123 1767 176 251

153 259 347 312 parem
382 258 452 293 ex
484 240 755 292 maiorum
789 238 1127 308 imaginibus
1155 237 1387 308 gloriam
1413 237 1579 291 traxi.
1643 255 1772 288 cara

152 319 237 365 est
255 329 412 378 uxor,
438 309 624 363 dulces
645 309 824 376 liberi,
850 304 1074 362 iucundi
1095 309 1276 375 amici,
1305 308 1520 379 accepti
1540 307 1770 374 adfineS,

153 381 252 435 sed
274 389 476 453 postea,
492 381 728 450 cognitis
749 379 900 431 nulla
918 379 1289 433 beniuolentia
1310 379 1565 431 accedere
1588 378 1770 446 debet,

154 471 294 525 quae
317 452 555 523 priorem
582 450 887 503 exhauriat.

263 524 310 574 1.
350 523 534 591 Atque
559 520 693 573 haec
711 529 849 573 teste
871 520 1128 590 Scipione
1149 521 1416 572 Africano
1438 520 1648 590 loquor,
1677 519 1771 589 qui
1792 533 1813 567 5

153 593 374 647 tametsi
407 592 688 644 artissima
731 590 1108 644 familiaritate
1143 591 1332 642 Laelio
1378 592 1595 643 iunctus
1635 597 1772 655 erat,

151 673 335 718 tamen
379 669 629 715 senatum
679 661 912 732 supplex
962 662 1142 713 orauit
1180 680 1248 713 ne
1292 661 1609 731 prouinciae
1655 678 1772 713 sors

121 735 314 788 ‘fratri
351 751 447 785 suo
484 741 672 803 erepta
707 732 778 785 ad
813 751 934 784 eum
961 722 1379 798 transferretur,
1424 731 1775 811 legatumque

155 824 213 858 se
247 804 312 856 L.
349 803 595 874 Scipioni
630 803 687 854 in
715 803 908 855 Asiam
945 802 1150 854 iturum
1186 803 1471 873 promisit,
1511 810 1564 854 et
1598 819 1774 853 maior

122 906 125 908 v
152 883 286 928 natu
311 874 511 927 minori
537 883 591 926 et
627 874 961 926 fortissimus
996 871 1187 926 inbelli
1215 882 1269 925 et
1294 872 1472 942 gloria
1497 870 1771 925 excellens
1797 887 1839 919 10

153 945 334 999 laudis
361 945 512 1015 inopi
539 952 608 1011 et,
638 944 785 1014 quod
813 962 976 1013 super
1002 944 1184 996 omnia
1211 953 1311 1010 est,
1339 943 1587 996 nondum
1615 942 1773 994 Asia-

155 1017 262 1070 tico
298 1017 409 1068 iam
444 1015 760 1068 Africanus.
811 1016 996 1085 itaque
1032 1013 1462 1066 clarissimorum
1499 1013 1774 1082 cognomi-

155 1105 286 1139 num
323 1085 553 1139 alterum
597 1086 856 1156 sumpsit,
902 1084 1135 1136 alterum
1177 1084 1356 1150 dedit,
1403 1083 1774 1154 triumphique

154 1164 503 1228 praetextum
548 1156 708 1208 huius
755 1157 924 1225 cepit,
969 1155 1114 1207 illius
1160 1155 1421 1220 tradidit,
1466 1154 1771 1206 ministerio

153 1228 330 1280 maior
354 1225 635 1297 aliquanto
662 1245 825 1296 quam
850 1225 1022 1278 frater
1044 1227 1291 1296 imperio.
1798 1238 1843 1271 15

259 1298 311 1350 2.
350 1297 427 1349 M.
453 1315 584 1350 uero
621 1297 826 1349 Fabius
863 1295 1054 1348 consul
1080 1295 1277 1349 inclita
1312 1314 1498 1366 pugna
1523 1295 1774 1347 Etruscis

155 1376 209 1421 et
232 1368 558 1421 Veientibus
587 1367 859 1438 superatis
896 1366 1137 1419 delatum
1177 1367 1284 1419 sibi
1311 1385 1523 1419 summo
1553 1373 1775 1418 senatus

153 1438 449 1510 populique
494 1437 674 1490 studio
722 1438 1057 1508 triumphum
1105 1437 1303 1490 ducere
1350 1455 1458 1489 non
1494 1436 1775 1501 sustinuit,

157 1511 286 1591 quia
323 1528 386 1562 eo
406 1507 630 1631 (proelio
660 1509 728 1575 Q.
756 1509 962 1561 Fabius
990 1508 1164 1561 frater
1191 1509 1306 1560 eius
1336 1507 1639 1560 consularis
1667 1506 1774 1558 for-

155 1580 369 1632 tissime
445 1581 672 1631 imicans
710 1580 1000 1632 occiderat.
1062 1587 1322 1649 quantam
1358 1580 1415 1630 in
1453 1597 1515 1631 eo
1552 1578 1775 1648 ‘pectore
1799 1591 1846 1623 20

155 1650 418 1720 pietatem
450 1649 728 1702 fraternae
775 1650 1019 1702 caritatis
1062 1649 1344 1702 habitasse
1381 1650 1775 1712 existimemUS,

103 1748 112 1759 -·
156 1727 382 1790 propter
415 1738 579 1790 quam
613 1728 798 1772 tantus
835 1719 1162 1789 amplissimi
1206 1719 1429 1772 honoris
1456 1718 1648 1787 fulgor
1686 1736 1777 1769 ex-

156 1790 335 1858 tingui
361 1790 577 1860 potuit?

265 1860 316 1912 3.
356 1860 485 1913 Hoc
511 1858 762 1930 exemplo
788 1867 1036 1911 uetustas
1051 1899 1064 1926 ,
1104 1858 1197 1912 illo
1227 1857 1503 1911 saeculum
1530 1862 1778 1911 nostrum

160 1938 412 1984 ornatum
439 1938 548 1998 est,
587 1931 670 1982 cui
698 1931 928 1999 contigit
963 1930 1267 1982 fraternum
1294 1930 1484 1998 iugum
1513 1927 1776 1981 Claudiae
1801 1941 1844 1975 25

156 2001 329 2072 priuS,
358 2019 501 2053 nunc
527 2002 690 2053 etiam
712 1999 887 2053 Iuliae
908 2001 1083 2070 gentis
1111 2000 1313 2052 intueri
1341 1998 1524 2051 decus·
1564 2007 1779 2051 tantum

158 2072 303 2124 enim
352 2089 591 2124 amorem
641 2072 894 2142 princeps
955 2089 1263 2141 parensque
1314 2078 1502 2123 noster
1550 2069 1778 2121 insitum

158 2143 340 2197 animo
366 2142 555 2194 fratris
577 2142 748 2194 Drusi
774 2142 983 2208 habuit,
1009 2150 1070 2194 ut
1097 2160 1219 2193 cum
1242 2140 1442 2207 Ticini,
1471 2158 1576 2211 quo
1602 2140 1779 2192 uictor

267 2305 306 2347 1.
347 2303 500 2363 Scipio
528 2303 790 2354 Africanus,
830 2305 1006 2349 tametsi
1033 2303 1262 2349 rarissima
1290 2301 1597 2348 familiaritate
1623 2300 1776 2345 Laelio
1801 2309 1895 2344 Par.

162 2372 344 2418 iunctus
380 2380 501 2424 erat,
547 2379 694 2418 tamen
731 2380 938 2419 senatum
974 2373 1165 2433 supplex
1202 2374 1374 2422 orauit,
1421 2385 1477 2416 ne
1513 2372 1773 2432 prouinciae
1797 2378 1839 2410 30

164 2455 265 2486 sors
292 2442 422 2487 fratri
451 2457 533 2488 suo
562 2444 832 2503 eriperetur,
861 2443 1154 2504 legatumque
1181 2456 1229 2488 se
1254 2443 1302 2486 L.
1330 2442 1528 2502 Scipioni
1556 2442 1600 2486 in
1630 2442 1778 2486 Asiam

277 2594 302 2633 3
334 2592 544 2632 accidere
567 2593 710 2634 Periz.
790 2594 815 2633 5
846 2592 996 2644 adque
1021 2586 1075 2632 B'
1154 2595 1178 2633 7
1209 2596 1366 2632 tamen
1387 2593 1449 2632 P:
1493 2594 1702 2631 attamen
1724 2591 1778 2636 B,

162 2649 242 2689 sed
264 2650 314 2688 at
330 2655 476 2701 punct.
499 2645 517 2701 Η
560 2647 920 2701 Silplex***1·auit
942 2648 1113 2697 (orauit
1134 2648 1176 2699 b)
1204 2648 1242 2687 Β
1302 2650 1327 2688 9
1350 2647 1610 2701 repromisit
1630 2648 1670 2686 P
1729 2650 1781 2688 10

162 2704 330 2745 inbelli
352 2706 476 2746 codd.
492 2705 660 2756 Piylziz‘:
684 2709 730 2744 et
750 2705 863 2745 belli
884 2705 926 2744 B
947 2701 965 2758 Π
988 2709 1033 2745 et
1054 2718 1131 2745 om.
1155 2704 1197 2743 B
1219 2706 1262 2744 z'n
1283 2718 1370 2745 ras.
1415 2706 1468 2744 14
1488 2706 1779 2756 praetextam

99 2776 103 2781 ·
162 2759 221 2813 B,
244 2773 320 2804 em.
333 2761 506 2813 Kempf.
531 2761 728 2812 cf.7,1‚1
750 2758 768 2814 ΙΙ
789 2761 941 2813 coepit
962 2761 1004 2800 B
1054 2762 1106 2801 16
1127 2759 1304 2812 inclyta
1325 2761 1348 2801 b
1368 2757 1389 2815 [l
1410 2760 1623 2800 Etruscis
1645 2759 1712 2799 E:
1736 2764 1781 2800 et

165 2817 327 2858 amicis
350 2816 548 2869 (amiclis
571 2817 612 2868 b)
637 2817 692 2866 B,
723 2817 1012 2869 Aequicolis,
1044 2818 1296 2867 Auruncis,
1322 2817 1538 2858 Hernicis
1561 2821 1782 2856 tentarunt

163 2873 250 2912 uiri
269 2875 429 2914 eruditi
467 2875 518 2914 17
540 2873 837 2914 uenientibus
860 2867 916 2913 B'
975 2875 1029 2914 20
1051 2876 1275 2926 quantum
1298 2868 1357 2913 B'
1395 2875 1449 2913 22
1473 2885 1605 2926 quem
1627 2865 1683 2911 B‘
1723 2874 1779 2911 24

163 2930 415 2970 uetustatis
438 2930 675 2970 saeculum
697 2929 720 2968 b
742 2943 790 2970 m.
819 2933 846 2971 3
905 2931 959 2970 26
980 2931 1162 2970 intuere
1184 2929 1226 2969 B
1702 2940 1722 2956 ⁶
