1924 3152
579 0 648 22 ‚22⁴⁶st
671 0 743 15 *ς’-γ-
762 0 843 14 ’-,-·.ι
938 7 946 12 .,
967 0 970 2 v
999 0 1053 18 'ww
1076 4 1094 7 »ν
1139 0 1142 3 Δ
1189 2 1196 7 »-
1214 0 1239 11 v

660 144 780 191 CAP.
807 143 914 196 v111,
940 143 1036 190 Ext.
1066 141 1095 201 g
1122 142 1263 187 2-6.
1674 134 1774 188 161

142 256 290 310 filius
351 262 470 308 erat
516 252 891 307 Demochares
908 293 921 319 ,
984 249 1302 304 excellentis
1356 248 1566 303 formae
1616 265 1774 318 puer,

144 328 324 381 animo
362 327 480 380 eius
519 323 948 394 flagrantissimo
980 321 1269 374 inhaerens
1307 338 1512 374 amore.
1587 318 1776 390 itaque

145 398 448 452 communis
477 395 650 450 officii
677 404 822 448 sorte
848 391 1189 447 truculentus
1217 398 1534 458 accusator,
1569 390 1781 461 priuati

146 469 399 523 adfectus
435 466 764 521 condicione
799 463 1131 517 miserabilis
1159 481 1317 530 reus,
1354 478 1587 532 puerum
1622 459 1695 514 ad
1722 479 1780 514 se

146 538 488 595 exorandum
525 555 631 608 quo
669 535 887 607 parcius
923 535 1096 606 patris
1136 534 1458 587 criminibus
1495 532 1780 586 insisteret
1801 552 1823 586 5

145 612 455 664 uenientem
489 625 666 679 neque
702 606 966 677 repellere
1000 623 1174 676 neque
1211 603 1516 675 supplicem
1542 603 1778 674 genibus

146 682 260 735 suis
296 679 618 733 aduolutum
653 679 857 731 intueri
897 677 1190 743 sustinuit,
1238 676 1338 728 sed
1375 683 1561 746 operto
1601 675 1782 745 capite

145 752 283 806 flens
322 759 377 805 et
402 768 623 822 gemens
651 767 841 820 preces
880 766 1203 819 expromere
1230 765 1427 818 passus
1467 754 1551 799 est
1585 744 1780 798 nihilo·

145 824 436 894 minusque
464 821 678 874 sincera
704 819 814 873 fide
841 827 1158 872 accusatum
1183 819 1603 871 Demostratum
1631 816 1780 869 dam-

146 895 319 947 nauit.
389 892 682 946 uictoriam
717 891 902 944 nescio
949 890 1113 943 laude
1150 908 1220 942 an
1264 896 1536 943 tormento
1573 887 1783 940 maiore
1806 904 1847 941 ιο

148 973 411 1047 Ρῆῑῒᾶῑῐιτ.
432 963 691 1046 quoniam
726 963 879 1033 prius
907 981 1074 1032 quam
1101 962 1325 1015 ‘sontem
1353 961 1697 1032 'opprimeret
1724 977 1781 1010 se

149 1055 333 1108 lpsum
358 1043 493 1087 ulcit
518 1033 823 1105 Eph1altes.

257 1121 309 1174 5.
374 1120 553 1186 Quem
603 1118 982 1189 Syracusanus
1034 1116 1144 1170 Dio
1199 1117 1490 1169 seueritate
1543 1133 1702 1168 exem
1743 1113 1785 1166 li

149 1199 500 1264 praegrauat.
552 1190 882 1260 quibusdam
907 1187 1255 1241 monentibus
1282 1194 1345 1240 ut
1380 1187 1646 1239 aduersus
1733 1203 1784 1237 e-

151 1261 416 1316 raclidem
450 1269 505 1314 et
532 1259 871 1331 Callippum,
911 1276 1143 1330 quorum
1179 1257 1310 1311 fidei
1344 1257 1645 1328 plurimum
1670 1273 1784 1309 cre-
1810 1275 1852 1309 15

154 1333 348 1400 debat,
397 1339 678 1402 tamquam
704 1330 935 1384 insidias
965 1331 1015 1382 ei
1040 1330 1311 1382 nectentis
1328 1369 1342 1396 ,
1384 1329 1597 1382 cautior
1623 1335 1787 1394 esset,

153 1402 438 1475 respondit
472 1403 590 1455 uita
627 1421 684 1455 se
711 1401 872 1454 malle
911 1401 1174 1454 excedere
1203 1418 1368 1470 quam
1402 1400 1460 1450 in
1486 1406 1638 1453 metu
1670 1398 1789 1451 uio·

152 1474 334 1528 lentae
359 1474 550 1527 mortis
579 1474 782 1527 amicos
809 1473 1051 1524 inimicis
1078 1472 1236 1523 iuxta
1262 1489 1482 1541 ponere.

261 1559 312 1611 6.
353 1558 518 1624 Quod
545 1559 792 1629 sequitur
819 1564 873 1609 et
898 1558 978 1609 rei
1003 1557 1177 1627 ipsius
1205 1555 1574 1608 admiratione
1602 1561 1655 1606 et
1680 1552 1788 1606 cla-

152 1631 319 1700 ritate
346 1629 584 1681 auctoris
612 1628 863 1681 inlustre.
899 1627 1243 1693 Alexander,
1271 1625 1640 1678 Macedonum
1666 1643 1784 1691 rex,
1811 1644 1852 1675 20

155 1699 365 1752 incluta
391 1700 501 1750 iam
520 1717 707 1770 pugna
734 1697 1211 1751 excellentissimis
1240 1697 1437 1767 opibus
1459 1696 1634 1748 Darei
1661 1713 1786 1748 con-

156 1771 296 1823 tusis
304 1810 317 1836 ,
347 1777 502 1822 aestu
523 1777 576 1821 et
594 1770 807 1822 itineris
830 1771 1051 1821 feruore
1071 1769 1127 1819 in
1149 1767 1346 1820 Cilicia
1365 1765 1786 1836 percalefactuS,

159 1839 381 1912 Cydno,
420 1840 513 1911 qui
547 1858 721 1910 aquae
757 1838 966 1910 liquore
1004 1839 1333 1907 conspicuus
1371 1838 1588 1889 Tarson
1623 1836 1789 1887 inter-

158 1911 305 1979 fluit,
345 1929 543 1981 corpus
571 1929 730 1963 suum
765 1909 1031 1962 inmersit.
1086 1908 1269 1961 subito
1297 1907 1497 1960 deinde
1525 1925 1595 1959 ex
1620 1905 1790 1957 nimio

158 1982 360 2035 haustu
393 1981 593 2050 rigoris
632 1980 1033 2051 obstupefactis
1061 1979 1243 2032 neruis
1282 1997 1348 2031 ac
1373 1987 1596 2048 torpore
1628 1975 1792 2029 hebe-
1815 1994 1858 2028 25

159 2053 290 2106 tatis
318 2052 548 2106 artubus
576 2051 819 2104 maxima
848 2069 973 2104 cum
1000 2051 1407 2103 exanimatione
1442 2049 1611 2102 totius
1640 2066 1792 2100 exer-

160 2123 302 2178 citus
317 2123 374 2175 in
395 2123 659 2194 oppidum
679 2125 874 2176 castris
897 2122 1265 2193 propinquum
1285 2119 1547 2172 defertur.
1576 2119 1794 2171 iacebat

162 2213 325 2264 aeger
352 2194 545 2261 Tarsi,
584 2195 640 2246 in
679 2213 748 2246 ue
782 2192 1092 2246 ualitudine
1120 2193 1236 2245 eius
1265 2191 1501 2244 aduersa
1533 2189 1793 2243 instantis

160 2265 425 2319 uictoriae
470 2283 593 2335 spes
677 2265 960 2318 uctuabat.
1036 2265 1220 2334 itaque
1267 2262 1556 2317 conuocati
1592 2259 1794 2313 medici

271 2401 312 2442 6.
360 2397 470 2443 Cum
508 2397 755 2442 Alexander
789 2397 969 2443 Macedo
1007 2410 1141 2457 aeger
1179 2398 1349 2442 iaceret
1396 2402 1441 2440 et
1477 2397 1515 2440 ei
1554 2394 1792 2454 Philippus
1816 2405 1859 2438 3ο

165 2467 368 2514 medicus
394 2469 629 2527 potionem
664 2473 787 2514 esset
812 2468 1024 2518 daturus,
1064 2472 1434 2528 superuenerunt
1461 2464 1515 2510 ab
1549 2466 1790 2525 Antipatro
1816 2475 1912 2509 Par.

165 2537 414 2599 epistulae,
461 2544 514 2583 ut
550 2545 734 2584 caueret
780 2538 865 2584 sibi
910 2553 935 2584 a
969 2538 1182 2598 Philippo
1220 2542 1459 2582 monente:
1509 2536 1633 2581 hunc
1678 2536 1796 2580 enim

281 2678 306 2716 2
330 2674 696 2729 fraglantissimo
718 2668 772 2715 B'
832 2675 858 2715 8
875 2673 1172 2715 nihilominus
1191 2674 1267 2727 qui
1285 2672 1327 2713 B
1386 2675 1411 2714 9
1434 2671 1800 2714 demonstratum

165 2725 224 2773 B'
285 2735 337 2773 13
368 2732 447 2772 diu
475 2730 517 2771 B
587 2733 639 2772 14
668 2732 748 2784 qui
779 2731 1054 2784 quibusdam
1084 2731 1107 2771 b
1136 2728 1155 2785 Η
1185 2729 1436 2771 eraclidem
1456 2730 1498 2770 B
1568 2731 1621 2771 15
1653 2728 1800 2781 calip-

167 2801 278 2843 pum
306 2788 380 2833 Βς
449 2790 504 2829 17
534 2788 708 2830 uiolete
738 2788 801 2836 B,
842 2787 1050 2829 uiolento
1079 2787 1103 2828 b
1173 2787 1225 2828 18
1255 2786 1510 2840 inimicosq.
1551 2786 1574 2827 b
1645 2787 1698 2825 21
1731 2785 1800 2825 in-

166 2845 298 2942 {quta
326 2846 350 2886 h
411 2847 465 2942 22
496 2845 689 2921 tharson
709 2845 755 2893 b,
787 2846 885 2886 item
906 2846 960 2885 29
983 2844 1132 2885 tharsi
1152 2844 1175 2885 b
1237 2844 1291 2885 28
1320 2843 1416 2896 inq.
1437 2857 1517 2897 my.
1539 2843 1608 2884 B.-
1640 2842 1802 2895 inqu**

214 2931 228 2950 ²
258 2914 477 2999 132qpnamo
498 2962 738 3001 monentes
1730 2922 1748 2939 ο

257 3039 366 3069 van.
388 3040 498 3072 MAx.
1416 3056 1420 3057 ν
1480 3026 1544 3077 11
