1936 3120
1539 0 1553 7 ³
1565 9 1570 15 .
1586 0 1922 41 *‘²³*.‘⁷·³³³‘⁵·⁷}¹,.³‚·?‘-*'?1332‡'3

642 32 647 43 ι
731 14 854 44 &KQ-*¹
870 24 876 30 ·
933 20 958 37 ’ἦ
990 33 999 42 t
1019 16 1063 37 ν’
1095 14 1149 43 ’Ῐὲὲῖὲὶ
1167 35 1173 42 ,
1190 34 1198 38 s
1304 14 1311 23 ³¹
1384 25 1385 29 ¹

699 43 709 50 1
794 41 1222 63 w!

693 131 810 178 CAP.
837 131 886 184 11,
913 131 1011 178 Exi.
1038 131 1068 191 3
1095 135 1234 177 2-6.
1663 127 1766 180 441

102 288 104 290 .
153 240 300 293 mine
325 237 709 310 Memphitem,
738 257 898 310 quem
925 238 1331 310 ex'Oleopatra,
1361 239 1551 293 eadem
1577 259 1765 294 sorore

156 319 211 364 et
235 328 434 377 uxore,
473 308 794 377 sustulerat,
833 309 1075 363 liberalis
1111 310 1346 378 formae,
1385 311 1621 381 optimae
1648 312 1768 382 spei

154 399 411 452 puerum,
448 380 507 431 in
544 388 837 450 conspectu
873 398 970 433 suo
1005 380 1181 434 occidi
1216 381 1374 434 iussit
1409 382 1655 451 protinus
1697 400 1766 434 ue

158 459 324 523 caput
350 451 467 503 eius
497 458 550 502 et
573 449 742 521 pedes
768 451 1044 521 praecisos
1073 458 1125 504 et
1149 471 1338 504 manus
1377 453 1435 503 in
1461 453 1597 504 cista
1623 452 1690 504 ch
1712 470 1766 504 a·

152 522 318 594 myde
345 527 562 592 opertos
588 540 687 592 pro
713 540 933 574 munere
960 521 1215 576 natalicio
1242 523 1407 575 matri
1433 523 1608 589 misit,
1646 541 1764 593 per-
1787 537 1808 571 5

156 591 285 661 inde
322 592 479 663 quasi
513 593 630 662 ipse
669 591 863 658 cladiS,
902 611 1063 663 quam
1099 592 1182 645 illi
1214 593 1511 660 inferebat,
1549 612 1764 664 experS,

153 681 218 715 ac
242 682 354 716 non
379 662 682 729 infelicior,
723 664 868 734 quod
896 664 952 715 in
979 665 1250 717 communi
1277 665 1511 717 orbitate
1540 663 1766 735 Cleopa-

152 741 296 786 tram
339 732 706 786 miserabilem
751 735 988 798 cunctiS,
1045 753 1103 787 se
1145 735 1382 787 inuisum
1431 734 1763 787 reddiderat.

155 804 292 857 adeo
321 821 480 857 caeco
507 804 691 856 furore
728 823 937 856 summa
973 823 1219 876 quaeque
1246 805 1550 858 efferuescit
1577 805 1765 858 crude-

153 875 307 942 litas,
357 892 480 926 cum
524 875 918 927 munimentum
955 894 1024 927 ex
1059 895 1116 928 se
1152 876 1274 946 ipsa
1306 876 1562 946 repperit.
1638 894 1765 928 nam
1788 891 1828 924 10

155 963 278 998 cum
304 945 766 998 animaduerteret
792 954 994 1016 quanto
1018 947 1103 998 sui
1125 947 1249 999 odio
1269 947 1452 1017 patria
1471 954 1764 1014 teneretur,

153 1016 338 1070 timori
362 1015 662 1068 remedium
689 1015 889 1069 scelere
915 1017 1136 1087 petiuit,
1167 1036 1379 1088 quoque
1407 1017 1578 1070 tutius
1606 1016 1765 1087 plebe

152 1085 428 1139 trucidata
470 1095 754 1156 regnaret,
797 1087 1054 1158 frequens
1099 1088 1384 1141 iuuentute
1420 1089 1765 1158 gymnasium

154 1157 321 1210 armis
351 1167 405 1211 et
430 1158 546 1227 igni
572 1158 930 1211 circumdedit
957 1177 1269 1229 omnesque,
1298 1159 1390 1230 qui
1417 1159 1473 1210 in
1500 1176 1560 1210 eo
1589 1167 1762 1224 erant,

153 1230 355 1300 partim
378 1227 542 1294 ferm,
570 1228 771 1299 partim
797 1228 1016 1280 flamma
1047 1229 1280 1282 necauit.
1785 1243 1826 1276 15

259 1299 308 1351 6.
352 1298 535 1352 Ochus
583 1307 794 1365 autem,
840 1300 933 1370 qui
978 1308 1170 1369 postea
1206 1300 1409 1352 Darius
1457 1298 1762 1370 appellatus

153 1377 266 1437 est,
313 1369 655 1423 sanctissimo
691 1369 874 1421 Persis
919 1371 1035 1422 iure
1081 1370 1310 1423 iurando
1358 1371 1651 1423 obstrictus
1695 1388 1764 1422 ne

152 1458 314 1512 quem
351 1459 420 1493 ex
456 1441 855 1507 coniuratione,
895 1459 1032 1511 quae
1066 1450 1276 1512 septem
1310 1459 1498 1510 magos
1539 1459 1661 1509 cum
1700 1459 1760 1494 eo

153 1519 526 1592 oppresserat,
565 1519 661 1564 aut
697 1529 906 1564 ueneno
936 1520 1030 1563 aut
1055 1512 1200 1565 ferro
1228 1519 1321 1564 aut
1346 1511 1456 1563 ulla
1480 1511 1537 1563 ui
1565 1519 1658 1564 aut
1683 1511 1762 1561 in-

157 1600 283 1651 op1a
309 1580 690 1634 alimentorum
716 1590 961 1647 necaret,
1001 1582 1358 1634 crudeliorem
1383 1582 1571 1634 mortis
1599 1581 1759 1633 ratio·
1784 1596 1824 1628 20

151 1670 277 1704 nem
314 1670 447 1705 exco
490 1653 678 1718 itauit,
718 1671 824 1722 qua
851 1653 884 1715 ἦ·
920 1651 1183 1706 honustos
1220 1652 1320 1705 sibi
1359 1672 1468 1705 non
1503 1659 1759 1722 perrupto

151 1723 371 1776 uinculo
398 1742 456 1775 re
480 1722 679 1792 igionis
708 1721 939 1775 tolleret.
994 1732 1240 1793 saeptum
1267 1723 1409 1775 enim
1437 1721 1560 1774 altis
1588 1722 1759 1792 parie-

154 1892 403 1945 conspectu
431 1898 514 1930 suo
543 1884 686 1930 occidi
714 1884 870 1935 iussit,
917 1891 962 1928 et
988 1884 1199 1944 protinus
1227 1891 1363 1943 6311111
1401 1884 1496 1928 61113
1536 1897 1587 1927 36
1622 1881 1758 1942 pedes
1781 1887 1875 1923 Par.

152 1956 386 2016 praecisos
407 1957 452 2001 in
473 1955 583 2001 cista
605 1954 835 2014 chlamyde
863 1962 1047 2014 opertos
1075 1968 1158 2015 pro
1186 1967 1370 1999 munere
1397 1952 1607 1998 natalicio
1631 1953 1762 1997 matri

151 2027 289 2071 misit.
342 2026 458 2072 idem
485 2040 586 2071 cum
613 2025 791 2070 uideret
819 2032 989 2085 quanto
1019 2027 1087 2070 sui
1116 2025 1219 2070 odio
1247 2028 1391 2084 patria
1420 2030 1676 2074 teneretur,
1705 2023 1760 2067 ti·
1783 2032 1825 2064 25

155 2098 275 2142 mori
312 2097 558 2143 remedium
598 2095 767 2142 scelere
806 2096 1061 2156 quaesiuit:
1112 2096 1327 2155 frequens
1372 2096 1487 2140 enim
1525 2096 1760 2139 iuuentute

152 2170 438 2229 gymnasium
467 2167 681 2214 incendit.
757 2169 800 2211 6.
842 2166 1004 2214 0611113.
1034 2167 1112 2227 qui
1139 2173 1297 2227 postea
1323 2167 1480 2211 Darius
1507 2164 1760 2225 appellatus

151 2246 235 2289 est,
265 2238 514 2285 obstrictus
541 2238 641 2283 iure
668 2237 858 2283 iurando
888 2251 943 2282 ne
971 2251 1104 2297 quem
1132 2251 1183 2282 ex
1209 2237 1520 2282 coniuratione
1550 2249 1615 2285 63,
1645 2247 1760 2294 quae

151 2315 324 2368 septem
352 2323 511 2368 magos
538 2323 637 2354 cum
666 2322 718 2354 eo
749 2314 1064 2367 oppresserat,
1094 2314 1170 2352 aut
1196 2321 1371 2352 ueneno
1399 2313 1476 2351 aut
1502 2306 1655 2365 inopia
1681 2319 1759 2349 ne-

153 2386 292 2429 caret,
321 2378 623 2424 crudeliorem
645 2379 804 2422 mortis
825 2377 1046 2423 rationem
1066 2378 1354 2436 excogitauit.
1409 2383 1612 2435 saeptum
1641 2376 1756 2419 enim
1783 2382 1824 2414 30

151 2449 256 2494 altis
296 2448 548 2509 parietibus
586 2449 735 2494 locum
774 2447 923 2492 cinere
961 2447 1194 2507 conpleuit
1222 2447 1606 2506 superpositoque
1634 2445 1758 2504 tigno

263 2602 284 2641 1
309 2599 638 2654 memphilitem
659 2600 700 2639 P
718 2604 759 2639 et
779 2599 820 2637 in
841 2610 929 2637 ras.
952 2598 994 2637 B
1073 2599 1097 2637 ·2
1136 2601 1182 2637 et
1202 2609 1342 2637 uxore
1362 2618 1420 2625 -
1440 2607 1628 2647 puerum
1650 2593 1692 2633 B
1715 2595 1756 2633 in

149 2671 280 2710 mary.
304 2671 427 2697 manu
450 2658 626 2710 antiqua
645 2657 881 2708 suppletum
903 2653 1027 2694 hahet
1102 2655 1129 2694 4
1149 2654 1381 2706 preciosos
1404 2647 1462 2691 B'
1482 2648 1501 2705 [l
1529 2647 1643 2690 61313ν
1664 2649 1755 2690 cla-

149 2714 282 2767 myde
304 2713 346 2754 B
407 2715 431 2754 5
449 2714 555 2765 fort.
580 2716 743 2766 operta
763 2713 833 2750 uel
855 2714 1040 2763 opertas
1118 2712 1143 2750 9
1165 2710 1316 2750 furore
1340 2731 1392 2736 —-
1414 2709 1516 2761 ipsa
1537 2706 1755 2760 repperit.

149 2784 256 2812 nam
279 2770 553 2823 (reppererit
573 2769 666 2809 iam
687 2766 819 2820 corr.)
846 2779 948 2806 cum
968 2766 1010 2806 B
1032 2767 1073 2806 in
1093 2779 1180 2806 ras.
1271 2767 1323 2806 18
1365 2765 1535 2806 coniur.
1561 2776 1614 2803 ea
1639 2775 1755 2814 quae

149 2829 193 2870 P
268 2829 320 2868 19
349 2828 419 2868 ui*
442 2826 483 2866 B
561 2827 614 2865 21
646 2837 764 2877 quae
797 2824 1008 2864 homstos
1037 2821 1086 2875 (0
1104 2827 1204 2875 post
1225 2821 1253 2861 h
1275 2823 1444 2862 uidetur
1465 2834 1523 2861 ex
1542 2818 1675 2870 corr.)
1699 2817 1753 2867 B,

152 2897 241 2937 qua
269 2890 458 2926 onustos
487 2883 535 2929 b;
567 2894 658 2934 qua
689 2892 927 2927 03610303,
958 2878 1163 2931 odiosos,
1195 2878 1417 2930 infestos,
1451 2877 1650 2923 inuisos,
1684 2885 1759 2913 su·

149 2944 350 2994 31166103,
372 2940 590 2981 molest-os
613 2939 671 2990 (F
670 2937 856 2990 oertsclz)
878 2942 1150 2977 tentazcerunt
1169 2936 1308 2975 critici
1364 2936 1418 2975 22
1440 2932 1698 2983 111116111οῳ*
1715 2929 1757 2970 Β
