1878 3132
1275 3 1281 10 ’-
1305 3 1315 10 ”
1331 0 1339 11 ¹
1354 0 1878 61 *ww-r*

215 113 280 164 78
851 111 853 115 ’
929 117 1028 161 Lm.
1058 117 1105 161 11.
1541 84 1543 86 ’

318 226 370 277 4.
443 224 707 276 Eiusdem
764 223 916 275 urbis
969 234 1023 274 et
1071 224 1480 276 sanctissimum
1531 218 1831 277 consilium

215 295 439 347 Areios'
442 313 616 364 pagus
654 293 787 363 quid
813 294 1042 364 quisque
1070 293 1489 346 Atheniensium
1523 303 1712 364 ageret
1734 305 1831 348 aut

213 383 449 434 quonam
486 372 717 434 quaestu
754 371 1157 417 sustentaretur
1195 363 1616 433 diligentissime
1650 366 1826 446 inqui-

211 453 329 486 rere
356 433 594 500 solebat,
632 442 693 486 ut
717 433 960 485 homines
988 433 1355 500 honestatem,
1382 435 1532 488 uitae
1559 436 1826 489 rationem

169 519 189 551 5
211 523 477 558 11101110105
505 474 841 557 reddendam
868 522 1011 570 esse,
1041 513 1414 574 sequerentur.

315 574 366 627 5.
429 574 639 627 Eadem
674 575 848 627 bonos
895 576 1041 626 ciues
1081 593 1280 628 corona
1317 575 1614 629 decorandi
1650 577 1828 658 prima

211 645 657 698 consuetudinem
682 645 1012 710 introduxit,
1059 645 1270 697 duobus
1299 645 1449 698 oleae
1484 647 1706 699 conexis
1741 666 1825 698 13-

209 715 368 767 mulis
407 715 611 767 clarum
638 714 864 768 Pe1iclis
903 715 1167 783 cingendo
1197 725 1384 796 caput,
1425 715 1709 796 probabile
1743 718 1823 767 in-

211 785 490 851 stitutum,
518 787 634 838 siue
661 804 775 836 rem
803 786 918 837 siue
946 803 1235 855 personam
1260 787 1461 838 intueri
1487 785 1641 838 uelis.
1699 806 1826 838 nam

147 872 186 903 10
210 863 264 908 et
298 826 522 908 uirtutis
558 856 893 908 uberrimum
929 855 1245 908 alimentum
1280 866 1364 909 est
1388 856 1560 909 honos
1600 864 1653 909 et
1678 857 1825 909 Peri-

210 925 318 979 cles
348 926 542 995 dignus
571 945 604 978 a
629 945 734 996 quo
764 925 888 978 talis
916 926 1154 978 muneris
1184 926 1352 978 dandi
1386 934 1631 997 potestas
1658 927 1825 996 potis-

209 997 406 1048 simum
405 967 643 1048 ²Dinitium
670 1005 903 1066 caperet.
956 1038 958 1040 >

314 1068 364 1118 6.
417 1067 566 1135 Age,
604 1067 735 1135 quid
760 1066 896 1118 illud
921 1066 1230 1119 institutum
1255 1066 1623 1133 Athenarum,
1662 1086 1825 1148 quam

207 1137 585 1202 memorabile,
647 1136 794 1207 quod
827 1137 1108 1190 conuictus
1146 1155 1178 1188 a
1212 1144 1442 1206 patrono
1478 1137 1706 1190 libertus
1743 1138 1823 1188 in

144 1222 184 1254 15
207 1216 391 1276 gratus
418 1209 534 1259 iure
560 1207 829 1260 libertatis
860 1207 1096 1259 exuitur.
1145 1206 1508 1288 ‘supersedeo
1537 1214 1619 1260 te'
1647 1207 1824 1277 inquit

209 1277 438 1330 ehabere
466 1279 668 1343 ciuem,
706 1278 848 1330 tanti
873 1278 1113 1328 muneris
1141 1277 1368 1346 impium
1395 1278 1820 1344 aestimatorem,

164 1344 314 1429 snsec
342 1348 541 1399 adduci
576 1366 798 1417 possum
833 1355 894 1399 ut
895 1347 1140 1469 acredam
1175 1347 1299 1399 urbi
1332 1346 1518 1399 utilem
1544 1366 1704 1419 quem
1731 1347 1822 1401 do—

157 1420 165 1424 *
205 1418 318 1470 mui
346 1417 635 1469 scelestum
662 1436 841 1470 001110.
928 1418 986 1469 bi
1011 1418 1404 1493 igktjlfsstestss
1427 1436 1831 1521 §Q

142 1488 366 1604 211013111
382 1487 521 1540 liber
548 1507 664 1540 esse
691 1488 962 1553 nescisti.

316 1551 363 1610 ¹7.
412 1548 542 1610 [nde
568 1546 660 1609 Ma
629 1576 738 1610 3551
763 1557 938 1610 ienses
968 1576 1177 1627 quoque
1206 1558 1273 1610 ad
1298 1556 1401 1610 hoc
1426 1566 1640 1628 tempus
1666 1577 1820 1610 usur—

142 1574 338 1708 wpant
359 1628 681 1698 disciplinae
703 1629 1046 1697 grauitatem,
1075 1628 1241 1709 prisci
1260 1628 1426 1680 moris
1449 1629 1820 1710 obseruantia,

205 1698 430 1751 caritate
456 1698 644 1769 populi
670 1699 903 1751 Romani
929 1699 1218 1769 praecipue
1239 1698 1538 1778 conspicui.
1589 1699 1681 1768 qui
1707 1706 1820 1751 tres

203 1769 259 1819 in
305 1769 496 1822 eodem
530 1769 983 1821 manumissiones
1020 1769 1328 1821 rescindere
1364 1769 1713 1838 permittunt,
1775 1771 1821 1820 si

205 1847 288 1891 ter
323 1840 393 1892 ab
431 1859 492 1891 eo
531 1840 818 1910 deceptum
855 1839 1134 1892 dominum
1171 1847 1560 1908 cognouerunt.
1623 1847 1818 1908 quarto

140 1925 181 1957 25
205 1910 376 1989 erroii
404 1910 842 1962 subueniendum
868 1929 978 1989 non
1003 1918 1218 1979 putant,
1247 1909 1374 1978 quia
1401 1928 1498 1960 sua
1523 1910 1631 1960 iam
1659 1908 1821 1979 culpa

203 1979 458 2031 iniuriam
486 1980 724 2060 accempit,
766 1980 858 2049 qui
887 1979 934 2030 ei
962 1999 1019 2030 se
1045 1981 1245 2031 totiens
1275 1979 1494 2031 obiecit.

309 2049 522 2102 Eadem
573 2049 767 2101 ciuitas
820 2049 1129 2101 seueritatis
1174 2056 1356 2100 custos
1407 2049 1671 2100 acerrima
1717 2058 1817 2116 est,

89 2203 179 2239 Par.
205 2201 294 2240 tur.
345 2199 385 2238 5.
437 2195 613 2241 Corona
641 2195 809 2241 bonum
838 2197 983 2240 ciuem
1011 2194 1252 2240 decorandi
1281 2195 1654 2241 consuetudinem
1682 2197 1818 2240 Athe-

139 2277 180 2310 30
203 2265 385 2310 nienses
424 2265 718 2315 induxerunt,
758 2265 935 2311 duobus
974 2266 1099 2310 oleae
1125 2265 1308 2310 conexis
1335 2265 1534 2310 ramulis.
1609 2267 1648 2310 6.
1686 2266 1817 2325 Apud

203 2334 386 2381 eosdem
404 2337 704 2382 Athenienses
731 2338 969 2382 conuictus
997 2351 1018 2380 a
1042 2342 1233 2395 patrono
1263 2334 1454 2380 libertus
1482 2336 1690 2395 ingratus
1716 2337 1817 2381 iure

202 2405 429 2451 libertatis
457 2408 650 2452 exuitur.
712 2410 752 2451 7.
789 2406 1094 2451 Massilienses
1124 2412 1216 2450 tres
1245 2407 1289 2449 in
1315 2405 1471 2451 eodem
1499 2407 1817 2452 manumissio·

202 2490 282 2521 nes
318 2476 578 2523 rescindere
615 2478 909 2536 permittunt,
957 2476 994 2521 si
1032 2482 1100 2521 ter
1137 2476 1189 2520 ab
1228 2490 1281 2520 eo
1321 2476 1556 2536 deceptum
1584 2476 1816 2522 dominum

201 2554 535 2606 cognouerunt.
565 2554 726 2607 quarto
747 2548 892 2592 errori
915 2546 1273 2591 subueniendum
1294 2560 1384 2591 non
1402 2553 1578 2606 putant.
1599 2571 1657 2579 -
1678 2546 1815 2591 lidem

318 2684 411 2722 let
433 2683 493 2722 Β.
490 2698 498 2706 ⁴
532 2688 603 2724 est
625 2684 661 2730 b,
691 2685 797 2734 fort
820 2683 895 2724 uel
917 2680 935 2737 Η
958 2683 1204 2724 concilium
1228 2683 1347 2723 arrio
1369 2694 1515 2735 pagus
1537 2682 1561 2721 b
1621 2683 1645 2721 6
1667 2682 1814 2734 primo

202 2738 257 2786 B,
290 2751 364 2778 em.
396 2740 470 2779 Fr.
503 2740 675 2787 Haase;
706 2755 762 2780 an
791 2741 1012 2792 primum?
1079 2742 1104 2780 9
1133 2740 1232 2780 siue
1263 2751 1358 2778 rem
1387 2739 1435 2778 b:
1468 2738 1507 2777 si
1535 2750 1628 2777 rem
1658 2737 1699 2777 B
1762 2740 1810 2777 11

200 2807 390 2834 munera
419 2795 442 2834 b
479 2792 497 2848 Η
533 2797 778 2846 potestatis
811 2797 861 2843 B,
892 2798 971 2836 sed
999 2796 1059 2836 tis
1088 2797 1131 2836 in
1160 2796 1371 2836 ras.14
1407 2794 1618 2846 ingratus
1649 2792 1741 2844 (tus
1772 2795 1813 2833 in

200 2850 308 2901 ras.)
339 2850 380 2889 B
443 2853 492 2890 17
523 2851 697 2891 domnis
731 2852 973 2892 scelestem
1004 2845 1061 2891 B'
1119 2853 1171 2891 21
1202 2851 1340 2890 mmis
1373 2849 1413 2888 B
1444 2863 1559 2892 eor-,r
1590 2863 1611 2890 e
1641 2849 1810 2897 moxib3

202 2908 255 2946 24
279 2919 331 2947 00
355 2907 414 2946 P:
449 2907 603 2947 eodem
627 2907 668 2954 B
