1936 3120
0 2673 19 2878 *Qu-*mmmm
11 2639 21 2658 .,

739 134 858 181 CAP.
886 135 918 186 1,
948 89 1143 206 §Ji-3.
1653 133 1760 185 429

136 261 299 297 suum
325 242 651 297 Considium
678 242 846 309 dixit,
886 243 1032 314 quod
1066 250 1288 314 putaret
1315 243 1542 297 Oratam
1584 263 1757 299 remo-

138 321 254 366 tum
281 332 314 366 a
339 312 463 366 lacu
490 313 794 367 cariturum
821 313 1042 366 ostreis:
1084 333 1321 385 namque
1342 333 1424 382 ea,
1454 316 1501 368 si
1521 314 1647 368 inde
1666 332 1757 387 pe-

134 392 250 438 tere
275 403 387 437 non
412 384 678 451 licuisset,
705 385 764 435 in
789 383 989 453 tegulis
1018 393 1378 455 reperturum.

241 455 294 509 2.
342 454 488 507 Huic
530 454 789 506 nimirum
833 456 1009 524 magis
1057 457 1310 527 Aesopus
1356 456 1653 526 tragoedus
1698 457 1755 509 in

133 525 488 597 adoptionem
514 525 647 578 dare
673 525 848 577 filium
874 544 1033 578 suum
1059 544 1223 597 quam
1243 527 1510 581 bonorum
1533 546 1755 580 suorum
1781 545 1800 578 5

133 595 391 649 heredem
417 595 725 667 relinquere
754 595 969 662 debuit,
1007 615 1117 650 non
1144 596 1317 650 solum
1344 597 1621 668 perditae,
1661 599 1757 651 sed

134 666 301 720 etiam
326 666 572 720 furiosae
592 666 845 720 luxuriae
865 668 1133 720 iuuenem.
1175 687 1337 739 quem
1358 676 1571 722 constat
1591 678 1757 723 cantu

133 737 578 791 conmendabiles
607 737 850 790 auiculas
877 738 1190 791 inmanibus
1220 747 1430 810 emptas
1451 740 1639 810 pretiis
1658 759 1755 811 pro

133 807 384 861 ficedulis
420 825 623 879 ponere
660 817 923 878 acetoque
963 807 1203 879 liquatos
1240 828 1472 879 magnae
1512 829 1756 863 summae

130 879 360 932 uniones
387 879 700 950 potionibus
738 897 1031 950 aspergere
1067 880 1319 948 solitum,
1359 880 1754 952 amplissimum
1778 898 1819 930 ιο

132 950 522 1021 patrimonium
565 957 848 1022 tamquam
892 968 1136 1002 amaram
1186 950 1431 1022 aliquam
1481 953 1753 1005 sarcinam

134 1039 300 1092 quam
326 1020 611 1074 celerrime
637 1021 854 1075 abicere
881 1021 1206 1091 cupientem.
1272 1040 1503 1092 quorum
1529 1022 1752 1075 alterius

135 1091 299 1159 senis,
329 1090 557 1145 alterius
585 1091 953 1145 adulescentis
983 1099 1187 1144 sectam
1214 1093 1385 1145 secuti
1404 1092 1620 1164 longius
1641 1112 1752 1146 ma-

133 1181 234 1215 nus
271 1170 659 1233 porrexerunt:
708 1181 886 1233 neque
921 1163 1065 1215 enim
1108 1162 1282 1215 ullum
1324 1165 1523 1216 uitium
1564 1164 1754 1218 finitur

135 1233 240 1301 ibi,
279 1233 374 1286 ubi
401 1234 594 1287 oritur.
654 1233 784 1286 inde
812 1233 882 1286 ab
911 1234 1101 1286 oceani
1128 1233 1383 1287 litoribus
1411 1234 1647 1288 adtracti
1672 1236 1751 1306 pi·
1776 1250 1818 1284 15

134 1321 280 1371 sceS,
318 1304 446 1357 inde
482 1304 700 1357 infusae
735 1302 929 1357 culinis
965 1322 1126 1356 arcae
1162 1305 1528 1376 censibusque
1556 1305 1754 1358 edendi

133 1393 197 1427 ac
220 1374 452 1428 bibendi
476 1374 732 1445 uoluptas
759 1381 997 1445 reperta.
1274 1418 1284 1425 .
1476 1387 1481 1399 ¹

239 1446 290 1498 3.
330 1445 475 1499 Vrbi
510 1454 694 1499 autem
727 1453 947 1498 nostrae
983 1445 1211 1498 secundi
1235 1446 1428 1499 Punici
1463 1446 1594 1500 belli
1630 1447 1753 1499 finis

134 1523 190 1569 et
214 1515 501 1597 Philippus
527 1516 887 1569 Macedoniae
914 1534 1012 1569 rex
1039 1517 1290 1570 deuictus
1335 1517 1634 1571 licentioris
1676 1518 1754 1570 ui-

135 1594 224 1640 tae
251 1585 510 1647 fiduclam
533 1587 704 1639 dedit.
756 1606 862 1656 quo
883 1595 1128 1657 tempore
1149 1596 1436 1641 matronae
1455 1589 1756 1642 Brutorum
1780 1606 1820 1638 20

137 1657 361 1721 domum
402 1675 569 1709 ausae
605 1665 731 1710 sunt
768 1656 1049 1724 obsidere,
1095 1658 1188 1727 qui
1233 1659 1580 1727 abrogationi
1621 1658 1757 1727 legis

137 1727 352 1799 Oppiae
376 1727 716 1780 intercedere
743 1727 924 1797 parati
950 1735 1129 1794 erant,
1169 1746 1333 1798 quam
1368 1728 1604 1781 feminae
1640 1727 1760 1780 tolli

138 1798 449 1870 cupiebant,
479 1798 609 1869 quia
635 1798 702 1849 iis
729 1815 829 1849 nec
855 1805 1010 1850 ueste
1036 1798 1176 1849 uarii
1204 1797 1400 1851 coloris
1419 1798 1502 1850 uti
1520 1817 1621 1850 nec
1638 1798 1758 1849 auri

135 1869 259 1941 plus
297 1868 633 1922 semunciam
666 1868 870 1921 habere
906 1885 1007 1920 nec
1031 1868 1218 1920 iuncto
1256 1867 1505 1920 uehiculo
1532 1867 1755 1938 propius

135 1939 329 1994 urbem
354 1938 503 1992 mille
528 1958 724 2010 passus
751 1938 860 1990 nisi
887 1938 1144 1990 sacrificii
1181 1939 1360 2007 gratia
1386 1938 1511 1990 uehi
1537 1937 1756 2008 permit-
1781 1954 1823 1987 25

135 2011 306 2064 tebat.
361 2019 415 2064 et
442 2010 665 2082 quidem
693 2009 1044 2080 optinuerunt
1069 2016 1129 2060 ut
1147 2008 1230 2060 ius
1252 2027 1349 2079 per
1370 2009 1656 2062 continuos
1677 2009 1757 2060 ui-

135 2083 279 2152 ginti
304 2100 474 2134 annos
504 2088 783 2134 seruatum
809 2079 1134 2133 aboleretur.
1195 2098 1306 2132 non
1335 2078 1478 2131 enim
1542 2077 1757 2131 rouide-

135 2160 264 2206 runt
290 2151 494 2206 saeculi
523 2150 670 2204 illius
699 2151 806 2203 uiri
834 2149 905 2202 ad
942 2168 1104 2221 quem
1144 2148 1351 2202 cultum
1389 2157 1481 2202 ten
1524 2156 1639 2202 eret
1677 2150 1756 2200 in-

138 2222 287 2277 soliti
313 2231 499 2276 coetus
526 2223 784 2293 pertinax
811 2221 1054 2274 studium
1092 2229 1187 2274 aut
1213 2239 1318 2291 quo
1346 2238 1404 2271 se
1430 2238 1601 2300 usque
1628 2220 1757 2272 effu-

139 2313 268 2346 sura
313 2302 460 2346 esset
498 2293 676 2360 legum
725 2292 931 2345 uictrix
976 2291 1226 2343 audacia.
1303 2290 1449 2361 quod
1495 2309 1541 2341 si
1591 2290 1757 2342 animi
1780 2307 1822 2339 30

137 2362 422 2416 muliebris
451 2370 749 2434 apparatus
778 2362 980 2414 intueri
1015 2362 1350 2432 potuissent,
1389 2360 1586 2431 quibus
1625 2361 1755 2414 coti-

139 2435 226 2488 die
263 2433 471 2504 aliquid
508 2433 769 2486 nouitatis
808 2432 1180 2502 sumptuosius
1226 2430 1504 2484 adiectum
1542 2438 1649 2497 est,
1699 2431 1756 2482 in

138 2582 226 2615 usu
254 2567 595 2628 conchyliorum
624 2565 867 2611 frueretur.
941 2568 981 2608 2.
1020 2565 1189 2624 Aesopi
1223 2563 1431 2624 tragoedi
1470 2563 1589 2609 filius
1617 2570 1751 2609 cantu
1775 2573 1869 2606 Par.

140 2637 523 2685 commendabiles
551 2636 752 2682 auiculas
780 2634 1045 2696 ingentibus
1066 2641 1240 2695 emptas
1264 2635 1424 2696 pretiis
1447 2649 1531 2695 pro
1552 2633 1756 2680 ficedulis

254 2779 282 2818 4
304 2775 525 2830 tragedus
547 2775 588 2815 B
610 2777 653 2815 in
674 2788 777 2823 ras„
802 2774 1011 2827 tragicus
1035 2774 1128 2814 cod.
1155 2773 1306 2836 Al'reb.
1386 2772 1412 2812 8
1436 2771 1630 2813 auculas
1652 2765 1708 2812 B'
1736 2770 1754 2823 Η

139 2833 469 2900 ingentibus·P
546 2834 598 2874 10
620 2831 804 2910 unionis
827 2824 882 2871 B'
903 2880 913 2895 t
963 2831 1014 2870 18
1036 2829 1212 2925 fines-dB
1284 2830 1356 2925 Bgl
1385 2828 1757 2926 23.ξὲςὲξὲἳῖἒὲῒῖ

142 2891 198 2987 ἐξ
214 2887 946 3000 ῗὲῗιᾲᾎξΐιηξωὲᾒγεῖνίριιιζιιῗέαἶιηι
967 2888 1161 2996 Ξξβξὲἇέἓ
1181 2898 1390 2984 {armen
1411 2942 1450 2990 I,
1475 2945 1532 2982 27
