1924 3152
170 155 187 168 s
211 125 313 178 162
906 129 1004 175 LIB.
1043 130 1131 175 1111.

209 238 588 291 adtentissimo
637 235 866 289 consilio
905 235 1094 288 salutis
1141 237 1830 311 remedia-circumspicie-

205 311 357 363 bant.
418 324 648 377 quorum
693 324 815 358 cum
857 306 929 359 ad
971 325 1138 358 unam
1181 308 1462 378 potionem
1496 311 1829 364 sententiam

209 378 540 431 direxissent
576 384 736 447 atque
775 379 894 429 eam
919 376 1204 448 Philippus
1240 378 1482 431 medicus
1510 380 1622 432 suis
1657 381 1828 436 mani-

204 451 308 503 bus
336 455 697 519 temperatam
716 446 1036 500 Alexandro
1055 480 1126 486 ——
1147 456 1263 500 erat
1288 457 1473 502 autem
1497 450 1669 520 ipsius
1695 451 1832 503 ami·

163 534 184 566 5
208 538 302 572 cus
339 527 393 572 et
429 537 608 572 comes
644 550 716 557 ——
748 519 1114 589 porrexisset,
1162 538 1195 571 a
1229 520 1591 574 Parmenione
1625 522 1827 574 missae

204 590 418 644 litterae
439 589 843 660 superueniunt,
872 588 1227 643 admonentes
1255 599 1316 643 ut
1334 609 1435 643 rex
1452 591 1681 643 insidias
1701 591 1830 644 Phi-

204 661 341 731 lippi
374 659 602 730 perinde
647 678 710 712 ac
743 660 976 730 pecunia
1011 661 1255 731 corrupti
1299 679 1332 713 a
1364 661 1550 715 Dareo
1587 669 1831 715 caueret.

206 750 339 802 quas
368 749 491 783 cum
515 729 769 799 legisset,
808 730 925 782 sine
951 729 1065 782 ulla
1091 732 1438 784 cunctatione
1463 731 1826 784 medicamen-

204 811 322 855 tum
356 802 566 868 hausit,
605 819 669 853 ac
693 809 813 853 tum
846 800 1106 870 legendas
1134 800 1389 871 Philippo
1427 801 1671 854 tradidit.
1725 820 1830 871 pro

141 895 183 929 10
206 892 311 943 quo
340 880 455 925 tam
482 871 756 924 constanti
783 889 915 940 erga
941 872 1178 923 amicum
1213 871 1418 925 iudicio
1449 870 1829 941 dignissimam

206 962 238 995 a
275 943 359 996 dis
396 941 782 995 inmortalibus
819 941 1128 994 mercedem
1154 943 1388 1012 recepit,
1427 943 1521 1013 qui
1545 941 1826 995 incolumi-

204 1015 336 1067 tatis
386 1014 501 1066 eius
545 1012 882 1084 praesidium
917 1011 1059 1065 falso
1107 1012 1449 1083 interpellari
1493 1012 1697 1066 indicio
1733 1032 1827 1066 no-

205 1084 439 1137 luerunt.

696 1335 926 1388 LIBER
966 1335 1342 1402 QVARTVs.

141 1494 182 1525 15
640 1478 686 1529 Ι.
736 1480 832 1530 DE
867 1479 1385 1529 MODERATIONE.

312 1576 717 1645 Transgrediar
738 1575 809 1627 ad
829 1574 1245 1629 saluberrimam
1264 1584 1479 1646 partem
1499 1575 1686 1641 animi,
1713 1594 1823 1628 mo-

205 1647 563 1713 derationem,
591 1665 730 1717 quae
748 1655 958 1699 mentes
978 1655 1195 1699 nostras
1223 1646 1558 1716 inpotentiae
1591 1645 1827 1718 [temeri-

201 1718 356 1790 tatis]
381 1720 602 1770 incursu
622 1725 965 1769 transuersas
985 1717 1117 1769 ferri
1137 1735 1244 1769 non
1254 1716 1483 1787 patitur:
1514 1735 1620 1787 quo
1644 1716 1828 1768 euenit

201 1798 263 1842 ut
295 1788 731 1860 reprehensionis
759 1806 944 1840 morsu
983 1788 1054 1840 sit
1087 1805 1264 1840 uacua
1299 1795 1353 1840 et
1378 1786 1556 1840 laudis
1593 1793 1825 1868 quaestu

138 1875 179 1907 ρο
203 1861 275 1912 sit
302 1858 733 1931 opulentissima.
787 1859 973 1928 itaque
1010 1858 1233 1912 effectus
1262 1876 1389 1911 suos
1417 1857 1474 1910 in
1500 1856 1659 1909 claris
1687 1857 1826 1909 uiris

199 1938 575 2000 recognoscat.

311 2002 358 2053 1.
408 2001 589 2071 Atque
631 2008 693 2052 ut
729 2000 798 2052 ab
847 1998 1195 2052 incunabulis
1239 1998 1438 2050 summi
1473 1997 1699 2050 honoris
1743 1997 1821 2048 in-

201 2072 419 2142 cipiam,
439 2071 502 2123 P.
524 2069 799 2136 Valerius,
829 2071 922 2139 qui
940 2068 1128 2139 populi
1146 2068 1493 2121 maiestatem
1511 2066 1822 2119 uenerando

201 2140 520 2194 Publicolae
540 2158 737 2192 nomen
763 2139 1055 2192 adsecutus
1083 2147 1181 2203 est,
1213 2157 1336 2191 cum
1363 2137 1573 2190 exactis
1600 2137 1824 2207 regibus

139 2268 181 2301 25
205 2266 474 2320 corruptum
502 2275 526 2305 a
552 2273 661 2318 rege
688 2258 818 2303 Dario
846 2260 1079 2318 potionem
1105 2264 1403 2317 temperasse.
1454 2256 1584 2302 lectis
1613 2254 1823 2316 epistulis

85 2309 179 2344 Par.
203 2330 476 2382 Alexander,
523 2336 574 2376 ut
599 2331 794 2389 primum
822 2331 936 2389 petit
961 2329 1219 2389 potionem,
1260 2327 1475 2388 legendas
1513 2340 1587 2372 eas
1612 2326 1821 2386 Philippo

209 2402 472 2518 ‘ra‘hl‘fstjffl
494 2469 998 2517 MODERATIONE.
1038 2469 1083 2514 P.
1106 2468 1311 2515 valerius
1336 2467 1570 2514 Publicola
1597 2481 1692 2512 eos.
1719 2481 1820 2512 eum

203 2544 353 2589 omnia
381 2544 426 2588 in
454 2555 502 2588 se
527 2541 753 2587 inuidiosa
781 2543 1088 2602 conspiceret,
1116 2539 1427 2585 moderatione
1455 2538 1509 2584 ad
1534 2537 1821 2585 humiliorem

315 2654 340 2692 2
363 2648 923 2693 εθῃτθηῒίειεᾶίνθχίεεεηίῑ
942 2652 1132 2703 Lipsius,
1166 2653 1375 2700 ‘quorum
1391 2649 1582 2700 pertinet
1602 2647 1662 2686 ad
1679 2657 1820 2686 reme-

202 2708 304 2758 dia,
338 2709 491 2748 dictum
506 2721 591 2760 pro
615 2721 670 2748 ex
693 2707 860 2760 quibus
882 2704 1110 2748 remediis’
1134 2705 1341 2746 Foertsclz
1360 2704 1432 2751 II,
1454 2705 1538 2748 20;
1567 2703 1661 2754 ipse
1684 2707 1826 2741 tamen.

201 2765 362 2805 malim:
394 2776 443 2804 se
475 2765 706 2805 sententia
735 2763 980 2816 direxisset
1041 2764 1092 2803 12
1121 2761 1294 2802 iudicio
1316 2753 1373 2799 B'
1433 2760 1485 2800 15
1512 2758 1595 2798 DE
1617 2755 1821 2798 MODE-

199 2819 470 2861 RATIONE
501 2833 578 2860 om.
602 2820 644 2860 B
706 2822 757 2860 17
787 2819 1068 2860 temeritatis
1099 2818 1329 2860 Torrenius
1348 2818 1556 2868 glossema
1577 2826 1669 2854 esse
1689 2813 1827 2858 uidit‚—.

201 2876 492 2930 inpotentiae
517 2879 563 2916 et
584 2878 691 2919 tem.
713 2876 761 2924 b,
794 2877 1038 2931 impotenti
1059 2873 1339 2916 temeritatis
1363 2871 1558 2923 Pighius,
1597 2870 1827 2922 impoten—

201 2934 263 2978 tis
284 2937 319 2978 t.
339 2933 383 2975 B
403 2946 482 2986 my.
543 2934 597 2974 22
621 2932 678 2973 ab
702 2945 779 2974 om.
801 2927 859 2972 B'
