1872 3132
700 131 822 179 cAP.
850 131 892 182 1,
933 131 961 189 g
993 132 1135 177 3—9.
1696 124 1730 176 5

98 259 305 296 numen
353 239 648 311 praestitit.
732 258 841 310 qua
891 238 1187 305 adorante,
1241 256 1366 291 cum
1417 238 1729 304 carbasum,

97 331 260 385 quem
297 312 564 382 optimum
599 310 870 377 habebat,
923 309 1105 363 foculo
1143 310 1505 380 inposuisset,
1547 308 1730 362 subito

94 385 240 454 ignis
268 382 506 436 emicuit.

206 454 255 507 8.
295 453 421 506 Non
455 453 654 504 mirum
680 452 876 521 igitur,
916 452 963 503 si
988 470 1088 522 pro
1118 471 1179 504 eo
1207 452 1438 522 imperio
1477 449 1729 521 augendo

98 522 571 594 custodiendoque
606 524 865 594 pertinax
902 541 1092 576 eorum
1127 522 1476 592 indulgentia
1504 522 1732 576 deorum
1757 539 1778 571 5

97 615 313 667 semper
348 594 637 662 excubuit,
716 613 786 647 uo
820 602 935 646 tam
972 593 1296 664 scrupulosa
1333 613 1464 646 cura
1499 592 1734 664 paruula

97 685 314 739 quoque
341 674 617 719 momenta
643 685 702 718 re
725 665 925 736 igionis
953 664 1260 718 examinari
1286 665 1547 731 uidentur
1558 705 1572 731 ,
1603 664 1734 736 quia

94 757 396 809 numquam
430 744 665 790 remotos
694 737 764 790 ab
801 736 1155 790 exactissimo
1185 734 1337 788 cultu
1374 735 1732 789 caerimonia-

95 829 218 862 rum
257 808 444 863 oculos
480 808 745 862 habuisse
779 817 972 861 nostra
998 808 1195 860 ciuitas
1233 807 1604 860 existimanda
1631 814 1732 859 est.

97 882 156 932 in
182 898 290 951 qua
316 899 440 932 cum
459 880 536 932 M.
557 878 854 933 Marcellus
884 879 1135 950 quintum
1162 877 1509 932 consulatum
1534 897 1729 946 gerens
1756 896 1797 927 10

96 951 362 1022 templum
395 950 609 1003 Honori
644 959 699 1004 et
733 950 973 1016 Virtuti,
1014 948 1284 1003 Clastidio
1314 950 1492 1020 prius,
1532 949 1732 1002 deinde
1863 953 1865 955 ’

98 1023 387 1094 Syracusis
425 1022 654 1092 potitUS,
710 1022 1039 1092 nuncupatis
1079 1021 1328 1074 debitum
1363 1022 1507 1074 uotis
1545 1039 1731 1074 conse-

97 1112 252 1147 crare
278 1091 470 1160 uellet,
512 1112 545 1145 a
571 1091 802 1161 collegio
829 1092 1152 1163 pontificum
1177 1092 1458 1163 inpeditus
1488 1101 1571 1145 est
1585 1133 1599 1159 ,
1641 1111 1733 1144 ne-

96 1172 264 1234 gante
291 1182 458 1216 unam
485 1162 679 1216 cellam
700 1163 915 1217 duobus
946 1163 1050 1215 diis
1078 1172 1225 1216 recte
1254 1163 1444 1217 dicari.
1482 1163 1733 1216 futurum

92 1235 240 1288 -enim
255 1275 269 1301 ,
299 1235 346 1286 si
373 1234 507 1306 quid
533 1233 775 1305 prodigii
801 1235 858 1286 in
886 1253 949 1287 ea
977 1235 1297 1300 accidisset,
1325 1254 1393 1287 ne
1421 1234 1730 1288 dinoscere·
1758 1251 1799 1283 15

95 1315 188 1359 tur
211 1305 322 1359 utri
346 1324 461 1358 rem
490 1305 735 1358 diuinam
761 1305 881 1358 fieri
908 1314 1209 1376 oporteret:
1248 1325 1350 1358 nec
1378 1306 1594 1359 duobus
1622 1305 1732 1357 nisi

96 1378 261 1430 certis
285 1376 391 1429 diis
413 1396 522 1429 una
544 1377 843 1429 sacrificari
871 1377 1063 1430 solere.
1102 1396 1166 1429 ea
1193 1377 1515 1448 pontificum
1544 1377 1730 1430 admo-

94 1449 304 1502 nitione
342 1448 596 1501 effectum
630 1456 715 1501 est
747 1456 809 1501 ut
841 1447 1136 1500 Marcellus
1175 1449 1444 1519 separatis
1494 1448 1728 1501 aedibus

95 1519 339 1573 Honoris
378 1538 441 1572 ac
475 1519 713 1572 Virtutis
753 1519 1049 1582 simulacra
1085 1528 1381 1586 statueret,
1419 1538 1598 1590 neque
1634 1527 1730 1571 aut

97 1589 326 1659 collegio
372 1590 693 1661 pontificum
744 1591 1046 1644 auctoritas
1099 1590 1425 1661 amplissimi
1474 1591 1582 1643 uiri
1634 1599 1729 1643 aut
1751 1608 1793 1639 20

96 1659 359 1714 Marcello
397 1661 630 1714 adiectio
658 1662 923 1733 inpensae
959 1662 1335 1733 inpedimento
1365 1662 1474 1714 fuit
1501 1681 1607 1733 quo
1635 1662 1731 1712 mi-

97 1751 202 1784 nus
228 1730 587 1801 religionibus
616 1752 748 1785 suus
775 1740 932 1786 tenor
958 1752 1165 1803 suaque
1196 1734 1510 1787 obseruatio
1538 1732 1731 1785 redde-

97 1810 267 1855 retur.
639 1856 643 1859 ,

206 1873 256 1925 9.
307 1871 579 1926 Obruitur
622 1880 704 1926 tot
740 1882 795 1926 et
830 1881 944 1925 tam
986 1873 1311 1927 inlustribus
1349 1873 1726 1928 consulatibus

96 1943 162 1995 L.
198 1943 397 1995 Furius
450 1942 776 2010 Bibaculus,
833 1944 1179 2015 exemplique
1234 1945 1414 1998 locum
1458 1946 1557 1997 uix
1602 1943 1795 2016 pos&

96 2013 421 2066 Marcellum
458 2014 694 2081 inuenit,
734 2014 832 2067 sed
868 2016 946 2086 pii
983 2015 1144 2068 simul
1179 2035 1242 2068 ac
1277 2015 1526 2085 religiosi
1562 2017 1731 2068 animi

95 2084 259 2138 laude
294 2084 638 2137 fraudandus
675 2105 785 2139 non
812 2095 910 2139 est.
967 2087 1059 2157 qui
1086 2095 1330 2158 praetor,
1371 2107 1403 2139 a
1437 2097 1596 2157 patre
1634 2107 1729 2140 suo

98 2154 314 2225 collegii
365 2155 637 2209 Saliorum
695 2159 962 2227 magistro
1015 2158 1228 2225 iusSUS,
1294 2178 1393 2211 sex
1441 2159 1728 2213 lictoribus

95 2226 557 2297 praecedentibus
586 2246 739 2280 arma
776 2229 977 2281 ancilia
1003 2228 1155 2296 tulit,
1196 2230 1450 2300 quamuis
1487 2231 1730 2283 uacatio-

97 2362 126 2404 8
148 2361 349 2407 Honoris
377 2375 430 2406 ac
456 2362 646 2407 Virtutis
674 2362 914 2408 simulacra
940 2364 995 2407 Μ.
1022 2363 1260 2409 Marcellus
1288 2366 1513 2424 separatis
1541 2364 1727 2410 aedibus
1755 2375 1795 2406 30

99 2433 282 2483 statuit,
321 2447 345 2477 a
373 2432 569 2492 collegio
607 2433 878 2493 pontificum
914 2435 1160 2494 impeditus
1201 2437 1447 2499 quominus
1476 2450 1610 2480 unam
1638 2435 1728 2481 cel·
1752 2415 1846 2449 Par.

98 2501 187 2546 lam
213 2502 393 2548 duobus
422 2503 517 2548 de1s
546 2504 741 2550 dicaret:
772 2497 977 2550 futurum
1006 2507 1141 2557 enim,
1171 2508 1209 2551 si
1238 2507 1348 2566 quid
1374 2507 1573 2567 prodigii
1603 2508 1648 2550 in
1678 2520 1729 2551 ca

98 2573 362 2625 accidisset,
402 2588 459 2619 ne
487 2574 825 2627 dinosceretur,
865 2577 957 2621 utri
993 2591 1087 2622 rem
1125 2577 1325 2622 diuinam
1351 2577 1450 2622 fieri
1478 2583 1727 2637 oporteret.

97 2644 140 2688 9.
166 2643 216 2688 L.
243 2644 411 2690 Furius
436 2644 680 2690 Bibaculus
708 2647 808 2691 cum
839 2654 963 2692 esset
990 2653 1200 2707 praetor,
1231 2662 1307 2692 sex
1333 2647 1574 2693 lictoribus
1601 2661 1729 2709 prae·

99 2714 368 2760 cedentibus
396 2716 559 2761 ancilia
589 2716 722 2767 tulit,
762 2718 971 2776 quamuis
1000 2719 1289 2763 uacationem
1315 2719 1449 2764 huius
1477 2718 1617 2764 officii
1645 2720 1727 2764 ho-
1751 2728 1793 2760 35

213 2840 234 2878 l
260 2851 350 2891 qua
374 2839 569 2880 adorata
592 2840 628 2886 b,
654 2852 791 2892 quam
815 2840 1030 2882 adoranti
1052 2842 1192 2885 Periz.
1254 2844 1278 2882 6
1302 2843 1423 2895 quod
1446 2847 1540 2883 tam
1563 2844 1617 2893 B,
1648 2857 1723 2883 em.

74 2893 262 2946 -Kempf
319 2897 371 2936 10
400 2896 462 2938 M.
491 2898 643 2937 addidi
670 2911 728 2937 ece
749 2898 790 2937 P
847 2899 901 2937 24
930 2902 1000 2939 tot
1031 2900 1172 2940 etiam
1202 2899 1283 2943 inl.
1317 2900 1636 2941 consularibus
1667 2900 1722 2948 B,

96 2962 171 2991 em.
194 2951 370 3003 Lipsius
431 2955 484 2993 28
507 2954 659 2993 iussus
683 2967 737 2994 ex
759 2954 802 2993 B
