1936 3120
532 0 770 30 mm
783 0 1034 27 ’ἼᾯΞἺ’””’Ὶ’Ἷ“·””““
1051 19 1062 21 u
1162 0 1208 23 {³5⁹4
1226 14 1228 18 ν
1308 6 1315 11 ·

399 45 438 59 Vx·
471 39 486 58 “.’

450 63 480 79 o

709 110 829 175 CAP.
854 129 944 182 ΧΗ,
971 129 1002 189 g
1028 134 1172 176 2—7.
1268 159 1281 171 .
1645 124 1752 176 471

91 251 94 254 ’
124 258 188 292 se
238 238 531 291 inclusum·
558 238 806 319 peremit.
885 238 1038 289 cuius
1097 244 1212 289 tam
1274 237 1394 290 dira
1452 236 1753 290 necessitas

125 309 403 362 maximus
429 308 713 361 Marlanae
740 306 948 377 gloriae
974 307 1143 361 rubor
1170 308 1373 361 extitit.

237 407 286 460 5.
330 407 454 473 Qua
480 414 809 477 tempestate
835 407 916 458 rei
942 404 1195 476 publicae
1220 406 1284 458 L.
1313 425 1529 477 quoque
1551 405 1763 459 Corne-

130 479 238 530 lius
265 476 498 543 Merula,
536 475 837 529 consularis
867 485 921 528 et
946 476 1147 529 flamen
1173 476 1370 542 Dialis,
1408 496 1476 529 ne
1510 475 1753 540 ¹ludibrio

134 547 580 601 insolentissimis
631 547 936 600 uictoribus
989 555 1154 614 esset,
1207 547 1265 598 in
1315 547 1466 600 Iouis
1513 547 1798 600 sacrario5

134 618 290 671 uenis
335 617 524 669 incisis
572 617 1002 670 contumeliosae
1046 618 1235 670 mortis
1284 617 1754 670 denuntiationem

131 688 343 757 effugit,
382 687 795 758 sacerdotisque
832 689 919 740 sui
955 689 1222 758 sanguine
1248 688 1618 741 uetustissimi
1643 687 1756 740 foci

132 758 479 811 maduerunt.

239 843 290 895 6.
331 843 476 896 Acer
504 844 670 895 etiam
709 850 762 895 et
797 844 1075 896 animosus
1112 843 1262 896 uitae
1300 843 1479 896 exitus
1507 843 1755 895 Herenni

128 913 330 980 Siculi,
378 932 485 984 quo
523 913 584 966 C.
624 913 907 966 Gracchus
946 922 999 966 et
1033 914 1285 984 aruspice
1322 923 1376 966 et
1414 915 1587 966 amico
1620 932 1753 965 usus
1778 931 1819 964 ιο

127 986 331 1036 fuerat.
383 1003 510 1036 nam
539 1002 663 1036 cum
690 1002 752 1037 eo
780 984 997 1036 nomine
1035 985 1093 1035 in
1129 1002 1401 1036 carcerem
1441 984 1752 1050 duceretur,

134 1055 192 1106 in
216 1063 430 1126 postem
458 1055 573 1107 eius
600 1054 764 1106 inliso
792 1055 968 1124 capite
995 1055 1052 1106 in
1078 1055 1203 1124 ipso
1228 1055 1559 1123 ignominiae
1600 1054 1756 1107 aditu

130 1124 374 1178 concidit
401 1144 464 1178 ac
490 1125 742 1195 spiritum
763 1125 962 1194 posuit,
991 1144 1099 1178 uno
1127 1125 1306 1194 gradu
1334 1144 1365 1176 a
1385 1125 1607 1195 publico
1629 1143 1754 1195 sup-

137 1194 298 1266 plicio
325 1214 600 1266 manuque
628 1195 900 1248 carnificis
930 1196 1169 1248 citerior.
1637 1214 1644 1216 ‘

243 1294 290 1346 7.
344 1292 629 1357 Consimili
672 1295 883 1363 impetu
926 1295 1117 1347 mortis
1163 1293 1224 1346 C.
1262 1293 1508 1346 Licinius
1547 1293 1752 1361 Macer,
1781 1309 1822 1342 15
1898 1285 1910 1291 ⁸

130 1364 220 1417 uir
246 1365 570 1435 praetoriUS,
601 1363 759 1416 Calui
785 1372 959 1434 pater,
988 1363 1416 1434 repetundarum
1441 1383 1587 1430 reus,
1626 1362 1758 1415 dum

130 1434 436 1488 sententiae
465 1434 864 1501 diriberentur7
909 1435 1012 1503 [in]
1043 1436 1392 1487 maenianum
1420 1434 1756 1487 conscendit.

131 1506 184 1557 si
214 1504 436 1576 quidem
464 1523 588 1556 cum
612 1505 687 1557 M.
719 1504 1066 1572 Ciceronem,
1106 1505 1200 1576 qui
1226 1505 1283 1558 id
1309 1504 1572 1558 iudicium
1601 1523 1780 1574 coge·-

134 1576 251 1641 bat,
280 1581 626 1645 praetextam
653 1583 947 1645 ponentem
972 1576 1223 1642 uidisset,
1253 1577 1402 1628 misit
1424 1576 1493 1628 ad
1515 1594 1639 1629 eum
1665 1576 1758 1646 qui

136 1645 344 1697 diceret
371 1664 429 1697 se
455 1664 562 1697 non
590 1644 924 1713 damnatum,
955 1646 1052 1698 sed
1078 1666 1230 1698 reum
1258 1648 1487 1716 perisse,
1529 1664 1628 1699 nec
1657 1664 1757 1698 sua
1780 1662 1821 1695 20

130 1716 282 1768 bona
306 1714 498 1768 hastae
527 1734 688 1785 posse
717 1716 918 1782 subici,
949 1734 1011 1768 ac
1037 1717 1289 1786 protinus
1316 1716 1537 1769 sudario
1555 1756 1568 1782 7
1610 1716 1756 1786 quod

137 1785 279 1839 forte
305 1785 362 1837 in
387 1804 554 1837 manu
579 1785 836 1853 habebat,
868 1805 959 1838 ore
987 1794 1040 1838 et
1066 1787 1320 1839 faucibus
1351 1787 1463 1838 suis
1494 1786 1755 1839 coartatis

134 1855 346 1909 incluso
384 1856 580 1926 spiritu
616 1874 848 1926 poenam
883 1866 1055 1910 morte
1093 1857 1489 1927 praecucurrit.
1537 1876 1644 1926 qua
1672 1875 1757 1909 co-

175 1926 289 1978 nita
323 1945 381 1978 re
418 1926 606 1979 Cicero
645 1925 710 1977 de
749 1944 809 1978 eo
855 1926 991 1978 nihil
1026 1927 1420 1999 pronuntiauit.
1470 1927 1642 1997 ig‘itur
1678 1928 1759 1979 in-

157 1996 322 2048 ustris
360 1997 566 2066 ingenii
604 2005 789 2049 orator
825 2005 878 2048 et
913 1998 982 2050 ab
1009 1998 1196 2068 inopia
1223 1999 1301 2050 rei
1327 1996 1616 2049 familiaris
1647 2005 1700 2050 et
1727 2016 1760 2049 a
1783 2018 1826 2051 25

135 2157 189 2188 se
216 2123 440 2189 inclusum
469 2145 672 2204 peremit.
734 2146 774 2188 6.
814 2144 1067 2199 Herennius
1094 2145 1273 2190 Siculus
1302 2146 1543 2205 haruspex,
1572 2144 1758 2190 Gracchi
1780 2152 1875 2188 Par.

135 2214 334 2264 amicus,
363 2229 463 2260 cum
492 2228 545 2259 eo
574 2215 755 2259 nomine
783 2215 828 2258 in
857 2228 1083 2260 carcerem
1111 2216 1376 2266 duceretur,
1403 2216 1539 2275 ‘posti
1567 2216 1666 2260 eius
1693 2217 1760 2260 in-

136 2282 264 2328 flicto
292 2284 437 2344 capite
465 2284 676 2330 concidit.
753 2289 792 2328 7.
833 2285 880 2329 C.
908 2285 1105 2331 LicinIus
1131 2287 1301 2337 Macer,
1341 2286 1464 2331 Calui
1501 2292 1652 2346 puter,
1691 2299 1760 2330 re-

141 2353 442 2412 petundarum
481 2368 612 2403 reus,
662 2354 767 2398 dum
807 2357 1056 2400 sententiae
1093 2356 1426 2406 diriberentur,
1474 2357 1760 2400 maenianum

137 2423 408 2467 conscendit
435 2430 479 2467 et
507 2424 630 2467 misit
656 2423 709 2467 ad
737 2423 1023 2474 Ciceronem,
1054 2426 1131 2484 qui
1162 2426 1204 2470 id
1232 2426 1446 2470 iudicium
1475 2425 1682 2485 cogebat,
1710 2432 1761 2470 ut
1784 2435 1825 2468 30

133 2493 312 2538 diceret
339 2507 419 2538 sua
453 2492 570 2538 bona
597 2507 688 2538 non
715 2499 851 2552 po‘sse
878 2494 1036 2539 hastae
1065 2495 1237 2540 subici:
1279 2508 1326 2540 se
1354 2497 1471 2540 enim
1501 2508 1628 2540 reum
1657 2510 1760 2556 per-

139 2565 247 2614 isse,
276 2577 366 2608 non
393 2563 666 2609 damnatum.
745 2569 790 2608 et
817 2565 878 2609 ita
905 2564 1087 2610 sudario
1117 2579 1195 2610 ore
1224 2571 1268 2610 et
1295 2565 1501 2610 faucibus
1530 2566 1760 2615 coartatis,
1817 2602 1826 2608 .

256 2702 280 2739 2
304 2700 441 2740 robur
464 2693 517 2740 B'
577 2700 603 2739 4
625 2713 711 2740 nec
733 2693 788 2740 B'
849 2702 872 2741 7
890 2681 990 2753 Qui
1011 2723 1066 2730 —
1088 2699 1416 2756 uetus]tissimi
1448 2699 1566 2756 f[oci
1589 2725 1641 2731 -
1666 2703 1764 2743 ani-

141 2753 315 2809 mo]sus
343 2753 489 2810 [uitae
515 2778 565 2784 —
589 2768 676 2807 quo
700 2754 758 2809 c.]
788 2757 1014 2808 gracchus
1035 2757 1078 2797 B
1159 2760 1209 2798 13
1233 2758 1459 2811 supplicio
1483 2773 1560 2800 om.
1586 2759 1628 2798 B
1710 2762 1760 2799 17

138 2812 452 2852 diriuerentur
472 2812 527 2863 B,
551 2825 625 2852 em.
650 2813 824 2865 Piylzius
852 2810 875 2879 ll
903 2815 950 2853 in
973 2827 1051 2856 om.
1073 2815 1115 2854 P
1131 2811 1150 2867 Η
1171 2815 1460 2864 moenianum
1494 2816 1764 2856 conscendit

0 2907 13 2913 ,,
140 2866 250 2918 (con
271 2872 315 2908 in
335 2867 451 2920 ras.)
475 2869 516 2908 B
576 2870 630 2909 23
653 2881 797 2921 pone*
818 2869 860 2908 B

0 2915 18 2989 i}
56 2936 58 2938 ’
231 2916 312 2964 ‘26
330 2926 437 2976 fort.
465 2925 517 2965 G.
545 2924 746 2965 Gracchi
791 2926 844 2966 29
867 2925 1185 2967 diriuerentur·
1202 2927 1245 2967 V
1252 2924 1274 2979 '‚
1300 2928 1563 2968 dicerentur
1586 2928 1632 2967 V
1646 2941 1763 2972 corr.

14 2997 18 3000 “
1677 3002 1697 3019 ο

0 2994 54 3120 kz(
122 3080 142 3094 x

38 3103 47 3120 t»
883 3115 887 3119 Α

1897 2732 1919 2754 Χ
