1924 3152
517 134 636 180 CAP.
663 133 750 185 νυ,
779 133 808 192 g
837 136 902 178 10.
933 135 1000 178 11.
1039 131 1137 179 Ext.
1165 132 1194 192 S
1223 98 1362 176 143.
1648 124 1745 178 151

127 261 260 297 uero
297 243 356 296 in
392 261 552 297 omne
587 251 801 313 tempus
839 240 1163 294 sufficient'.
1226 239 1452 293 alterius
1490 240 1635 291 enim
1671 239 1749 292 fe-

127 314 294 368 cundi
327 333 517 368 cursus
554 314 758 384 scripta
798 312 945 365 intra
978 313 1184 383 primas
1229 311 1524 364 memoriae
1572 319 1748 363 metas

129 393 472 453 conruerunt,
500 384 726 438 alterius
748 391 1042 436 cunctante
1064 382 1189 437 stilo
1211 382 1590 436 elucubratum
1612 399 1747 452 opus

126 475 225 528 per
252 474 408 510 omne
435 457 559 509 aeui
584 464 800 527 tempus
828 454 1005 525 plenis
1031 453 1237 524 gloriae
1262 453 1399 506 uelis
1425 454 1650 506 feretur.

232 555 284 607 2.
335 554 594 608 Adiciam
637 572 867 607 scaenae
912 553 1159 606 eiusdem
1203 553 1532 624 exemplum.
1592 552 1749 605 Anti·
1772 571 1793 605 5

125 625 356 697 genidas
397 625 602 679 tibicen
642 623 912 697 discipulo
949 643 1046 678 suo
1082 625 1269 694 magni
1302 623 1582 694 profectus
1595 665 1609 691 ,
1654 622 1752 676 sed

125 715 320 768 parum
346 695 580 749 feliciter
645 696 808 768 opulo
837 715 893 749 se
921 696 1254 767 adprobanti
1281 697 1489 748 cunctis
1527 694 1749 748 audien-

124 769 274 822 tibus
313 767 457 820 dixit
491 716 654 819 <milii
681 786 814 820 cane
842 776 896 820 et
920 767 1147 834 Musis',
1188 766 1315 837 quia
1349 766 1606 819 uidelicet
1631 785 1749 838 per-

128 839 277 892 fecta
303 857 391 890 ars
420 838 674 891 fortunae
699 838 969 892 lenocinio
1001 838 1216 890 defecta
1240 838 1387 889 iusta
1412 837 1616 890 fiducia
1639 856 1752 890 non

126 910 374 975 exuitur,
423 923 694 980 quamque
732 928 789 962 se
835 910 939 962 scit
977 908 1194 961 laudem
1228 909 1454 976 mereri,
1501 910 1668 962 etiam
1704 908 1751 960 si
1774 925 1816 958 10

126 1000 248 1034 eam
269 980 339 1034 ab
360 979 482 1032 aliis
504 998 614 1033 non
633 981 910 1052 impetrat,
941 980 1241 1034 domestico
1262 988 1446 1033 tamen
1467 988 1751 1050 acceptam

122 1051 329 1105 iudicio
357 1051 544 1104 refert.

229 1150 280 1202 3.
340 1149 543 1202 Zeuxis
584 1157 794 1217 autem,
835 1169 958 1203 cum
984 1149 1254 1202 Helenam
1279 1150 1579 1220 pinxisset,
1617 1150 1751 1221 quid

125 1222 191 1273 de
219 1238 281 1273 eo
308 1238 470 1291 opere
490 1220 737 1273 homines
768 1222 981 1272 sensuri
1008 1230 1189 1273 essent
1215 1220 1620 1290 expectandum
1639 1239 1751 1273 non

124 1291 361 1363 putauit,
392 1291 488 1343 sed
514 1292 768 1362 protinus
795 1292 893 1344 hos
919 1310 1111 1344 uersus
1141 1291 1368 1343 adiecit:
1773 1308 1815 1341 15

197 1372 263 1427 οὐ
290 1375 511 1442 νέμεσις
545 1377 738 1444 Τρῶας
764 1377 857 1428 καὶ
887 1374 1229 1444 ἐυκνήμιδας
1250 1369 1501 1443 Ἀχαιούς

196 1445 373 1515 τοιῇδ’
399 1444 542 1515 ἀμφὶ
568 1446 798 1514 γυναικὶ
824 1444 1007 1499 πολύν
1032 1446 1241 1517 χρόνον
1266 1444 1438 1514 ἄλγεα
1459 1446 1710 1515 πάσχειν.

123 1531 330 1586 adeone
360 1531 589 1584 dextrae
617 1550 748 1584 suae
776 1532 1009 1584 multum
1035 1532 1211 1603 pictor
1238 1532 1562 1602 adrogauit,
1599 1541 1660 1586 ut
1686 1551 1750 1585 ea

124 1610 340 1654 tantum
366 1601 575 1654 formae
601 1603 1038 1673 conprehensum
1065 1602 1335 1669 crederet,
1399 1612 1629 1656 uantum
1654 1612 1750 1656 aut

122 1671 275 1724 Leda
313 1673 536 1724 caelesti
561 1682 723 1743 partu
761 1674 920 1726 edere
957 1682 1049 1726 aut
1072 1675 1347 1726 Homerus
1414 1674 1562 1726 iuino
1598 1675 1746 1744 inge·
1771 1692 1814 1724 20

122 1743 214 1794 nio
243 1743 550 1812 exprimere
575 1743 792 1813 potuit?

125 1907 164 1948 2.
202 1903 499 1963 Antigenidas
526 1903 694 1949 tibicen
721 1904 946 1964 discipulo
975 1918 1058 1950 suo
1085 1906 1235 1964 magni
1261 1905 1521 1964 profectus,
1561 1906 1640 1951 sed
1667 1920 1744 1966 pa·
1767 1916 1863 1951 Par.

123 1987 224 2018 rum
262 1973 460 2020 feliciter
496 1974 669 2034 populo
699 1988 746 2019 se
774 1974 1069 2034 adprobanti,
1110 1975 1268 2020 multis
1296 1975 1586 2022 audientibus
1613 1977 1745 2022 dixit:

122 2043 251 2090 ‘mihi
280 2058 390 2090 cane
417 2051 463 2090 et
489 2043 666 2091 Musis'.
728 2047 767 2090 3.
807 2045 968 2091 Zeuxis
996 2061 1098 2092 cum
1123 2045 1338 2091 Helenam
1366 2046 1608 2107 pinxisset,
1638 2048 1746 2108 quid

123 2115 177 2160 de
205 2128 259 2161 eo
288 2129 426 2175 opere
453 2116 661 2162 homines
690 2116 868 2161 sensuri
897 2124 1073 2167 essent,
1101 2131 1193 2162 non
1220 2118 1502 2178 expectauit,
1532 2119 1612 2165 sed
1638 2111 1744 2180 pro-
1768 2130 1811 2164 25

120 2187 246 2232 tinus
274 2186 460 2232 adiecit:

153 2299 156 2302 -
182 2308 189 2313 .
229 2258 289 2314 οὗ
315 2264 510 2327 νέμεσις
540 2268 715 2328 Τρῶας
741 2265 826 2316 καὶ
853 2265 1152 2331 ἐυκνήμιδας
1171 2261 1400 2331 Ἀχαιοὺς

227 2328 389 2403 τοιῇδ’
418 2330 548 2400 ἀμφὶ
574 2337 777 2402 γυναικὶ
806 2332 966 2387 πολύν
991 2335 1176 2403 χρόνον
1200 2334 1353 2404 ἄλγεα
1378 2336 1602 2405 πάσχειν.

236 2492 258 2530 1
292 2490 528 2531 sufficient
547 2492 603 2539 B,
632 2494 713 2533 sed
740 2499 817 2533 ent
837 2496 879 2534 in
901 2495 1029 2535 litura
1055 2492 1075 2549 l]
1104 2496 1295 2536 secundi
1325 2498 1394 2536 ed.
1423 2497 1548 2539 Torr.
1577 2510 1744 2543 errore,

118 2552 163 2586 ut
184 2547 372 2593 uidetur,
395 2559 644 2598 operarum,
678 2563 799 2602 quam
820 2563 963 2590 ueram
984 2553 1202 2593 lectionem
1222 2552 1349 2593 habet
1368 2554 1409 2592 F
1407 2553 1576 2594 oertsch
1596 2553 1666 2600 II,
1690 2556 1744 2593 19

118 2604 145 2644 3
167 2601 493 2656 elugubratum
508 2596 565 2642 B'
627 2606 680 2645 10
705 2605 843 2645 etiam
866 2607 907 2646 si
928 2619 1030 2647 eam
1051 2621 1152 2649 nos:
1173 2620 1270 2648 *am
1292 2609 1333 2648 si
1355 2622 1455 2649 eam
1476 2608 1531 2657 B,
1555 2609 1744 2650 tametsi

119 2671 221 2699 eam
243 2659 267 2699 b
328 2661 379 2700 15
400 2661 610 2712 protinus
633 2658 756 2714 *ἤια*
787 2661 869 2702 hos
891 2661 948 2710 B,
987 2665 1199 2715 protinus
1231 2677 1280 2704 se
1316 2665 1374 2705 ad
1403 2665 1486 2706 hos
1516 2666 1644 2712 dett.,·
1683 2665 1739 2716 cf.

124 2715 248 2759 Valet.
279 2717 323 2756 in
352 2729 404 2755 m.
434 2716 498 2756 rh.
533 2715 654 2766 XII,
685 2719 770 2757 594
848 2720 900 2759 16
936 2731 1078 2760 ιΡωωο
1110 2734 1179 2761 xm
1210 2732 1551 2763 EYKNflNHMlAAC
1578 2723 1620 2763 B
1689 2724 1743 2764 17

116 2783 315 2814 τοιΗΛΛω
348 2780 724 2826 φιΓΥΝΛῐκῐποΑγκ
748 2787 1002 2818 ΥΝΧΡΟΝΟΝΑ
1028 2790 1152 2818 Armi
1174 2790 1342 2822 πΑκειΝ
1374 2781 1583 2830 (uacum
1605 2780 1740 2831 corr.)

116 2828 159 2868 B
218 2831 272 2870 18
301 2829 520 2871 dexterae
552 2831 597 2872 Γ
654 2833 705 2873 19
727 2831 876 2874 forma
899 2834 962 2884 B,
994 2849 1068 2878 em.
1093 2837 1232 2878 Aldus
1254 2843 1295 2878 et
1315 2839 1457 2882 Periz.
1518 2840 1574 2880 20
1603 2837 1743 2895 laeda

115 2883 159 2924 B
178 2881 200 2939 ss
223 2890 361 2939 partu
384 2884 536 2940 edere]
559 2886 643 2940 par
664 2888 750 2929 dae
773 2902 822 2930 re
845 2889 887 2929 B

229 2943 283 2983 27
306 2955 616 2985 Ermum-:mac
646 2944 687 2984 V
