1924 3152
0 0 203 31 *QX*—
439 7 442 9 ’
511 5 513 9 ’
573 0 583 7 γ’
685 0 687 2 ¹
703 8 705 10 “
739 0 743 2 ,
795 0 823 9 ’ἢ
840 0 854 4 v
887 0 1026 18 ·‘⁴“v⁵“*“¹'“›⁷
1043 0 1182 17 ’‘w-''22³¹“
1196 9 1210 19 αι
1232 13 1234 15 -
1275 8 1299 14 ’·“
1349 12 1354 14 -
1832 8 1834 12 ’
1858 10 1870 14 v*
1909 5 1914 7 ”

134 16 144 19 Χ
179 18 244 37 mit..
268 31 270 38 ,
824 24 827 25 ’
975 16 977 18 ’
1171 19 1182 26 ⁴*
1217 26 1231 38 3-
1249 16 1398 38 ‚,‘''›·'³,.‚-
1430 30 1457 33 .
1527 32 1530 33 γ
1583 31 1586 33 -
1627 30 1638 37 ,.
1680 34 1682 37 ,
1786 24 1810 33 ;--
1832 14 1841 31 ⁸·
1862 15 1924 36 &5³

1120 34 1123 39 ¹
1176 37 1178 39 ·
1307 41 1319 50 ,.
1350 31 1383 48 {w
1401 40 1449 47 tv„
1468 34 1494 47 νυ
1524 40 1526 43 ,
1553 39 1587 48 :vr
1649 35 1711 47 *grt
1754 38 1773 47 n,
1795 33 1820 45 ,τ
1841 42 1868 50 ἱ

499 57 503 61 ’
1377 52 1390 61 ”
1503 61 1510 69 ι
1525 53 1532 60 ’“
1586 56 1605 63 ¹
1645 60 1664 70 l}
1674 61 1685 71 a
1783 59 1790 69 =

225 131 333 183 246
934 133 1032 180 ΗΒ.
1070 133 1117 179 V.

226 242 355 295 tolio
380 240 676 306 descendit,
705 239 803 292 Cn.
821 239 1144 306 Carbonem,
1173 258 1204 291 a
1230 258 1335 311 quo
1361 248 1518 311 pater
1543 240 1657 298 eius
1684 240 1834 294 dam·
1867 279 1870 281 Α

227 312 387 363 natus
414 311 621 377 fuerat,
666 309 992 380 postulauit,
1039 318 1604 380 peractumque‘reum
1627 310 1834 364 iudicio

227 380 468 446 adflixit,
530 387 583 431 et
631 379 907 448 ingenium
958 387 1011 431 et
1071 379 1499 432 adulescentiam
1553 379 1834 451 praeclaro

230 469 390 520 opere
418 451 748 519 auspicatus,

185 536 204 568 5
333 520 382 572 5.
422 520 586 590 Apud
631 519 832 572 Graium
890 538 1104 590 quoque
1155 518 1487 572 Flaminium
1535 521 1833 574 auctoritas

226 589 403 660 patria
440 607 610 660 aeque
645 597 835 659 potens
871 589 993 641 fuit.
1053 608 1181 641 nam
1216 608 1339 642 cum
1373 591 1624 643 tribunus
1659 589 1734 660 pl.
1759 589 1836 642 le·

227 678 349 728 gem
377 658 444 711 de
471 658 686 712 Gallico
722 677 855 728 agro
896 659 1102 711 uiritim
1129 659 1425 713 diuidendo
1461 660 1635 713 inuito
1672 669 1726 712 et
1750 679 1832 712 re-

225 737 504 800 pugnante
550 738 740 781 senatu
784 729 1187 798 promulgasset
1204 768 1217 794 ,
1268 730 1520 799 precibus
1565 730 1835 800 minisque

227 799 342 851 eius
371 799 633 851 acerrime
659 799 918 852 resistens
947 817 1010 851 ac
1035 817 1102 851 ne
1129 799 1372 851 exercitu
1399 799 1619 869 quidem
1644 800 1833 852 aduer-

168 885 204 917 ιο
229 887 350 921 sum
378 887 434 920 se
460 869 794 938 conscriptO,
839 870 885 920 si
919 869 976 919 in
1011 869 1199 921 eadem
1227 869 1496 921 sententia
1559 887 1835 922 erseuera-

226 948 338 1006 ret,
376 938 730 1005 absterritus,
780 947 1070 1009 postquam
1105 957 1201 1008 pro
1228 939 1419 992 rostris
1449 940 1499 991 ei
1520 888 1696 1008 Pegem
1719 939 1834 991 iam

227 1009 485 1061 referenti
511 1017 666 1079 pater
692 1027 908 1060 manum
935 1009 1144 1074 iniecit,
1183 1010 1396 1078 priuato
1431 1009 1638 1062 fractus
1666 1010 1833 1079 impe-

226 1080 308 1133 rio
338 1079 618 1131 descendit
645 1097 672 1130 e
700 1079 914 1142 rostris,
955 1098 1020 1130 ne
1057 1079 1279 1132 minimo
1308 1079 1524 1149 quidem
1559 1097 1835 1131 murmure

227 1149 519 1202 destitutae
546 1149 813 1201 contionis
840 1148 1217 1218 reprehensus,
1411 1171 1421 1174 ⁹

163 1233 202 1266 15
331 1219 381 1270 6.
419 1219 624 1288 Magna
668 1227 794 1270 sunt
835 1219 968 1270 haec
1010 1219 1186 1270 uirilis
1233 1219 1451 1289 pietatis
1489 1237 1682 1289 opera,
1734 1219 1831 1270 sed

224 1289 406 1341 nescio
442 1307 511 1340 an
546 1289 630 1340 his
668 1289 918 1342 omnibus
957 1288 1227 1340 ualentius
1265 1297 1317 1340 et
1351 1289 1646 1342 animosius
1674 1288 1833 1342 Clau·

227 1359 349 1411 diae
393 1357 633 1410 Vestalis
682 1358 910 1426 uirginis
961 1358 1181 1410 factum.
1263 1377 1401 1428 quae
1451 1378 1575 1411 cum
1622 1367 1833 1429 patrem

225 1447 381 1480 suum
401 1428 824 1497 triumphantem
851 1446 879 1478 e
900 1445 1060 1478 curru
1083 1427 1326 1480 uiolenta
1350 1428 1556 1481 tribuni
1574 1429 1647 1498 pl.
1667 1447 1834 1480 manu

227 1498 438 1550 detrahi
465 1496 966 1563 animaduertisset,
1003 1498 1141 1548 mira
1175 1497 1454 1551 celeritate
1487 1499 1735 1579 utrisque
1775 1516 1833 1550 se

162 1582 205 1615 20
226 1567 619 1637 interponendo
647 1566 1037 1637 amplissimam
1062 1575 1390 1638 potestatem
1417 1567 1717 1620 inimicitlis
1746 1585 1831 1619 ac-

227 1655 447 1690 censam
475 1636 700 1707 depulit.
765 1637 935 1705 igitur
969 1636 1198 1689 alterum
1235 1637 1569 1707 triumphum
1593 1645 1750 1708 pater
1773 1637 1835 1688 in

226 1706 581 1777 Capitolium,
609 1706 840 1758 alterum
865 1706 978 1758 filia
1001 1709 1055 1758 in
1082 1707 1274 1759 aedem
1300 1707 1505 1760 Vestae
1531 1707 1706 1773 duxit,
1732 1725 1836 1759 nec

225 1777 461 1829 discerni
488 1777 665 1846 potuit
689 1778 799 1828 utri
823 1776 944 1846 plus
972 1776 1149 1829 laudis
1177 1777 1526 1843 tribueretur,
1554 1779 1641 1830 cui
1665 1777 1833 1830 uicto-

223 1847 306 1899 ria
332 1865 403 1898 an
429 1848 517 1899 cui
542 1847 716 1917 pietas
745 1865 922 1898 comes
952 1847 1160 1900 aderat.
1600 1871 1618 1880 κ
1753 1906 1763 1921 x

160 1931 202 1964 25
331 1917 381 1969 7.
419 1917 711 1986 Ignoscite,
738 1917 1099 1969 uetustissimi
1123 1917 1251 1983 foci,
1278 1917 1599 1988 ueniamque
1624 1916 1832 1970 aeterni

111 2054 200 2088 Par.
224 2046 402 2093 uirilem
426 2048 633 2107 sumpsit,
660 2055 711 2092 ut
738 2047 997 2107 eCapitolio
1025 2048 1269 2098 descendit,
1297 2048 1372 2094 Cn.
1400 2049 1662 2098 Carbonem,
1690 2063 1713 2093 a
1741 2063 1832 2109 quo

224 2124 358 2177 pater
384 2119 482 2162 eius
511 2117 744 2162 damnatus
773 2117 955 2166 fuerat‚'
979 2117 1228 2176 postulauit
1255 2125 1576 2176 peractumque
1602 2131 1728 2162 reum
1755 2117 1831 2162 ad-

225 2186 353 2232 flixit.
415 2189 454 2231 6.
484 2186 661 2232 Claudia
690 2188 821 2245 uirgo
851 2185 1039 2231 Vestalis
1067 2201 1165 2231 cum
1193 2194 1364 2246 patrem
1393 2201 1522 2232 suum
1550 2187 1831 2247 triumphan-

226 2263 316 2301 tem
345 2270 367 2302 e
395 2270 532 2301 curru
559 2255 758 2301 uiolenta
787 2255 952 2300 tribuni
982 2256 1040 2316 pl.
1061 2270 1193 2300 manu
1220 2256 1394 2302 detrahi
1421 2257 1831 2307 animaduertisset,

161 2334 203 2367 30
227 2340 274 2371 se
301 2326 576 2386 interposuit
602 2340 650 2372 ac
679 2325 906 2371 tribunum
934 2325 1119 2385 depulit.

339 2463 364 2501 2
395 2466 724 2514 peractumque
746 2464 837 2502 cod.
863 2461 1105 2514 Campensis
1125 2468 1164 2502 et
1187 2463 1247 2502 P:
1278 2467 1654 2516 pertractumque
1677 2462 1717 2502 B
1779 2464 1832 2502 12

223 2518 447 2558 referenti
475 2518 538 2558 B:
564 2518 670 2569 for-t.
701 2517 871 2559 ferenti
889 2520 975 2565 uel,
1007 2525 1053 2559 ut
1080 2518 1383 2566 Torrsmaluit,
1415 2518 1669 2572 perferenti
1689 2514 1707 2572 [l
1733 2531 1830 2558 ma·

224 2586 330 2613 num
350 2574 514 2615 iniecit
537 2575 639 2615 dett.
654 2587 669 2614 .·
699 2586 756 2614 no
778 2587 932 2614 numano<
954 2575 1094 2615 eiecit
1114 2575 1168 2621 B,
1201 2576 1263 2615 nii
1285 2573 1389 2614 nuth
1414 2574 1587 2615 obiecit
1606 2574 1630 2614 b
1690 2576 1742 2615 16
1771 2585 1828 2613 an

224 2629 266 2668 B
288 2643 400 2671 corr.
426 2643 482 2671 ex
505 2630 562 2670 ad
624 2631 675 2671 18
697 2630 870 2670 tribuni
891 2631 952 2684 pl.
972 2643 1109 2670 manu
1130 2631 1311 2671 detrahi
1331 2630 1415 2670 Pb:
1436 2630 1605 2671 tribuni
1627 2640 1766 2668 manu
1787 2629 1832 2668 B

227 2687 277 2724 19
297 2686 536 2738 utriusque
557 2686 599 2726 B
621 2692 718 2726 ante
737 2699 945 2734 rasuram,
967 2689 1046 2727 sed
1063 2688 1231 2739 uidetur
1250 2690 1390 2739 potius
1408 2686 1592 2737 utrique
1612 2686 1828 2736 corrigen-

224 2741 318 2779 dum
346 2754 463 2787 esse;
494 2756 586 2781 nam
613 2744 656 2782 in
677 2744 838 2784 duobus
857 2745 1031 2796 reliquis
1051 2744 1173 2790 locis,
1204 2745 1248 2783 in
1277 2742 1422 2795 quibus
1448 2742 1645 2781 Valerius
1672 2742 1835 2792 plurmi

222 2796 405 2847 utrique
435 2799 487 2837 de
509 2798 668 2838 duobus
687 2796 917 2840 hominibus
939 2801 1050 2839 dieto
1079 2811 1177 2838 usus
1205 2811 1297 2839 esse
1319 2798 1506 2838 traditur
1535 2796 1554 2846 (
1556 2800 1594 2841 5,
1618 2799 1657 2843 4,
1682 2799 1706 2835 6
1727 2802 1768 2836 et
1793 2800 1829 2843 7,

226 2853 267 2901 3,
293 2851 347 2893 E.
370 2851 436 2903 5),
469 2854 645 2893 Paridis
666 2855 843 2905 epitome
865 2857 1119 2908 singularem
1139 2855 1328 2894 seruauit
1385 2854 1437 2892 22
1459 2856 1638 2892 uestam
1660 2845 1718 2892 B'

338 2908 391 2948 28
414 2920 514 2948 cum
535 2911 713 2960 patrem
737 2921 863 2949 suum
883 2924 962 2951 om.
994 2910 1039 2949 V
1050 2924 1118 2962 pr.
1143 2923 1192 2949 m.
1254 2911 1307 2950 29
1328 2908 1552 2948 uiolentia
1580 2900 1632 2947 V‘
