1936 3120
481 2 485 5 ⁴
501 0 572 18 :31:ss
582 0 635 17 ἵζ’-.-
652 7 654 9 >
669 0 719 17 mnf
731 11 733 14 .
747 0 792 11 ,o‘v'
803 0 882 27 stf'f'ssz
894 0 955 17 kaie&
964 0 1269 37 ΨΕἷγὶΛ-ἑιῇῃὶὲζρλῖ
1310 4 1330 19 .'.>
1341 14 1344 19 ,
1362 4 1378 27 -Τ
1401 3 1403 6 ⁴
1433 23 1435 26 4
1808 5 1825 19 ,ᾗ
1850 2 1873 18 2¹

844 36 849 37 ν
959 25 1046 42 ’»”’»
1307 31 1361 48 »mx
1383 31 1410 47 «x
1431 43 1517 62 v*
1576 44 1579 45 γ
1607 36 1609 38 -
1637 23 1747 60 “0³“
1778 30 1846 59 sf-
1862 38 1875 42 ·-
1903 29 1931 51 fr

192 141 296 195 358
886 147 985 191 Lm.
1024 146 1106 192 vn.
1187 134 1190 135 ’

191 254 423 306 formam
458 261 512 305 et
546 252 840 319 imaginem
875 252 1092 304 futurae
1129 254 1244 305 eius
1288 254 1566 324 potentiae
1601 257 1798 327 populo

192 324 434 376 Romano
461 330 956 391 repraesentasset‚
985 323 1391 392 impetraturus,

297 393 347 444 6.
389 391 497 443 Sed
521 399 583 443 ut
610 392 955 444 comitiorum
982 394 1280 445 maximum
1317 394 1523 463 crimen
1547 395 1797 464 referam,

191 462 266 513 M.
287 462 514 513 Porcius
537 461 691 528 Cato,
718 461 840 531 plus
867 463 1108 515 moribus
1137 464 1246 515 suis
1274 472 1562 533 praeturae
1589 465 1798 518 decoris

153 552 173 585 5
195 532 504 584 adiecturus
534 550 697 601 quam
723 540 1007 601 praetexto
1035 535 1148 584 eius
1177 533 1483 602 splendoris
1518 536 1635 605 ipse
1664 534 1798 588 latu-

191 620 314 667 ωε,
352 604 608 671 consequi
642 601 792 653 illam
827 621 859 653 a
893 604 1091 672 populo
1130 602 1421 673 aliquando
1458 624 1566 657 non
1602 606 1797 675 potuit.

193 672 445 740 proxima
473 671 775 724 dementiae
804 673 1080 741 suffragia,
1109 691 1246 742 quae
1273 673 1492 743 quidem
1519 676 1648 726 satis
1677 693 1797 744 gra-

189 760 285 793 ues
313 759 516 810 poenas
553 742 752 793 erroris
782 742 863 792 sui
902 742 1301 811 pependerunt,
1347 746 1605 812 quoniam
1640 763 1798 815 quem

190 811 447 864 honorem
474 811 671 864 Catoni
697 820 1030 880 negauerant
1049 812 1274 864 Vatinio
1299 813 1428 865 dare
1455 815 1626 866 coacti
1652 823 1797 869 sunt.

126 903 167 934 10
192 899 320 949 ergo
367 882 412 932 si
454 900 582 933 uere
630 882 917 933 aestimare
962 881 1241 948 uolumus,
1270 901 1398 935 -non
1435 883 1629 937 Catoni
1671 892 1799 936 tunc

188 960 463 1021 praetura,
493 951 589 1003 sed
616 959 903 1021 praeturae
932 951 1067 1004 Cato
1091 960 1323 1021 negatus
1351 962 1449 1006 est.

607 1105 706 1157 VI.
759 1110 865 1186 DE*
890 1109 1378 1159 NECESSITATE.

295 1203 712 1255 Abominandae
739 1192 951 1273 quo’que
971 1204 1311 1256 necessitatis
1332 1205 1705 1256 amarissimae
1726 1204 1797 1256 le-

158 1271 282 1341 'ges
321 1281 374 1324 et
407 1274 867 1325 truculentissima
901 1274 1132 1343 imperia
1175 1293 1295 1325 cum
1329 1275 1521 1327 urbem
1556 1282 1798 1326 nostram

124 1364 164 1396 15
187 1351 301 1394 tum
336 1343 496 1394 etiam
533 1351 748 1395 exteras
770 1351 973 1411 *gentes
1012 1343 1183 1395 multa
1219 1361 1325 1394 non
1360 1343 1641 1396 intellectu
1682 1353 1796 1397 tan-

187 1419 317 1471 tum,
346 1411 443 1464 sed
470 1413 633 1464 etiam
660 1412 854 1463 auditu
879 1414 1071 1481 grauia
1096 1432 1193 1483 per
1235 1415 1306 1464 eti
1332 1421 1644 1481 coegerunt.

295 1483 342 1532 1.
382 1482 522 1533 Nam
548 1482 758 1551 aliquot
784 1483 1030 1534 aduersis
1067 1432 1286 1552 proeliis
1325 1483 1561 1536 secundo
1588 1483 1794 1535 Punico

185 1550 327 1604 bello
365 1551 632 1603 exhausta
674 1551 897 1603 militari
938 1553 1217 1604 iuuentute
1253 1553 1527 1618 Romana,
1576 1561 1795 1605 senatus

187 1629 406 1674 auctore
433 1622 515 1674 Ti.
546 1622 794 1674 Graccho
823 1622 1041 1674 consule
1069 1623 1282 1674 censuit
1307 1623 1387 1674 uti
1408 1621 1624 1692 publice
1651 1624 1798 1674 serui

121 1715 163 1746 20
186 1691 255 1743 ad
283 1710 439 1742 usum
466 1690 954 1761 propulsandorum
986 1693 1226 1744 hostium
1253 1701 1589 1759 emerentur,
1628 1711 1797 1762 eaque

187 1761 255 1813 de
281 1780 338 1812 re
366 1779 461 1831 per
494 1762 741 1814 tribunos
779 1762 852 1831 pl.
891 1762 1039 1831 apud
1075 1761 1334 1832 populum
1372 1762 1484 1814 lata
1509 1781 1569 1815 ro
1613 1763 1795 1815 atione

185 1839 294 1883 tres
324 1832 495 1883 creati
522 1839 650 1883 sunt
675 1832 794 1896 uiri,
823 1833 916 1902 qui
943 1841 1197 1901 quattuor
1224 1840 1277 1883 et
1298 1832 1495 1901 uiginti
1515 1781 1666 1884 mfiia
1687 1833 1794 1884 ser-

183 1920 375 1953 uorum
403 1910 861 1971 conparauerunt,
904 1903 1234 1971 adactosque
1261 1903 1378 1954 iure
1404 1901 1634 1954 iurando
1663 1909 1796 1954 stre-

186 1990 352 2023 nuam
382 1990 438 2023 se
464 1971 768 2041 fortemque
797 1990 1016 2041 operam
1043 1971 1286 2039 daturOS‚
1315 1971 1495 2042 quoad
1521 1972 1689 2024 Poeni
1715 1989 1796 2023 es-

71 2138 164 2214 Pal-5
187 2131 376 2201 Porcius
403 2130 510 2175 Cato
546 2137 803 2190 praeturam
842 2138 1002 2189 petens
1039 2132 1257 2189 consequi
1295 2129 1415 2174 illam
1455 2145 1477 2174 a
1505 2129 1675 2188 populo
1703 2142 1794 2175 non

154 2203 163 2212 '
223 2201 352 2245 otuit.

189 2215 216 2261 p
291 2269 385 2313 DE
438 2268 641 2313 LEGIB
658 2268 731 2312 VS
785 2269 877 2312 ET
931 2267 1275 2313 IMPERIISx
1310 2268 1392 2313 TR
1409 2267 1790 2314 VCVLENTIS.

187 2342 228 2384 1.
267 2339 456 2398 Aquuot
492 2339 693 2383 aduersis
729 2339 915 2398 proeliis
962 2339 1159 2384 secundo
1197 2339 1366 2383 Punico
1412 2339 1531 2384 bello
1578 2339 1794 2383 exhausta

187 2411 427 2455 iuuentute
470 2409 692 2459 Romana,
736 2409 832 2454 Tib.
872 2408 1096 2454 Gracchus
1143 2422 1236 2454 cos.
1283 2410 1461 2454 censuit
1506 2410 1574 2453 uti
1615 2408 1796 2468 publice

121 2488 163 2521 30
187 2481 310 2525 serui
337 2479 389 2524 ad
416 2493 547 2524 usum
575 2479 985 2539 propulsandorum
1013 2480 1213 2524 hostium
1253 2485 1532 2530 emerentur,
1570 2492 1715 2538 eaque
1742 2478 1796 2522 de

187 2564 236 2595 re
262 2563 345 2611 per
373 2549 581 2594 tribunos
608 2549 670 2609 pl.
698 2549 750 2594 ad
776 2549 995 2609 populum
1023 2549 1110 2594 lata
1136 2551 1374 2609 rogatione
1401 2555 1494 2594 tres
1522 2549 1662 2594 creati
1688 2553 1796 2593 sunt

300 2700 325 2738 2
348 2699 656 2751 imperaturus
675 2692 730 2738 B'
811 2701 836 2740 3
859 2699 1032 2739 eferam
1055 2698 1096 2737 B
1116 2711 1229 2739 corr.
1257 2700 1300 2738 in
1323 2698 1510 2738 efferam
1568 2698 1595 2737 5
1616 2696 1794 2736 adintu-

186 2766 263 2794 rus
287 2747 341 2793 B'
379 2751 399 2807 ΙΙ
437 2755 618 2794 laturus
639 2755 682 2794 B
703 2767 815 2798 corr.
838 2767 860 2794 e
882 2754 1040 2794 laurus
1121 2756 1173 2794 14
1205 2767 1305 2794 cum
1326 2768 1402 2795 om.
1425 2747 1481 2793 B'
1561 2754 1611 2792 19
1635 2754 1797 2791 auctor

189 2803 245 2850 B'
265 2807 285 2863 Π
319 2810 403 2849 tito
424 2810 466 2849 B
525 2813 579 2862 20
601 2810 658 2851 ad
679 2823 810 2850 usum
834 2809 1046 2860 (adusum
1068 2808 1132 2863 B)
1157 2810 1261 2849 BP:
1293 2809 1482 2850 adnisum
1503 2806 1550 2858 (i.
1573 2821 1608 2848 e.
1634 2807 1795 2848 aduer-

190 2866 306 2915 sum)
330 2866 354 2905 b
377 2871 417 2906 et
439 2867 539 2905 dect.
580 2862 600 2919 Η
639 2866 838 2906 hostium
861 2867 922 2905 P:
954 2867 1151 2906 hostium
1173 2866 1390 2918 impetum
1411 2864 1453 2903 B
1511 2865 1563 2903 21
1588 2863 1708 2916 apud
1729 2863 1794 2903 B:

191 2921 251 2961 ad
274 2922 394 2962 DFP
449 2923 502 2962 22
524 2923 596 2965 35<
619 2935 854 2963 seruorum
878 2922 919 2961 B
941 2920 1056 2974 (IIII
1076 2921 1204 2961 milia
1226 2923 1334 2963 coni.
1358 2919 1549 2972 Lipsius)
