1924 3152
225 134 326 188 132
500 202 503 207 ἱ
921 140 1019 186 Lm.
1058 140 1127 186 111.

221 247 482 300 sustinuit
515 253 799 300 reuocatos
839 265 908 300 ue
941 246 1347 317 interfectoreS‚
1389 249 1652 321 professa
1676 270 1835 323 quae-

221 335 349 371 nam
394 325 565 384 esset,
617 318 674 369 in
717 335 814 370 cae
857 335 943 372 em
985 335 1142 372 suam
1184 320 1476 374 conuertit.
1558 321 1639 375 ita
1681 320 1838 376 alteri

221 395 443 511 tectlfinnt
468 388 838 452 mendacium,
899 387 1059 443 alteri
1102 390 1308 444 ueritas
1359 399 1549 462 aperta
1590 391 1714 447 finis
1757 395 1835 446 ui-

222 465 312 512 tae
363 477 418 511 ul
448 499 460 511 .

177 579 198 611 5
683 557 790 611 III.
842 563 941 611 DE
972 562 1372 613 PATIENTIA.

328 657 584 726 Egregiis
621 657 867 710 uirorum
891 658 1099 728 pariter
1126 677 1189 711 ac
1213 658 1541 711 feminarum
1576 659 1835 741 operibus

221 726 490 781 fortitudo
528 745 586 780 se
623 726 792 780 oculis
830 728 1109 782 hominum
1145 729 1379 782 subiecit
1413 729 1837 802 patientlamque

219 796 278 850 in
301 797 547 851 medium
571 797 865 880 procedere
890 798 1109 853 hortata
1135 808 1242 866 est,
1279 817 1390 852 non
1413 817 1546 852 sane
1578 799 1837 854 infirmio-

222 868 375 922 ribus
412 868 691 923 radicibus
736 867 1037 923 stabilitam
1081 877 1177 922 aut
1215 869 1393 922 minus
1429 888 1695 940 generoso
1731 871 1837 942 spi-

161 959 201 992 10
225 940 337 991 ritu
375 938 774 1007 abundantem,
827 938 926 992 sed
959 939 1039 991 ita
1074 937 1431 994 similitudine
1465 941 1734 1009 iunctam,
1779 949 1840 994 ut

220 1027 344 1063 cum
380 1027 445 1063 ea
477 1009 568 1063 uel
595 1029 663 1063 ex
697 1027 762 1062 ea
786 1017 917 1069 nata
948 1009 1126 1063 uideri
1157 1011 1349 1082 possit.
1427 1012 1476 1065 1.
1526 1011 1661 1084 quid
1695 1012 1838 1065 enim

217 1079 336 1147 his,
374 1098 514 1151 quae
550 1098 716 1152 supra
748 1078 966 1146 rettuli,
1002 1081 1148 1135 facto
1183 1080 1350 1134 Mucii
1384 1083 1837 1139 conuenientius?

221 1168 346 1203 cum
382 1168 415 1202 a
439 1150 745 1217 Porsenna,
781 1168 839 1203 re
881 1169 910 1203 e
943 1151 1331 1218 Etruscorum,
1367 1153 1560 1205 urbem
1593 1159 1838 1206 nostram

220 1220 381 1290 graui
416 1238 480 1273 ac
516 1220 726 1275 diutino
760 1220 904 1275 belo
940 1222 1162 1291 urgueri
1208 1240 1371 1292 aegre
1406 1222 1606 1291 ferret,
1658 1230 1838 1277 castra

156 1308 198 1342 15
222 1290 338 1352 eius
366 1289 507 1343 clam
532 1290 678 1346 ferro
707 1291 916 1350 cinctus
948 1291 1176 1346 intrauit
1210 1291 1685 1365 immolantemque
1712 1300 1836 1347 ante

221 1360 418 1415 altaria
451 1370 677 1415 conatus
713 1361 960 1414 occidere
996 1369 1094 1415 est.
1158 1371 1399 1416 ceterum
1431 1364 1575 1417 inter
1605 1363 1836 1419 molitio-

217 1449 344 1488 nem
379 1430 457 1502 pii
499 1432 708 1502 pariter
751 1449 816 1484 ac
856 1431 1015 1485 fortis
1051 1433 1322 1503 propositi
1365 1451 1687 1505 oppressus,
1736 1453 1837 1488 nec

220 1518 444 1554 causam
476 1501 746 1557 aduentus
782 1502 924 1555 texit
959 1510 1014 1556 et
1045 1510 1318 1557 tormenta
1352 1512 1686 1576 quantopere
1712 1523 1836 1559 con·

219 1578 486 1625 temneret
542 1573 681 1625 mira
729 1572 996 1644 patientia
1053 1573 1314 1627 ostendit.
1394 1593 1622 1645 perosus
1672 1575 1834 1642 enim,

95 1674 98 1676 —
156 1660 198 1693 20
222 1641 405 1709 credo,
435 1641 720 1697 dexteram
745 1661 918 1710 suam,
946 1643 1093 1714 quod
1119 1645 1235 1705 eius
1258 1644 1561 1700 ministerio
1587 1646 1646 1698 in
1671 1644 1836 1699 caede

201 1720 279 1765 're
320 1712 366 1765 is
393 1711 477 1765 uti
502 1713 811 1784 nequisset,
838 1714 1098 1767 iniectam
1122 1714 1301 1769 foculo
1330 1716 1487 1768 exuri
1511 1733 1707 1787 passus
1736 1723 1833 1769 est.

220 1802 259 1834 n
318 1781 432 1834 lum
456 1782 702 1854 profecto
739 1783 798 1836 di
833 1784 1151 1838 inmortales
1189 1785 1469 1839 admotum
1495 1786 1604 1840 aris
1631 1785 1837 1840 cultum

221 1852 625 1907 adtentioribus
662 1853 833 1907 oculis
879 1855 1158 1909 uiderunt.
1230 1855 1412 1927 ipsum
1458 1874 1672 1929 quoque
1703 1856 1834 1911 Por·
1878 1869 1880 1872 ’

221 1941 448 1976 sennam
481 1923 715 1978 oblitum
747 1925 978 1996 periculi
1010 1927 1095 1979 sui
1130 1925 1396 1980 ultionem
1430 1945 1588 1979 suam
1621 1934 1835 1980 uertere

155 2011 199 2045 25
223 1994 280 2046 in
306 1993 727 2049 admirationem
752 1995 948 2064 coegit.
1000 2014 1129 2066 nam
1165 2003 1496 2049 ‘reuertere’
1530 1997 1707 2068 inquit
1733 1997 1844 2066 ‘ad-

106 2151 198 2185 Par.
223 2139 384 2186 mirata
410 2139 586 2200 puellae
611 2141 911 2187 constantiam
938 2139 1175 2187 Harmonia
1203 2156 1251 2187 se
1277 2155 1378 2187 esse
1403 2155 1535 2203 quam
1563 2150 1832 2204 quaererent

222 2209 312 2255 illis
330 2209 550 2270 'professa
577 2217 670 2261 est,
699 2216 745 2256 et
770 2212 832 2256 ita
858 2217 1051 2272 utraque
1075 2211 1327 2272 perierunt.

332 2296 371 2339 1.
410 2292 505 2339 DE
539 2293 916 2340 PATIENTIA.
968 2295 1076 2342 Cum
1113 2310 1136 2342 a
1161 2295 1359 2342 Porsena
1393 2295 1500 2356 rege
1536 2295 1833 2344 Etruscorum

223 2363 382 2410 urbem
407 2369 611 2412 nostram
639 2367 770 2426 graui
808 2380 858 2411 ac
883 2366 1097 2412 diuturno
1123 2364 1243 2413 bello
1279 2367 1465 2428 urgueri
1500 2380 1636 2429 aegre
1660 2367 1833 2415 Mucius

157 2434 388 2493 30fe1‘ret,
427 2441 576 2483 castra
611 2437 707 2482 eius
743 2436 932 2483 intrauit
968 2436 1367 2498 immolantemque
1401 2444 1592 2484 conatus
1629 2438 1835 2486 occidere

225 2518 476 2566 oppressus
504 2513 589 2552 est.
638 2520 835 2568 perosus
861 2507 1013 2568 itaque
1038 2506 1265 2554 dexteram
1291 2521 1443 2559 suam,
1481 2508 1604 2570 quod
1628 2509 1727 2555 eius
1753 2509 1836 2554 mi·

223 2576 417 2622 nisterio
468 2577 536 2622 uti
586 2578 844 2638 nequisset,
898 2577 1106 2624 iniectam
1157 2577 1310 2626 foculo
1360 2578 1486 2627 exuri
1536 2593 1699 2640 passus
1749 2584 1831 2624 est.

339 2713 391 2753 10
429 2712 774 2755 similitudinem
804 2707 860 2755 B'
929 2716 979 2755 11
1017 2719 1176 2768 posset
1206 2708 1260 2756 B'
1328 2716 1380 2757 13
1410 2717 1691 2756 etruscorum
1719 2714 1762 2753 B
1790 2715 1833 2754 in

221 2769 353 2810 litura
412 2769 465 2809 17
487 2781 740 2811 necausam
754 2764 812 2811 B'
869 2773 923 2813 23
944 2772 1209 2813 inuiderunt
1224 2770 1267 2811 B
1325 2770 1471 2813 24sm'
1485 2770 1655 2823 Kempf
1667 2782 1690 2810 e
1706 2772 1830 2812 codd.

221 2826 334 2866 suis:
366 2837 445 2867 om.
473 2834 522 2873 ς,
554 2826 625 2866 sui
655 2825 753 2867 fere
774 2827 817 2867 B
847 2829 889 2868 in
918 2830 1067 2875 litura,
1098 2829 1143 2868 in
1171 2840 1255 2881 qua
1282 2827 1510 2880 longiorem
1539 2839 1681 2868 uocem
1710 2840 1832 2880 quam

222 2881 293 2922 sui
310 2881 448 2933 fuisse
468 2882 649 2934 spatium
670 2883 813 2931 docet,
843 2885 949 2934 fort.
972 2883 1167 2937 periculi
1188 2883 1331 2925 subiti
1353 2882 1438 2935 (uel
1457 2881 1679 2937 suscepti)

335 2939 390 2979 29
409 2938 589 2992 urgueri
615 2938 657 2978 V
