1878 3100
806 145 1131 192 PRAEFATm.
1339 109 1354 119 ⁰¹
1701 146 1774 191 vu

144 291 356 336 dantium
391 294 599 347 ereptam
636 287 720 333 deo
754 286 958 345 Delphos
994 285 1336 346 perferendam
1372 287 1585 331 curauit.-
1637 300 1771 350 quae

149 360 401 423 scriptura
425 356 1163 423 quamquaminterpolationis
1186 355 1414 420 speciem
1432 371 1628 420 praese
1652 355 1768 415 fert,

149 447 213 480 eo
248 437 421 477 tamen
447 428 656 476 nomine
696 426 909 474 lectioni
934 425 1136 488 uulgari
1162 425 1512 489 pracferenda
1546 424 1768 486 uidetur,

152 498 292 565 quod
315 497 512 548 obiecto
535 497 602 546 ad
623 515 709 546 uu.
726 504 777 544 ul
796 499 1017 557 comperit
1038 495 1216 544 addito
1239 497 1421 545 saltem
1440 496 1773 544 manifestum

151 569 398 619 orationis
423 569 605 616 uitium
630 567 888 616 sublatum
916 573 1008 616 est.
1087 565 1289 630 Quodsi
1319 583 1535 631 quaeras
1565 566 1689 633 quid
1704 568 1771 615 -in

148 635 407 689 Bernensi
429 640 672 704 scriptum
692 639 770 699 sit,
804 639 846 686 si
868 630 1163 702 Kempfium
1186 636 1436 698 audimus,
1467 637 1598 686 liber
1620 654 1770 702 prae-

144 711 490 760 stantissimus
539 726 651 758 eam
692 709 996 773 scripturam
1037 707 1232 756 habere
1278 709 1470 769 fertur,
1522 725 1674 774 quam
1716 709 1771 755 in

147 798 337 845 magna
379 781 657 829 lectionum
702 779 1003 828 diuersitate
1046 778 1199 826 facile
1237 779 1460 828 omnium
1495 781 1772 844 pessimam

149 868 265 900 esse
291 851 515 913 iudices3
545 851 779 899 adfirmat
805 850 939 899 enim
966 850 1020 897 in
1051 865 1110 897 eo
1150 864 1251 896 eam
1277 851 1456 910 delphis
1497 849 1618 914 (sic)
1651 865 1769 911 por-

149 925 338 969 {andam
365 925 550 969 curauit
571 922 644 969 ita
670 922 915 985 scriptum
943 936 1077 980 esse,
1119 927 1175 968 ut
1201 920 1303 968 alia
1329 937 1485 968 manu
1512 920 1640 968 nihil
1667 920 1770 968 nisi

140 994 480 1054 perferendam
509 992 789 1040 correctum
810 992 889 1039 sit.
942 991 1063 1039 Non
1083 990 1216 1039 uidit
1235 991 1505 1055 Kempfius
1537 998 1772 1040 ueterem

148 1080 354 1111 manum
379 1063 510 1111 nihil
535 1061 728 1110 habere
755 1062 856 1110 nisi
882 1061 1019 1109 hunc
1044 1078 1247 1109 uersum
1272 1078 1532 1110 mancum:
1578 1065 1771 1109 incitato

145 1136 214 1181 acl
230 1149 322 1180 eam
333 1129 603 1199 parltienda
617 1136 795 1192 populo
816 1139 865 1179 uc
883 1136 1118 1191 comperit,
1142 1148 1273 1196 quae
1296 1139 1465 1180 autem
1487 1140 1774 1197 sequuntur

149 1221 180 1251 a
205 1221 361 1252 manu
386 1204 528 1252 XIII
552 1203 634 1251 uel
662 1203 834 1250 XIIII
859 1202 1054 1251 saeculi
1083 1202 1286 1250 adiecta
1323 1219 1460 1263 esse,
1504 1204 1642 1251 cuius
1681 1202 1772 1250 ad-

150 1274 432 1331 ditamento
469 1275 781 1323 sententiam
817 1272 1171 1338 imperfectam
1210 1290 1315 1322 non
1342 1281 1482 1321 recte
1512 1274 1772 1337 expletam

149 1361 289 1405 esse,
322 1361 386 1393 ex
410 1343 584 1393 uerbis
614 1350 670 1391 ut
701 1348 925 1404 comperit
943 1344 1106 1408 quasi
1132 1344 1187 1391 in
1216 1343 1356 1392 nudo
1387 1349 1505 1391 aere
1533 1344 1771 1408 penden-

144 1415 283 1464 tibus
310 1416 433 1464 satis
473 1416 656 1463 elucet.
731 1415 871 1463 Hinc
897 1415 1087 1462 factum
1114 1421 1191 1463 est
1225 1421 1281 1462 ut
1306 1414 1419 1475 ille,
1462 1414 1548 1480 qui
1585 1413 1772 1462 librum

147 1487 470 1535 Bernensem
509 1484 576 1532 ad
602 1485 806 1534 Paridis
847 1487 1124 1550 epitomam
1153 1486 1374 1534 correxit
1401 1492 1452 1534 et
1490 1485 1768 1549 suppleuit,

47 1571 51 1574 ·
125 1563 422 1621 -perspecto
449 1572 688 1620 magnam
715 1556 952 1604 lacunam
978 1556 1079 1603 iam
1119 1572 1149 1603 a
1185 1555 1357 1604 medio
1394 1556 1493 1604 hoc
1530 1556 1769 1620 exemplo

147 1627 350 1675 initium
377 1643 578 1691 capere,
612 1627 666 1674 in
693 1626 950 1675 schedulis
981 1642 1106 1691 quas
1135 1625 1326 1674 adiecit
1353 1626 1571 1691 primum
1600 1642 1772 1675 exem-

149 1698 291 1762 plum
316 1714 423 1745 non
450 1713 674 1764 sequens
705 1696 769 1745 de
797 1699 976 1744 Milesia
1006 1699 1198 1756 Cerere,
1248 1697 1342 1745 sed
1368 1697 1466 1745 hoc
1492 1698 1664 1762 ipsum
1703 1697 1771 1745 de

148 1768 467 1816 Timasitheo
495 1774 708 1831 poneret
745 1773 812 1825 (u.
840 1767 1052 1832 Kempf.
1081 1785 1132 1832 p.
1164 1765 1269 1829 79),
1313 1769 1556 1833 quoniam
1583 1769 1768 1832 imper-

150 1838 340 1886 fectum
373 1838 427 1884 in
464 1838 723 1886 Bernensi
761 1838 1054 1886 inuenerat.
1128 1838 1308 1885 Futuri
1348 1839 1505 1901 igitur
1542 1837 1770 1886 editores

149 1924 344 1956 mecum
378 1907 605 1956 scribent
641 1914 690 1954 ul
713 1911 979 1968 comperit*
1003 1924 1053 1955 *τ
1100 1923 1164 1955 ex
1188 1908 1327 1955 Liuii
1367 1915 1536 1956 autem
1562 1909 1676 1957 loco
1703 1909 1768 1968 V,

150 1980 240 2038 28,
269 1980 324 2038 4,
377 1994 527 2043 quem
553 1978 790 2027 Valerius
830 1978 1149 2042 compilauit,
1198 1978 1351 2026 facile
1391 1979 1558 2043 quiuis
1586 1979 1768 2026 melius

149 2065 300 2114 quam
325 2049 378 2096 in
405 2047 548 2097 libris
575 2049 904 2119 interpolatis
942 2049 1133 2096 factum
1168 2055 1271 2109 est,
1320 2050 1635 2097 sententiam
1674 2050 1769 2097 im-

38 2124 42 2126 ’
91 2167 94 2170 ,
145 2119 431 2183 perfectam
457 2119 704 2167 resarcire
733 2120 939 2182 poterit.

170 2238 173 2240 ,
288 2190 372 2237 Ex
404 2190 483 2237 his
522 2206 653 2254 quae
689 2189 855 2237 adhuc
891 2188 1258 2253 disputauimus
1303 2190 1403 2237 iam
1446 2190 1772 2255 intellegitur

147 2258 381 2307 codicem
405 2260 727 2308 Beruensem
755 2276 784 2307 a
809 2277 890 2308 me
916 2261 1029 2324 ipso
1059 2261 1404 2309 examinatum
1432 2277 1573 2309 esse..
1642 2260 1769 2310 Cum

149 2331 286 2378 enim
313 2347 343 2378 a
368 2329 588 2378 librariis
614 2331 989 2392 honestissimis
1025 2331 1272 2379 inuitatus
1312 2347 1477 2380 essem
1511 2338 1567 2379 ut
1596 2347 1769 2379 exem-

146 2400 349 2464 plorum
383 2401 581 2449 Valerii
617 2401 822 2449 Maximi
864 2401 1186 2449 edendorum
1227 2417 1397 2449 curam
1433 2402 1765 2467 susciperem,

147 2471 274 2518 utile
313 2486 372 2517 ac
407 2471 518 2518 fere
553 2472 900 2519 necessarium
937 2479 1075 2521 ratus
1114 2479 1169 2520 ut
1204 2472 1476 2521 uerborum
1503 2473 1766 2521 contextui

150 2540 399 2588 lectiones
428 2540 781 2605 discrepantes
811 2541 1002 2591 codicis
1031 2543 1235 2607 optimi,
1274 2551 1482 2607 praeter
1510 2558 1662 2607 quem
1688 2559 1769 2590 re-

149 2610 404 2675 liquorum
428 2627 546 2658 usus
577 2618 654 2659 est
680 2613 1021 2676 perexiguus,
1052 2612 1511 2676 subiungerentur,
1540 2613 1767 2661 Bernam

8 2707 18 2717 =
79 2688 87 2691 ’
147 2697 229 2728 me
257 2680 474 2740 contuli,
521 2687 577 2728 ut
614 2681 789 2730 codice
824 2683 1006 2730 iterum
1031 2683 1338 2746 perlustrato
1382 2699 1763 2746 cognoscerem,

146 2752 330 2798 utr'um.
363 2751 673 2803 lectionibus
719 2768 749 2798 a
790 2752 1029 2816 Kempfio
1083 2753 1352 2817 exscriptis
1403 2754 1531 2802 fides
1582 2753 1765 2802 haberi

149 2828 325 2884 posset
351 2837 416 2868 an
443 2820 574 2870 liber
597 2821 766 2870 denuo
792 2821 1128 2871 excutiendus
1151 2831 1304 2872 esset.
1359 2824 1564 2873 Vellem
1583 2823 1763 2872 labore

147 2891 302 2939 totius
330 2891 515 2941 codicis
543 2893 722 2941 iterum
750 2893 1055 2942 conferendi
1082 2893 1423 2960 supersedere
1451 2896 1763 2959 potuissem:
