1936 3120
698 105 786 158 vu,
814 106 1063 159 111-11111,
1091 108 1162 152 11.
1631 100 1736 154 497

124 222 226 282 quis
253 227 397 267 esset:
425 220 661 281 respondit
687 234 736 265 se
764 233 866 266 esse
887 219 1065 266 Orcum.
1111 219 1373 268 inclamauit
1400 234 1570 281 pueros
1598 235 1735 282 quae·
1750 238 1866 268 vain.
1882 239 1909 267 1.

124 293 324 352 sinitque
352 305 539 352 ecquem
569 290 700 336 talem
728 291 977 336 uidissent:
1015 290 1287 351 negantibus
1323 291 1602 337 indormiuit.
1661 306 1736 338 oc-

124 364 269 408 currit
308 363 471 408 iterum
508 362 710 422 species:
756 375 947 407 accenso
986 362 1148 407 dehinc
1184 361 1354 408 lumine
1382 362 1622 422 uigilatum
1649 368 1734 408 est.

122 434 278 495 paucis
304 439 411 493 post
436 431 593 478 diebus
622 433 751 477 iussu
777 432 981 478 Caesaris
1008 434 1199 493 punitus
1226 440 1312 480 est.
1591 479 1593 482 Α
1618 467 1620 470 -

79 517 101 550 5
229 506 270 550 6.
309 502 527 548 Hannibal
563 504 807 548 somniauit
843 504 1053 548 iuuenem
1091 504 1283 549 humana
1321 504 1465 550 forma
1493 505 1731 567 augustio·
1754 512 1904 559 7,E.1

122 589 232 627 rem,
262 575 340 635 qui
367 588 415 619 se
442 575 707 620 hortaretur
733 575 779 619 in
807 574 1028 620 excidium
1053 574 1221 626 Italiae,
1250 582 1436 621 auctore
1464 575 1572 621 Ioue
1600 589 1738 621 secu-

124 653 289 692 turum.
340 645 501 690 deinde
536 653 643 706 post
682 652 860 705 tergum
898 646 1149 706 respiciens
1190 647 1359 692 intueri
1396 645 1482 691 sibi
1509 647 1638 692 uisus
1667 653 1737 692 est

123 721 383 777 serpentem
410 722 590 761 uastum
620 724 779 762 cuncta
805 716 1122 777 populantem,
1162 717 1320 762 audire
1344 719 1477 762 etiam
1506 717 1619 764 caeli
1646 717 1736 762 fra-

123 801 295 848 gorem,
333 801 418 833 nec
442 800 532 832 non
563 794 608 832 et
634 787 810 833 nimbos
839 801 939 833 cum
969 787 1164 848 maligna
1191 787 1291 834 luce
1320 789 1485 834 uisere.
1538 789 1736 834 interro-

62 873 102 904 10
128 859 255 918 gauit
293 859 502 903 iuuenem
540 865 860 918 praeeuntem,
909 859 1010 919 quis
1049 853 1373 919 subsequatur.
1433 858 1509 904 ille
1536 859 1590 904 ad
1626 859 1737 906 haec

123 929 312 975 ‘uides'
358 930 519 989 inquit,
567 928 727 974 ‘uides
766 929 984 975 excidium
1021 929 1198 975 Italiae:
1246 938 1344 976 tace
1382 937 1428 975 et
1454 936 1603 976 cetera
1630 944 1735 991 per-

126 1002 262 1045 mitte
283 1000 388 1045 fatis
405 998 435 1045 ⁹.

227 1075 266 1116 7.
310 1070 557 1116 Alexander
575 1071 722 1131 Magni
752 1073 1060 1131 quiescentem
1082 1084 1129 1116 se
1151 1071 1343 1117 interfici
1366 1072 1603 1118 Cassandri
1626 1072 1730 1118 dex·
1753 1083 1794 1137 7,
1815 1080 1905 1122 Ε.2

122 1150 218 1188 tera
240 1141 366 1187 uidit.
397 1141 554 1186 eodem
576 1142 676 1202 ipso
697 1149 855 1202 postea
876 1142 1063 1188 insidias
1082 1143 1320 1188 ordinante
1347 1143 1461 1188 bibit
1488 1157 1728 1189 uenenum.

58 1226 99 1258 15
227 1215 268 1256 8.
308 1211 559 1274 Simonides
587 1219 722 1272 poeta
749 1227 939 1272 graecus
963 1214 1015 1259 ad
1042 1213 1152 1259 litus
1179 1214 1356 1274 appulit
1385 1221 1429 1261 et
1456 1215 1726 1273 naufragum
1751 1224 1790 1275 7,
1810 1223 1906 1266 E.3

121 1283 213 1328 illic
238 1283 433 1329 cadauer
458 1290 691 1343 repertum
720 1283 950 1343 sepeliuit.
995 1284 1153 1330 dehinc
1183 1286 1424 1344 quiescens
1453 1286 1731 1331 ammonitus

121 1360 191 1399 est
225 1353 279 1399 ab
314 1353 476 1399 umbra
511 1354 702 1414 sepulti,
744 1369 800 1400 ne
840 1355 911 1399 die
938 1362 1127 1415 postero
1154 1357 1406 1415 nauigaret.
1460 1357 1734 1417 quicumque

122 1424 387 1475 soluerunt,
427 1426 472 1469 in
511 1432 763 1485 conspectu
799 1427 895 1470 eius
935 1428 1172 1472 summersi
1202 1434 1321 1471 sunt.
1375 1427 1627 1473 Simonides
1657 1441 1735 1473 so-

121 1496 293 1540 mnium
319 1495 532 1540 uersibus
555 1510 655 1541 cum
682 1496 815 1541 laude
843 1496 1110 1542 celebrauit.

57 1577 99 1610 20
226 1566 267 1610 9.
308 1564 416 1610 Cum
442 1565 681 1611 Persarum
708 1568 805 1625 regi
833 1568 981 1612 uisum
1008 1575 1128 1613 esset
1148 1582 1230 1628 per
1252 1569 1450 1628 quietem
1473 1569 1597 1629 quod
1617 1570 1727 1629 Atys
1752 1580 1791 1631 7,
1810 1579 1907 1619 E.4

120 1635 241 1681 filius
279 1650 390 1681 suus
426 1636 759 1695 pulcherrimus
799 1637 1170 1698 fortissimusque
1216 1639 1336 1684 ferro
1382 1639 1732 1690 interficeretur,

120 1708 333 1751 iuuenem
357 1706 491 1751 bellis
518 1706 761 1758 abstinuit,
804 1711 1199 1753 armamentarium
1227 1710 1351 1754 adire
1377 1724 1468 1755 11011
1496 1711 1627 1761 sinit,
1665 1725 1734 1756 re-

119 1778 266 1822 mouit
308 1779 573 1837 armigeros.
651 1778 730 1823 sed
774 1779 892 1824 circa
937 1779 1175 1839 Olympum
1217 1794 1327 1839 aper
1369 1782 1535 1826 nimius
1583 1783 1735 1842 coepit

122 1854 282 1893 cuncta
308 1854 489 1893 uastare
527 1855 572 1894 et
607 1850 807 1894 rusticos
835 1858 1059 1895 sternere.
1113 1851 1262 1895 orauit
1288 1850 1407 1896 filius
1435 1859 1485 1897 ut
1512 1851 1565 1896 ad
1593 1852 1733 1896 inter-

55 1931 99 1964 25
121 1917 356 1964 ficiendam
381 1918 560 1964 beluam
581 1921 862 1966 mitteretur:
892 1922 1106 1980 optinuit.
1148 1922 1226 1966 sed
1253 1922 1422 1973 lancea,
1452 1937 1539 1982 qua
1559 1924 1732 1983 petitus

121 2003 229 2050 aper
247 1989 396 2035 suerat
416 1989 470 2035 ab
491 2004 558 2041 eo,
583 1990 846 2036 adolescens
869 1994 940 2037 cui
965 1993 1233 2037 commissus
1259 1992 1421 2043 suerat,
1446 1995 1625 2039 occisus
1648 2000 1730 2039 est.

226 2062 295 2105 10.
338 2060 558 2106 Hamilcar
584 2061 671 2106 dux
698 2062 1117 2123 Carthaginensium
1154 2064 1333 2109 audisse
1362 2063 1447 2109 sibi
1475 2066 1520 2109 in
1550 2066 1724 2110 somnio
1749 2071 1788 2119 7,
1808 2069 1904 2109 Ε.8

119 2132 248 2177 1113113
274 2132 492 2192 estquod
519 2132 770 2192 Syracusis,
810 2148 921 2193 quas
960 2132 1209 2185 obsidebat,
1253 2134 1341 2180 alio
1382 2135 1450 2180 die
1490 2142 1732 2181 cenaturus

120 2208 260 2248 esset.
324 2204 547 2263 pugnauit
594 2218 673 2263 spe
718 2205 938 2250 uictoriae
991 2212 1036 2250 et
1087 2207 1133 2250 111
1186 2205 1342 2251 urbem
1394 2206 1732 2267 liarpagonibus

57 2284 100 2316 30
121 2278 280 2332 raptus
308 2279 392 2317 est.

229 2345 296 2386 11.
334 2342 586 2388 Alcibiades
623 2345 869 2389 somniauit
904 2345 1039 2405 pallio
1089 2360 1136 2391 se
1184 2354 1418 2406 opertum:
1472 2355 1516 2393 et
1561 2348 1730 2394 amicae
1752 2362 1791 2409 7,
1811 2360 1904 2402 Ε,9

122 2426 230 2458 suae
255 2412 374 2458 lecto
403 2414 573 2458 interea
603 2421 791 2473 opertus
820 2422 903 2460 est.

235 2566 260 2604 2
281 2564 505 2616 hecquem
526 2563 669 2605 talem
690 2564 883 2606 uidisset
908 2566 941 2607 C
1016 2568 1040 2608 8
1063 2565 1280 2620 serpenti}
1306 2568 1339 2608 0
1398 2571 1450 2610 10
1474 2570 1551 2622 qui
1573 2570 1732 2612 subse-

71 2640 74 2643 ,
121 2626 290 2674 quatur
312 2621 357 2670 0,
383 2620 492 2672 quid
515 2634 554 2662 3.
584 2621 680 2661 Μαί
758 2624 808 2663 13
848 2624 1004 2676 magni
1025 2623 1070 2672 C,
1090 2625 1194 2675 fort.
1219 2626 1380 2678 Magni
1401 2627 1431 2667 f.
1521 2629 1575 2669 20
1618 2626 1732 2668 Cum

119 2690 360 2731 persarum
389 2679 487 2730 regi
518 2678 574 2718 C:
608 2677 778 2719 Croeso
807 2681 907 2732 regi
938 2680 1033 2720 Mai
1070 2677 1089 2734 Η
1130 2686 1253 2722 03301
1283 2695 1382 2723 nos:
1416 2686 1485 2724 est
1509 2683 1541 2723 C
1579 2682 1599 2739 Η
1640 2685 1730 2725 atis

120 2733 241 2775 filius
263 2745 372 2774 suus
394 2734 691 2787 pulcherrimi
712 2735 1045 2788 fortissimique
1072 2737 1106 2777 C
1181 2740 1234 2778 22
1276 2737 1404 2792 311111]
1430 2744 1536 2781 311111
1569 2743 1599 2783 C
1677 2742 1732 2782 25

120 2789 287 2831 lancea
309 2803 430 2843 equa.
454 2790 487 2831 C
535 2793 587 2831 27
610 2790 698 2831 sibi
719 2792 861 2832 somio
887 2793 920 2832 0
977 2795 1030 2834 29
1054 2796 1364 2847 arpaeonibus
1389 2797 1422 2837 0
1461 2799 1514 2838 32
1537 2802 1661 2840 tecto
1687 2798 1731 2846 C,

122 2859 198 2888 em.
223 2847 389 2892 Christ:
410 2851 542 2888 ueste
564 2847 849 2888 Kellerbauer

203 2928 310 2960 vn„
332 2929 442 2960 lux.
1409 2922 1478 2975 32

1718 2922 1739 2941 Ο
