1878 3132
480 8 515 26 ,ἑ-
540 4 573 23 ΓΦ
583 0 692 20 εἵη-η..

557 141 674 188 CAP.
701 142 751 193 X,
782 138 812 200 S
838 144 880 187 7.
908 144 951 187 8.
987 140 1083 187 Ext.
1111 141 1141 200 g
1170 144 1209 186 1.
1237 145 1278 187 2.
1625 136 1727 188 109

100 249 396 322 exemplis,
446 258 508 303 ut
543 249 858 303 domesticis
903 268 1130 321 aspersa
1165 250 1288 321 ipsa
1329 250 1597 302 uarietate
1636 248 1725 302 de-

98 323 321 378 lectent.
380 320 674 374 Harmodii
710 329 762 373 et
789 320 1212 391 Aristogitonis,
1249 321 1341 392 qui
1368 320 1615 374 Athenas
1642 329 1726 391 ty-

98 392 332 447 rannide
356 392 591 446 liberare
617 392 801 445 conati
835 401 987 456 sunt,
1029 391 1243 462 effigies
1279 410 1477 445 aeneas
1507 392 1726 444 Xerxes

102 484 168 518 ea
202 464 341 517 urbe
383 463 607 516 deuicta
642 463 699 514 in
734 481 964 533 regnum
1003 482 1160 515 suum
1195 462 1496 516 transtulit.
1559 462 1724 533 longo

102 534 303 589 deinde
335 534 620 587 interiecto
654 542 900 604 tempore
938 532 1198 587 Seleucus
1236 535 1294 586 in
1327 535 1619 605 pristinam
1646 553 1725 586 se·
1749 548 1771 582 5

102 607 225 661 dem
266 603 628 677 reportandas
665 606 899 658 curauit.
973 604 1174 658 Rhodii
1255 624 1435 676 uoque
1472 623 1565 658 eas
1600 605 1729 658 urbi

102 695 235 731 suae
259 676 540 748 adpulsaS‚
570 695 691 728 cum
718 677 773 728 in
800 675 1102 747 hospitium
1128 676 1243 747 pub
1268 677 1350 729 ice
1376 677 1725 743 inuitassent,

101 749 272 802 sacris
301 749 468 801 etiam
493 748 552 799 in
570 746 953 818 puluinaribus
981 746 1427 802 conlocauerunt.
1466 747 1604 800 nihil
1622 746 1728 800 hac

98 819 362 872 memoria
396 816 609 872 felicius
627 858 641 886 ,
689 837 827 889 quae
861 826 1077 872 tantum
1111 819 1482 872 uenerationis
1517 819 1576 871 in
1610 827 1728 873 tam

98 889 331 961 paruulo
358 907 484 942 aere
508 889 773 960 possidet.
1747 903 1790 936 10

207 975 259 1028 2.
319 974 603 1041 Quantum
644 991 807 1045 porro
850 975 1073 1029 honoris
1119 975 1352 1028 Athenis
1398 975 1725 1041 Xenocrati,

102 1045 376 1118 sapientia
411 1045 621 1116 pariter
656 1063 722 1098 ac
758 1046 1052 1099 sanctitate
1089 1044 1263 1113 clarc,
1309 1046 1582 1101 tributum
1618 1047 1724 1099 est!

101 1135 227 1170 cum
248 1116 622 1169 testimonium
644 1116 825 1169 dicere
851 1125 1073 1170 coactus
1102 1116 1173 1169 ad
1201 1135 1355 1169 aram
1382 1118 1725 1183 accessisset,

99 1196 162 1240 ut
195 1205 348 1241 more
383 1186 498 1240 eius
537 1187 781 1240 ciuitatis
828 1187 1035 1240 iuraret
1071 1188 1256 1240 omnia
1294 1207 1353 1240 se
1387 1207 1518 1240 uere
1557 1195 1726 1240 rettu-

99 1258 231 1311 lisse
244 1298 258 1325 ‚
293 1258 537 1310 uniuersi
570 1258 779 1312 iudices
801 1247 1270 1312 honsurrexerunt
1293 1258 1726 1329 proclamarunt-
1750 1270 1792 1303 15

102 1347 206 1400 que
239 1347 308 1381 ne
345 1329 429 1380 ius
456 1329 749 1382 iurandum
778 1328 1009 1396 diceret,
1049 1330 1306 1401 quodque
1334 1331 1554 1383 sibimet
1589 1330 1725 1400 ipsis

98 1398 450 1471 postmodum
487 1399 753 1453 dicendae
792 1401 1095 1453 sententiae
1140 1399 1260 1454 loco
1297 1401 1583 1453 remissuri
1616 1419 1727 1454 non

100 1479 282 1539 erant,
325 1471 629 1525 sinceritati
656 1472 770 1525 eius
799 1471 1208 1525 concedendum
1235 1473 1644 1525 existimarunt.

602 1795 833 1848 LIBER
871 1796 1223 1877 TERTIVs.

210 1921 513 1991 Adtingam
552 1922 710 1992 quasi
744 1922 1019 1976 cunabula
1054 1922 1323 1993 quaedam
1363 1930 1417 1975 et
1461 1922 1728 1975 elementa
1750 1944 1792 1977 20

101 1992 354 2060 uirtutiS‚
392 1991 669 2063 animique
703 1993 1037 2064 procedente
1073 2003 1314 2065 tempore
1349 1994 1419 2047 ad
1454 2012 1729 2046 summum

210 2142 253 2186 1.
289 2140 521 2186 Harmodii
559 2147 604 2186 et
628 2141 982 2201 Aristogitonis,
1021 2144 1098 2201 qui
1123 2142 1323 2187 Athenas
1352 2142 1587 2202 tyrannide
1614 2141 1726 2187 libe·
1750 2147 1843 2184 Par.

102 2217 346 2262 ranei-unt,
383 2210 558 2271 effigies
595 2224 756 2258 aeneas
791 2212 961 2257 Xerxes
997 2227 1048 2258 ea
1084 2212 1198 2258 urbe
1238 2213 1414 2259 deuicta
1451 2215 1495 2258 in
1534 2226 1728 2272 regnum

103 2294 235 2326 suum
274 2281 526 2327 transtulit:
575 2288 735 2342 postea
772 2283 988 2329 Seleucus
1025 2285 1069 2328 in
1105 2286 1346 2344 pristinam
1383 2284 1533 2330 sedem
1570 2297 1728 2344 repor-

103 2352 235 2397 tauit.
295 2352 457 2398 Rhodii
496 2367 680 2413 quoque
716 2367 793 2400 eas
820 2354 924 2399 urbi
952 2367 1061 2400 suae
1087 2354 1323 2416 adpulsas,
1360 2369 1462 2401 cum
1498 2357 1543 2400 in
1571 2355 1729 2415 hospi·
1752 2361 1793 2395 25

104 2421 221 2466 tium
246 2421 427 2482 publice
452 2424 752 2475 inuitassent,
781 2425 922 2471 saeris
950 2426 1084 2471 etiam
1112 2428 1157 2471 in
1184 2426 1505 2486 puluinaribus
1533 2425 1727 2471 colloca·

105 2497 285 2535 uerunt.
338 2495 380 2536 2.
406 2493 684 2539 Xenocrates
703 2495 996 2542 Atheniensis
1019 2498 1334 2542 testimonium
1357 2497 1507 2543 dicere
1527 2503 1725 2544 coactus,

106 2574 209 2606 cum
236 2560 292 2606 ad
318 2575 440 2606 aram
466 2566 757 2615 accessisset,
783 2572 835 2610 ut
861 2579 988 2612 more
1014 2568 1110 2612 eius
1138 2568 1337 2613 ciuitatis
1364 2569 1550 2617 iuraret,
1579 2567 1729 2612 omnia

106 2643 157 2676 se
184 2645 294 2677 uere
315 2631 549 2678 rettulisse
576 2634 752 2680 uetitus
780 2643 850 2682 est
875 2638 1048 2687 iurare,
1078 2637 1331 2683 sinceritati
1359 2639 1455 2682 eius
1477 2637 1729 2684 eonceden-

107 2700 213 2747 dum
240 2702 618 2750 existimantibus.
1750 2715 1792 2748 30

221 2839 248 2880 8
275 2839 323 2880 in
346 2841 408 2880 P:
441 2855 518 2883 om.
541 2841 584 2882 B
646 2844 696 2883 11
727 2843 994 2884 xenocrati*
1014 2844 1057 2884 B
1118 2846 1169 2886 13
1203 2846 1280 2898 qui
1303 2857 1405 2887 cum
1426 2846 1463 2894 b,
1495 2845 1535 2888 is
1560 2858 1662 2887 cum
1683 2831 1726 2886 B

106 2892 901 2998 m⁹·¹¹2‘{³{f‡‡1320³}211¹13‘³2³33²¹{2225{
922 2901 1014 2997 V¹⁶
1035 2899 1190 2943 ‘³¹⁰⁹‘OE
1207 2895 1263 2943 Β
