1872 3132
521 127 638 173 CAP.
660 128 691 178 Ι,
733 127 762 186 5
794 129 858 171 19.
886 129 954 171 20.
983 127 1079 172 Ext.
1109 129 1148 172 1.
1175 131 1215 171 2.
1618 120 1682 171 11

51 238 111 290 in
137 234 361 307 Illyrico
398 234 761 288 militantibus
802 233 1034 287 alterum
1072 233 1402 300 decessisse,
1446 231 1680 285 alterum

54 307 300 378 grauiter
333 306 581 358 audisset
618 305 915 358 adfectum.
977 305 1131 357 cuius
1161 323 1292 356 casu
1318 311 1497 357 motus
1527 322 1681 356 sena-

54 388 143 432 tus
179 375 393 448 tegulas
429 376 633 430 Locros
670 374 1034 446 reportandas
1071 375 1312 447 curauit,
1367 374 1682 446 decretique

55 447 607 518 circumspectissima
652 447 947 499 sanctitate
996 446 1207 516 inpium
1252 465 1389 516 opus
1436 445 1678 499 censoris

55 518 319 572 retexuit:
360 517 447 570 21.
486 525 598 570 tam
630 536 716 570 me
749 516 970 570 hercule
1006 535 1170 587 quam
1206 517 1467 583 Plemini,
1512 516 1679 586 legati
1703 536 1724 569 5

57 589 348 660 Scipionis,
376 589 434 640 in
459 588 715 642 thesauro
744 588 1111 658 Proserpinae
1138 587 1425 658 spoliando
1454 586 1680 640 scelera-

52 670 168 714 tam
194 659 485 712 auaritiam
511 659 658 712 iusta
685 659 1160 712 animaduersione
1187 658 1512 712 uindicauit.
1557 677 1682 710 cum

54 732 200 784 enim
237 749 360 783 eum
395 730 640 783 uinctum
678 730 911 784 Romam
945 729 1192 800 pertrahi
1225 729 1504 795 iussisset,
1553 737 1681 782 ante

52 820 255 855 causae
282 801 574 854 dictionem
609 802 667 853 in
694 820 911 854 carcere
938 801 1248 854 taeterrimo
1276 818 1475 869 genere
1501 799 1683 853 morbi

53 881 410 942 consumptus
448 880 546 924 est.
597 873 885 943 pecuniam
921 871 1024 924 dea
1060 870 1306 924 eiusdem
1342 879 1565 924 senatus
1601 872 1680 923 in·
1704 892 1747 923 ιο

54 944 207 1014 perio
237 950 289 995 et
315 942 535 1013 quidem
563 962 829 995 summam
857 943 930 995 du
972 942 1188 995 licando
1215 942 1580 1013 recuperauit.

163 1017 283 1066 Exi.
315 1015 360 1066 1.
404 1012 585 1079 Quae,
623 1013 768 1084 quod
795 1013 867 1065 ad
892 1013 936 1064 P
962 1014 1125 1065 emini
1149 1014 1366 1066 facinus
1435 1012 1678 1079 ertinuit,

55 1085 196 1138 bene
233 1103 265 1136 a
290 1084 538 1154 patribus
567 1085 890 1154 conscriptis
918 1084 1226 1149 uindicata,
1273 1033 1430 1154 quodJ
1456 1083 1527 1136 ad
1561 1084 1678 1137 uio-

53 1153 230 1207 lentas
258 1155 400 1222 regis
428 1154 591 1225 Pyrri
619 1154 805 1207 sordes
834 1156 1160 1222 attinuerat,
1195 1173 1252 1207 se
1276 1155 1400 1226 ipsa
1426 1163 1680 1226 potenter

53 1234 219 1296 atque
255 1224 553 1278 efficaciter
579 1225 842 1278 defendit.
896 1226 1099 1278 coactis
1138 1226 1278 1278 enim
1304 1225 1675 1279 Locrensibus
1700 1245 1744 1278 15

52 1315 125 1357 ex
160 1295 416 1348 thesauro
455 1296 569 1347 eius
606 1315 860 1365 magnam
902 1295 983 1347 illi
1018 1297 1308 1367 pecuniam
1344 1296 1505 1362 dare,
1554 1314 1680 1348 cum

52 1373 283 1419 onustus
320 1366 534 1418 nefaria
568 1366 777 1437 praeda
821 1368 1138 1436 nauigaret,
1186 1367 1244 1419 ui
1289 1367 1507 1420 subitae
1544 1375 1678 1419 tem-

53 1437 283 1508 pestatis
310 1444 427 1489 tota
454 1455 577 1489 cum
604 1437 776 1490 classe
802 1438 999 1490 uicinis
1029 1437 1164 1490 deae
1199 1437 1451 1491 litoribus
1479 1437 1677 1490 inlisus

53 1515 162 1573 est,
198 1508 255 1558 in
282 1508 479 1579 quibus
506 1510 739 1577 pecunia
772 1508 1058 1562 incolumis
1088 1518 1306 1580 reperta
1341 1509 1678 1562 sanctissimi

52 1576 298 1631 thesauri
324 1578 604 1632 custodiae
631 1580 888 1633 restituta
915 1587 1014 1632 est.
1701 1599 1745 1632 20

39 1664 42 1665 ’
160 1648 211 1701 2.
263 1648 339 1702 At
384 1669 495 1703 non
541 1651 588 1701 si
650 1650 703 1661 ”
956 1653 967 1661 '
1014 1651 1025 1661 '
1063 1669 1124 1702 sa
1158 1669 1278 1703 rex.
1354 1650 1506 1703 cuius
1553 1668 1677 1702 cum

52 1718 274 1840 praefec
301 1739 364 1789 us
411 1721 600 1772 cassis
647 1721 895 1774 Melitam
940 1720 1247 1791 appulisset
1293 1729 1347 1774 et
1392 1740 1563 1792 aeque
1607 1740 1679 1774 ex

80 1807 184 1842 ano
214 1789 439 1843 Iunonis
479 1791 668 1844 dentes
705 1792 974 1845 eburneos
1013 1791 1247 1844 eximiae
1273 1791 1674 1861 magnitudinis

29 1907 211 1954 ‘Locris
248 1909 530 1968 reponendas
569 1911 762 1955 curauit.
839 1913 908 1954 21.
948 1911 1194 1955 Pleminius
1231 1911 1412 1969 legatus
1448 1909 1673 1970 Scipionis
1698 1925 1793 1959 Par.

53 1992 158 2024 cum
197 1979 462 2025 thesaurum
488 1980 791 2041 Proserpinae
827 1980 1098 2041 spoliasset,
1138 1982 1290 2026 iussus
1328 1981 1383 2026 ab
1411 1995 1462 2027 ea
1489 1981 1675 2026 Romam
1699 1994 1743 2028 25

47 2049 259 2109 ‚pertrahi
286 2050 329 2094 in
357 2064 541 2096 carcere
568 2053 830 2098 taeterrimo
859 2052 1006 2097 morbi
1035 2066 1203 2111 genere
1239 2059 1542 2112 consumptus
1580 2058 1675 2098 est:

27 2158 31 2159 γ
57 2122 247 2180 pecunia
274 2127 456 2166 senatus
484 2123 695 2167 consulto
724 2124 931 2168 remissa.

163 2192 201 2234 1.
237 2190 460 2251 Pyrrhus,
500 2194 672 2239 coactis
698 2193 1002 2239 Locrensibus
1044 2208 1096 2239 ex
1133 2194 1348 2239 thesauro
1375 2193 1677 2254 Proserpinae

31 2261 292 2320 ‘pecuniam
319 2261 404 2307 sibi
434 2263 556 2317 dare,
585 2278 685 2309 cum
715 2272 912 2310 onustus
941 2266 1194 2324 nauigium,
1224 2264 1373 2310 subita
1401 2270 1677 2325 tempestate

54 2334 154 2376 tota
179 2345 280 2377 cum
308 2331 453 2378 classe
488 2335 651 2380 uicinis
679 2335 785 2381 deae
812 2335 1026 2380 litoribus
1057 2335 1217 2380 inlisus
1244 2342 1335 2386 cst,
1377 2342 1422 2380 et
1449 2335 1509 2381 ita
1538 2349 1674 2395 pecu·
1697 2349 1739 2382 30

46 2399 131 2446 *nia
153 2408 338 2463 recepta
364 2410 446 2449 est.
508 2408 548 2450 2.
587 2404 624 2462 †
649 2407 861 2452 Amsinus
900 2407 1133 2451 Masinissa
1161 2420 1235 2451 rex
1261 2421 1364 2451 cum
1392 2420 1415 2451 a
1442 2406 1677 2466 praefecto

31 2469 214 2517 *classis
248 2487 355 2519 suae
392 2474 550 2519 dentes
588 2476 778 2522 eboreos
818 2477 1006 2522 eximiae
1045 2477 1374 2537 magnitudinis
1421 2477 1680 2536 accepisset

175 2595 196 2634 1
232 2596 419 2648 yllirico
456 2597 499 2637 B
566 2600 590 2639 3
625 2598 777 2640 locros
814 2600 878 2648 B,
921 2600 1037 2639 locis
1075 2601 1133 2648 P,
1174 2599 1272 2640 loco
1310 2612 1390 2639 suo
1432 2598 1595 2639 Gudius
1654 2601 1681 2640 5

42 2649 306 2710 fp1·ll³emini
322 2654 364 2693 B
386 2652 484 2704 (secl
500 2668 528 2706 p
546 2656 588 2694 in
603 2654 714 2707 ras.)
774 2657 799 2695 6
823 2651 1056 2708 Scipionis
1070 2679 1119 2684 —
1133 2656 1411 2695 sceleratum
1429 2668 1506 2695 om.
1525 2654 1580 2702 B,
1603 2669 1638 2698 8.
1651 2658 1681 2698 l.

43 2707 391 2761 ..adascipionis
404 2713 569 2751 eaePut
580 2713 749 2751 uidetur
806 2713 832 2751 8
855 2714 975 2751 enim
991 2711 1085 2751 inB
1104 2725 1268 2752 erasum
1289 2708 1307 2766 Η
1330 2708 1460 2766 ante]
1474 2712 1554 2764 qui
1570 2715 1679 2753 ante

27 2761 104 2816 Β
162 2765 212 2804 11
229 2763 430 2820 quidem]
454 2767 572 2820 quod
593 2767 630 2806 B
692 2769 743 2807 12
761 2766 787 2821 ᾇ
807 2767 1025 2820 (zquae)
1040 2767 1106 2807 B:
1124 2782 1200 2809 om.
1221 2768 1244 2808 b
1265 2765 1283 2822 Η
1304 2769 1454 2822 publii
1470 2769 1681 2828 leminiB

26 2818 117 2879 ‘5³4
134 2818 236 2877 ipsa
258 2822 324 2861 B:
345 2823 490 2875 ipsam
514 2826 617 2864 dett.
642 2825 697 2874 cf.
718 2825 791 2866 Fr.
811 2824 950 2864 Medii
972 2825 1024 2864 N.
1050 2828 1162 2865 lectt.
1186 2827 1242 2865 54
1303 2827 1355 2866 17
1377 2825 1600 2866 honustus
1623 2819 1683 2865 B'

27 2879 71 2933 ζῇ,
172 2877 227 2918 24
246 2877 410 2919 Locris
434 2880 553 2920 Mai:
574 2880 691 2920 locis
721 2882 764 2920 V
818 2882 872 2921 25
894 2879 1233 2934 theslnsaurnm
1263 2882 1303 2921 V
1323 2884 1404 2923 del.
1429 2895 1483 2922 ns
1544 2884 1596 2922 31
1620 2880 1682 2921 At

26 2927 152 2997 jsssst'on
170 2933 386 2975 similiter
406 2936 526 2979 Mas.
550 2938 658 2977 coni.
684 2938 780 2977 Mai

37 3031 67 3046 ,ρ

17 3052 70 3071 ⁷⁴5„
