1924 3152
595 124 621 141 f

220 181 225 185 ·
251 151 356 203 262
966 157 1067 202 LlB.
1106 156 1154 202 V.

250 263 652 315 increbrescere
689 280 858 331 eaque
895 261 1208 331 egrediente
1242 262 1544 333 pallescere
1571 269 1687 334 eti·
1713 285 1865 319 exer-

252 332 554 385 citatiorem
581 331 882 384 anhelitum
911 332 1145 385 subinde
1172 352 1496 404 recuperare
1523 337 1863 390 animaduer-

251 403 338 468 tit,
367 401 662 454 curiosiore
690 402 1071 455 obseruatione
1099 404 1166 455 ad
1188 404 1366 474 ipsam
1392 406 1679 459 ueritatem
1703 425 1863 478 pene-

251 473 439 524 trauit.
502 473 741 524 intrante
778 473 918 525 enim
956 473 1261 527 Stratonice
1297 483 1351 527 et
1383 494 1573 528 rursus
1609 478 1862 544 abeunte,

207 558 227 589 5
250 542 536 595 brachium
563 541 927 595 adulescentis
957 543 1369 597 dissimulanter
1384 545 1863 616 adprehendendO,

250 611 412 666 modo
464 613 743 681 uegetiore
794 613 956 666 modo
1007 614 1353 683 languidiore
1395 615 1557 686 pulsu
1599 636 1863 670 uenarum

250 683 494 752 conperit
518 684 673 735 cuius
701 684 879 736 morbi
905 702 1069 752 aeger
1095 693 1266 751 esset,
1302 687 1659 757 protinusque
1683 688 1741 740 id
1768 688 1863 741 Se-

248 752 401 806 leuco
439 754 711 823 exposuit.
775 756 865 824 qui
903 755 1242 806 carissimam
1288 756 1393 808 sibi
1428 757 1714 826 coniugem
1748 758 1861 811 filio

250 824 440 875 cedere
466 841 574 874 non
602 823 894 890 dubitauit,
922 825 1065 894 quod
1090 826 1147 875 in
1167 843 1406 878 amorem
1425 825 1726 892 incidisset,
1753 828 1862 881 for-

186 909 225 938 10
250 901 414 945 tunae
441 903 726 962 acceptum
752 894 1024 960 referens,
1064 894 1211 965 quod
1249 895 1596 949 dissimulare
1632 916 1755 950 eum
1790 898 1861 950 ad

248 971 479 1016 mortem
506 982 678 1033 usque
704 972 929 1033 paratus
959 974 1131 1030 esset,
1160 966 1332 1034 ipsius
1358 966 1555 1036 pudori
1582 967 1859 1037 inputans·

249 1033 551 1086 subiciatur
587 1034 783 1086 animis
824 1053 1016 1099 senex,
1054 1053 1178 1101 rex,
1225 1054 1440 1088 amans:
1504 1037 1614 1089 iam
1649 1038 1862 1107 patebit

149 1140 152 1142 Α
283 1122 411 1154 uam
445 1103 616 1155 multa
652 1123 922 1175 quamque
962 1104 1208 1157 difficilia
1245 1107 1459 1175 paterni
1497 1106 1744 1160 adfectus
1780 1109 1859 1159 in-

249 1121 531 1242 dulgentia
559 1176 919 1243 superauerit.
1013 1230 1015 1233 ,

182 1257 223 1288 15
352 1243 402 1295 2.
460 1245 544 1296 Ac
599 1244 854 1296 Seleucus
917 1245 1136 1315 quidem
1195 1264 1391 1313 uxore,
1454 1248 1856 1300 Ariobarzanes

247 1322 429 1366 autem
474 1313 587 1366 filio
638 1333 732 1366 suo
773 1314 1154 1384 Cappadociae
1211 1334 1377 1384 regno
1426 1318 1592 1369 cessit
1633 1318 1691 1368 in
1735 1335 1858 1371 con-

245 1392 437 1453 spectu
463 1382 561 1435 Cn.
583 1384 826 1454 Pompei.
866 1385 1016 1436 cuius
1039 1404 1162 1436 cum
1188 1386 1431 1438 tribunal
1451 1388 1860 1440 conscendisset

243 1454 616 1524 inuitatusque
643 1454 712 1506 ab
740 1473 801 1506 eo
830 1456 886 1506 in
911 1454 1086 1506 curuli
1113 1453 1245 1507 sella
1272 1455 1532 1523 sedisset,
1567 1465 1857 1528 postquam

245 1522 419 1574 filium
444 1524 501 1574 in
528 1541 696 1575 cornu
716 1525 926 1577 scribae
948 1523 1291 1577 humiliorem
1312 1525 1536 1579 fortuna
1556 1546 1654 1580 sua
1673 1526 1856 1581 locum

179 1605 221 1637 20
246 1593 579 1646 obtinentem
607 1591 1007 1663 conspexisset,
1045 1613 1153 1646 non
1190 1597 1450 1648 sustinuit
1475 1596 1620 1648 infra
1646 1616 1703 1649 se
1731 1615 1856 1650 con-

175 1678 178 1681 *
242 1662 482 1716 locatum
507 1663 733 1730 intueri,
772 1664 868 1716 sed
902 1666 1150 1734 protinus
1189 1665 1320 1717 sella
1358 1666 1640 1719 descendit
1665 1675 1718 1720 et
1745 1666 1856 1719 dia·

245 1732 404 1784 dema
429 1734 484 1784 in
511 1743 674 1803 caput
703 1734 817 1786 eius
845 1733 1126 1788 transtulit
1160 1738 1368 1788 hortari
1408 1756 1474 1788 ue
1502 1738 1681 1807 coepit
1706 1745 1768 1790 ut
1793 1756 1855 1791 eo

242 1804 519 1870 transiret,
548 1803 692 1855 unde
717 1806 835 1874 ipse
863 1814 1192 1857 surrexerat.
1252 1756 1571 1859 exciderunt
1595 1807 1855 1860 lacrimae

241 1873 457 1940 iuueni,
496 1873 773 1928 cohorruit
800 1893 1021 1945 corpus,
1060 1875 1344 1946 delapsum
1371 1876 1623 1929 diadema
1648 1885 1730 1930 est
1755 1896 1855 1930 nec

178 1957 219 1989 25
243 1961 347 2013 quo
375 1943 556 1996 iussus
585 1953 701 1997 erat
727 1945 986 2014 progredi
1012 1947 1208 2015 potuit,
1237 1946 1490 2016 quodque
1515 1966 1687 2016 paene
1713 1949 1854 1999 ueri-

240 2013 372 2065 tatis
399 2013 564 2065 fidem
591 2015 833 2079 excedit,
870 2014 1044 2068 laetus
1083 2023 1199 2067 erat
1233 2017 1326 2084 qui
1360 2035 1591 2084 regnum
1618 2017 1852 2087 depone-

241 2082 365 2148 bat,
404 2083 580 2135 tristis
617 2084 702 2135 cui
744 2085 994 2149 dabatur.
1055 2104 1156 2136 nec
1180 2085 1350 2136 ullum
1375 2086 1539 2137 finem
1563 2095 1675 2138 tam
1703 2105 1852 2156 egre-

125 2215 217 2248 Par·
244 2215 375 2259 cuius
410 2214 556 2259 morbi
581 2228 713 2273 aeger
740 2223 860 2261 esset
897 2216 1116 2260 intellexit
1151 2222 1286 2276 atque
1323 2217 1366 2260 id
1393 2216 1582 2262 Seleuco
1618 2217 1849 2275 indicauit,

243 2285 319 2343 qui
346 2285 558 2344 protinus
585 2284 678 2329 filio
706 2285 899 2345 coniuge
929 2285 1012 2330 sibi
1039 2287 1269 2332 carissima
1298 2287 1448 2332 cessit.
1510 2291 1550 2330 2.
1586 2287 1852 2334 Ariobarza—

175 2363 217 2395 30
243 2367 322 2399 nes
349 2354 394 2398 in
423 2361 671 2414 conspectu
699 2355 773 2400 Cn.
802 2356 985 2415 Pompei
1013 2356 1105 2402 filio
1134 2371 1216 2401 suo
1244 2371 1435 2416 regnum
1463 2358 1613 2408 cessit,
1642 2358 1851 2404 humilio-

241 2437 333 2469 rem
362 2424 487 2469 illum
517 2438 565 2469 se
591 2426 747 2471 uidere
773 2440 863 2471 non
891 2426 1136 2471 sustinens.

356 2548 377 2586 l
399 2547 577 2600 pallere
600 2547 657 2599 B,
681 2561 755 2590 em.
779 2561 838 2588 ex
858 2545 934 2602 Pl]
956 2549 1394 2599 exercitatioremB,
1421 2549 1738 2590 excitatiorem
1749 2551 1846 2589 edd.

238 2610 365 2650 uett.,·
392 2605 496 2654 fort.
522 2602 801 2644 sedatiorem
862 2607 886 2644 2
909 2605 1167 2644 hanelitum
1187 2604 1230 2643 B
1290 2609 1314 2646 3
1339 2606 1615 2646 curiosiore*
1633 2605 1847 2645 obserua-

236 2661 388 2700 tione*
411 2660 452 2698 B
511 2662 536 2700 6
558 2660 823 2711 uegetiore*
844 2683 895 2690 —
918 2660 1212 2713 languidiore
1229 2661 1272 2700 B
1331 2663 1357 2702 8
1379 2662 1572 2714 coniuge
1596 2660 1684 2702 sibi
1706 2661 1847 2700 caris-

239 2715 355 2753 sima
376 2716 418 2755 P
489 2717 541 2755 14
562 2718 802 2768 superauit
822 2717 879 2768 B,
904 2731 977 2758 em.
1005 2719 1048 2757 in
1070 2718 1134 2757 ed.
1157 2717 1352 2769 Bipont„
1377 2717 1608 2770 superarit
1635 2717 1781 2758 Vorst.
1805 2722 1847 2755 et

237 2770 376 2810 Periz.
439 2773 492 2811 15
514 2784 595 2812 ac*
616 2773 657 2811 B
676 2770 696 2826 Π
729 2787 869 2814 uxore
891 2773 958 2813 B:
987 2786 1127 2814 uxore
1150 2773 1174 2812 b
1235 2775 1287 2814 16
1308 2786 1450 2826 regno
1470 2772 1534 2818 B.-
1557 2770 1700 2824 regni]
1722 2772 1766 2812 Γ
1783 2771 1847 2812 Pb

239 2827 291 2866 18
322 2826 488 2866 curulli
516 2827 558 2865 B
581 2835 678 2869 ante
699 2843 787 2871 ras.
869 2832 923 2870 20
954 2829 1195 2881 conspexit
1225 2829 1269 2869 Γ
1341 2831 1395 2869 24
1423 2828 1652 2880 dilapsum
1674 2827 1736 2878 B,
1770 2841 1845 2870 em.

235 2882 487 2923 Perizonius

351 2940 404 2979 28
426 2935 491 2991 id]
511 2939 578 2978 ita
607 2939 651 2978 V
