<?xml version="1.0" encoding="UTF-8"?>
<!DOCTYPE html PUBLIC "-//W3C//DTD XHTML 1.0 Transitional//EN"
    "http://www.w3.org/TR/xhtml1/DTD/xhtml1-transitional.dtd">
<html xmlns="http://www.w3.org/1999/xhtml" xml:lang="en" lang="en">
 <head>
  <title>
</title>
<meta http-equiv="Content-Type" content="text/html;charset=utf-8" />
  <meta name='ocr-system' content='tesseract 3.04.00' />
  <meta name='ocr-capabilities' content='ocr_page ocr_carea ocr_par ocr_line ocrx_word'/>
</head>
<body>
  <div class='ocr_page' id='page_1' title='image "./factorumetdictor00valeuoft_0321.png"; bbox 0 0 1924 3152; ppageno 0'>
   <div class='ocr_carea' id='block_1_1' title="bbox 0 0 655 79">
    <p class='ocr_par' dir='ltr' id='par_1_1' title="bbox 0 0 655 79">
     <span class='ocr_line' id='line_1_1' title="bbox 0 0 655 79; baseline 0 3073"><span class='ocrx_word' id='word_1_1' title='bbox 0 0 655 79; x_wconf 95' lang='lat' dir='ltr'> </span> 
     </span>
    </p>
   </div>
   <div class='ocr_carea' id='block_1_2' title="bbox 435 127 1784 203">
    <p class='ocr_par' dir='ltr' id='par_1_2' title="bbox 435 127 1784 203">
     <span class='ocr_line' id='line_1_2' title="bbox 435 127 1784 203; baseline -0.005 -11"><span class='ocrx_word' id='word_1_2' title='bbox 435 145 554 192; x_wconf 77' lang='lat' dir='ltr'>cAP.</span> <span class='ocrx_word' id='word_1_3' title='bbox 580 146 649 196; x_wconf 91' lang='lat'>111,</span> <span class='ocrx_word' id='word_1_4' title='bbox 677 144 706 203; x_wconf 62' lang='lat'>5</span> <span class='ocrx_word' id='word_1_5' title='bbox 735 146 801 188; x_wconf 89' lang='lat'>11.</span> <span class='ocrx_word' id='word_1_6' title='bbox 835 145 901 188; x_wconf 79' lang='lat'>12.</span> <span class='ocrx_word' id='word_1_7' title='bbox 936 141 1034 187; x_wconf 69' lang='lat' dir='ltr'>Ext.</span> <span class='ocrx_word' id='word_1_8' title='bbox 1062 127 1259 199; x_wconf 67' lang='lat'>§1—3.</span> <span class='ocrx_word' id='word_1_9' title='bbox 1298 139 1386 191; x_wconf 90' lang='lat'>1111,</span> <span class='ocrx_word' id='word_1_10' title='bbox 1414 138 1443 198; x_wconf 67' lang='lat' dir='ltr'>g</span> <span class='ocrx_word' id='word_1_11' title='bbox 1472 142 1509 185; x_wconf 91' lang='lat'>1.</span> <span class='ocrx_word' id='word_1_12' title='bbox 1678 132 1784 186; x_wconf 81' lang='lat'>293</span> 
     </span>
    </p>
   </div>
   <div class='ocr_carea' id='block_1_3' title="bbox 131 244 1787 536">
    <p class='ocr_par' dir='ltr' id='par_1_3' title="bbox 131 244 1787 536">
     <span class='ocr_line' id='line_1_3' title="bbox 162 244 1785 323; baseline -0.005 -17"><span class='ocrx_word' id='word_1_13' title='bbox 162 253 377 307; x_wconf 86' lang='lat' dir='ltr'>intendi</span> <span class='ocrx_word' id='word_1_14' title='bbox 413 253 471 306; x_wconf 85' lang='lat' dir='ltr'>in</span> <span class='ocrx_word' id='word_1_15' title='bbox 507 270 678 323; x_wconf 89' lang='lat' dir='ltr'>eaque</span> <span class='ocrx_word' id='word_1_16' title='bbox 716 251 889 304; x_wconf 91' lang='lat' dir='ltr'>filium</span> <span class='ocrx_word' id='word_1_17' title='bbox 929 251 1045 303; x_wconf 89' lang='lat' dir='ltr'>eius</span> <span class='ocrx_word' id='word_1_18' title='bbox 1086 248 1456 302; x_wconf 90' lang='lat' dir='ltr'>iudicaturum</span> <span class='ocrx_word' id='word_1_19' title='bbox 1499 244 1785 300; x_wconf 88' lang='lat' dir='ltr'>considere</span> 
     </span>
     <span class='ocr_line' id='line_1_4' title="bbox 162 319 1787 378; baseline -0.005 -1"><span class='ocrx_word' id='word_1_20' title='bbox 162 325 343 378; x_wconf 81' lang='lat' dir='ltr'>iussit.</span> <span class='ocrx_word' id='word_1_21' title='bbox 419 330 660 376; x_wconf 86' lang='lat' dir='ltr'>ceterum</span> <span class='ocrx_word' id='word_1_22' title='bbox 698 325 752 374; x_wconf 89' lang='lat' dir='ltr'>et</span> <span class='ocrx_word' id='word_1_23' title='bbox 786 332 887 374; x_wconf 85' lang='lat' dir='ltr'>rex</span> <span class='ocrx_word' id='word_1_24' title='bbox 923 329 975 373; x_wconf 87' lang='lat' dir='ltr'>et</span> <span class='ocrx_word' id='word_1_25' title='bbox 1018 321 1289 374; x_wconf 88' lang='lat' dir='ltr'>barbarus</span> <span class='ocrx_word' id='word_1_26' title='bbox 1329 319 1503 372; x_wconf 87' lang='lat' dir='ltr'>atroci</span> <span class='ocrx_word' id='word_1_27' title='bbox 1539 335 1603 369; x_wconf 89' lang='lat' dir='ltr'>ac</span> <span class='ocrx_word' id='word_1_28' title='bbox 1639 335 1787 371; x_wconf 86' lang='lat' dir='ltr'>noua</span> 
     </span>
     <span class='ocr_line' id='line_1_5' title="bbox 131 389 1787 516; baseline -0.005 -68"><span class='ocrx_word' id='word_1_29' title='bbox 131 404 360 516; x_wconf 49' lang='lat' dir='ltr'>*poenai</span> <span class='ocrx_word' id='word_1_30' title='bbox 365 394 564 448; x_wconf 88' lang='lat' dir='ltr'>iudicis</span> <span class='ocrx_word' id='word_1_31' title='bbox 601 412 668 445; x_wconf 92' lang='lat' dir='ltr'>ne</span> <span class='ocrx_word' id='word_1_32' title='bbox 705 392 826 463; x_wconf 88' lang='lat' dir='ltr'>quis</span> <span class='ocrx_word' id='word_1_33' title='bbox 862 400 1055 463; x_wconf 87' lang='lat' dir='ltr'>postea</span> <span class='ocrx_word' id='word_1_34' title='bbox 1091 390 1370 461; x_wconf 88' lang='lat' dir='ltr'>corrumpi</span> <span class='ocrx_word' id='word_1_35' title='bbox 1405 389 1575 442; x_wconf 80' lang='lat' dir='ltr'>iudex</span> <span class='ocrx_word' id='word_1_36' title='bbox 1598 394 1787 460; x_wconf 82' lang='lat' dir='ltr'>posset</span> 
     </span>
     <span class='ocr_line' id='line_1_6' title="bbox 163 465 422 536; baseline 0.012 -21"><span class='ocrx_word' id='word_1_37' title='bbox 163 466 323 536; x_wconf 86' lang='lat' dir='ltr'>proui</span> <span class='ocrx_word' id='word_1_38' title='bbox 363 465 422 518; x_wconf 89' lang='lat' dir='ltr'>it.</span> 
     </span>
    </p>
   </div>
   <div class='ocr_carea' id='block_1_4' title="bbox 340 604 1874 659">
    <p class='ocr_par' dir='ltr' id='par_1_4' title="bbox 340 604 1874 659">
     <span class='ocr_line' id='line_1_7' title="bbox 340 604 1874 659; baseline -0.004 -1"><span class='ocrx_word' id='word_1_39' title='bbox 340 604 478 659; x_wconf 88' lang='lat' dir='ltr'><strong>IIII.</strong></span> <span class='ocrx_word' id='word_1_40' title='bbox 531 607 896 657; x_wconf 81' lang='lat' dir='ltr'><em>GRAVITER</em></span> <span class='ocrx_word' id='word_1_41' title='bbox 934 606 1144 655; x_wconf 80' lang='lat' dir='ltr'><em>DICTA</em></span> <span class='ocrx_word' id='word_1_42' title='bbox 1180 605 1332 655; x_wconf 85' lang='lat' dir='ltr'>AVT</span> <span class='ocrx_word' id='word_1_43' title='bbox 1364 605 1605 655; x_wconf 84' lang='lat' dir='ltr'><em>FACTA.</em></span> <span class='ocrx_word' id='word_1_44' title='bbox 1810 611 1830 644; x_wconf 89' lang='lat'>5</span> <span class='ocrx_word' id='word_1_45' title='bbox 1862 636 1874 643; x_wconf 37' lang='lat' dir='ltr'>x</span> 
     </span>
    </p>
   </div>
   <div class='ocr_carea' id='block_1_5' title="bbox 120 700 1881 2114">
    <p class='ocr_par' dir='ltr' id='par_1_5' title="bbox 162 700 1853 1127">
     <span class='ocr_line' id='line_1_8' title="bbox 269 700 1786 773; baseline -0.003 -17"><span class='ocrx_word' id='word_1_46' title='bbox 269 703 532 772; x_wconf 84' lang='lat' dir='ltr'>Magnam</span> <span class='ocrx_word' id='word_1_47' title='bbox 569 712 622 756; x_wconf 89' lang='lat' dir='ltr'>et</span> <span class='ocrx_word' id='word_1_48' title='bbox 657 704 861 756; x_wconf 85' lang='lat' dir='ltr'><strong>bonam</strong></span> <span class='ocrx_word' id='word_1_49' title='bbox 895 701 1076 770; x_wconf 86' lang='lat' dir='ltr'>laudis</span> <span class='ocrx_word' id='word_1_50' title='bbox 1114 710 1331 773; x_wconf 84' lang='lat' dir='ltr'>partem</span> <span class='ocrx_word' id='word_1_51' title='bbox 1366 701 1424 752; x_wconf 93' lang='lat' dir='ltr'>in</span> <span class='ocrx_word' id='word_1_52' title='bbox 1461 701 1623 755; x_wconf 86' lang='lat' dir='ltr'>claris</span> <span class='ocrx_word' id='word_1_53' title='bbox 1650 700 1786 753; x_wconf 90' lang='lat' dir='ltr'>uiris</span> 
     </span>
     <span class='ocr_line' id='line_1_9' title="bbox 165 772 1786 845; baseline -0.004 -17"><span class='ocrx_word' id='word_1_54' title='bbox 165 775 332 828; x_wconf 90' lang='lat' dir='ltr'>etiam</span> <span class='ocrx_word' id='word_1_55' title='bbox 358 773 455 826; x_wconf 91' lang='lat' dir='ltr'>illa</span> <span class='ocrx_word' id='word_1_56' title='bbox 479 773 796 840; x_wconf 88' lang='lat' dir='ltr'>uindicant‚</span> <span class='ocrx_word' id='word_1_57' title='bbox 834 791 974 845; x_wconf 90' lang='lat' dir='ltr'>quae</span> <span class='ocrx_word' id='word_1_58' title='bbox 1012 781 1107 826; x_wconf 89' lang='lat' dir='ltr'>aut</span> <span class='ocrx_word' id='word_1_59' title='bbox 1143 773 1213 826; x_wconf 88' lang='lat' dir='ltr'>ab</span> <span class='ocrx_word' id='word_1_60' title='bbox 1248 772 1334 824; x_wconf 92' lang='lat' dir='ltr'>his</span> <span class='ocrx_word' id='word_1_61' title='bbox 1363 772 1513 826; x_wconf 89' lang='lat' dir='ltr'>dicta</span> <span class='ocrx_word' id='word_1_62' title='bbox 1541 772 1786 841; x_wconf 83' lang='lat' dir='ltr'>grauiter</span> 
     </span>
     <span class='ocr_line' id='line_1_10' title="bbox 165 843 1786 915; baseline -0.002 -17"><span class='ocrx_word' id='word_1_63' title='bbox 165 854 260 898; x_wconf 87' lang='lat' dir='ltr'>aut</span> <span class='ocrx_word' id='word_1_64' title='bbox 292 845 443 898; x_wconf 87' lang='lat' dir='ltr'>facta</span> <span class='ocrx_word' id='word_1_65' title='bbox 468 845 738 915; x_wconf 74' lang='lat' dir='ltr'>‘pertinax</span> <span class='ocrx_word' id='word_1_66' title='bbox 763 845 1026 898; x_wconf 90' lang='lat' dir='ltr'>memoria</span> <span class='ocrx_word' id='word_1_67' title='bbox 1059 844 1273 897; x_wconf 87' lang='lat' dir='ltr'>uiribus</span> <span class='ocrx_word' id='word_1_68' title='bbox 1304 843 1537 896; x_wconf 89' lang='lat' dir='ltr'>aeternis</span> <span class='ocrx_word' id='word_1_69' title='bbox 1562 860 1786 913; x_wconf 87' lang='lat' dir='ltr'>conpre-</span> 
     </span>
     <span class='ocr_line' id='line_1_11' title="bbox 162 913 1787 986; baseline -0.002 -19"><span class='ocrx_word' id='word_1_70' title='bbox 162 915 373 969; x_wconf 87' lang='lat' dir='ltr'>hendit.</span> <span class='ocrx_word' id='word_1_71' title='bbox 425 932 657 986; x_wconf 90' lang='lat' dir='ltr'>quorum</span> <span class='ocrx_word' id='word_1_72' title='bbox 683 934 753 968; x_wconf 82' lang='lat' dir='ltr'>ex</span> <span class='ocrx_word' id='word_1_73' title='bbox 779 914 1084 968; x_wconf 85' lang='lat' dir='ltr'>abundanti</span> <span class='ocrx_word' id='word_1_74' title='bbox 1110 915 1269 985; x_wconf 88' lang='lat' dir='ltr'>copia</span> <span class='ocrx_word' id='word_1_75' title='bbox 1306 933 1406 967; x_wconf 91' lang='lat' dir='ltr'>nec</span> <span class='ocrx_word' id='word_1_76' title='bbox 1431 932 1599 985; x_wconf 88' lang='lat' dir='ltr'>parca</span> <span class='ocrx_word' id='word_1_77' title='bbox 1624 913 1787 965; x_wconf 90' lang='lat' dir='ltr'>nimis</span> 
     </span>
     <span class='ocr_line' id='line_1_12' title="bbox 163 984 1853 1055; baseline -0.004 -17"><span class='ocrx_word' id='word_1_78' title='bbox 163 990 266 1039; x_wconf 86' lang='lat' dir='ltr'>nec</span> <span class='ocrx_word' id='word_1_79' title='bbox 290 1004 479 1038; x_wconf 89' lang='lat' dir='ltr'>rursus</span> <span class='ocrx_word' id='word_1_80' title='bbox 508 986 675 1039; x_wconf 90' lang='lat' dir='ltr'>auida</span> <span class='ocrx_word' id='word_1_81' title='bbox 699 1005 865 1038; x_wconf 89' lang='lat' dir='ltr'>manu</span> <span class='ocrx_word' id='word_1_82' title='bbox 892 985 1036 1055; x_wconf 90' lang='lat' dir='ltr'>quod</span> <span class='ocrx_word' id='word_1_83' title='bbox 1063 985 1241 1054; x_wconf 85' lang='lat' dir='ltr'>magis</span> <span class='ocrx_word' id='word_1_84' title='bbox 1265 985 1539 1038; x_wconf 89' lang='lat' dir='ltr'>desiderio</span> <span class='ocrx_word' id='word_1_85' title='bbox 1569 984 1786 1038; x_wconf 89' lang='lat' dir='ltr'>satisfa-</span> <span class='ocrx_word' id='word_1_86' title='bbox 1811 1001 1853 1033; x_wconf 89' lang='lat'>10</span> 
     </span>
     <span class='ocr_line' id='line_1_13' title="bbox 169 1055 1374 1127; baseline -0.002 -18"><span class='ocrx_word' id='word_1_87' title='bbox 169 1057 281 1109; x_wconf 90' lang='lat' dir='ltr'>ciat</span> <span class='ocrx_word' id='word_1_88' title='bbox 308 1075 471 1127; x_wconf 88' lang='lat' dir='ltr'>quam</span> <span class='ocrx_word' id='word_1_89' title='bbox 499 1057 742 1109; x_wconf 78' lang='lat' dir='ltr'>satietati</span> <span class='ocrx_word' id='word_1_90' title='bbox 768 1055 1012 1109; x_wconf 82' lang='lat' dir='ltr'>abundet</span> <span class='ocrx_word' id='word_1_91' title='bbox 1037 1055 1374 1107; x_wconf 82' lang='lat' dir='ltr'>hauriamus.</span> 
     </span>
    </p>

    <p class='ocr_par' dir='ltr' id='par_1_6' title="bbox 120 1125 1881 2114">
     <span class='ocr_line' id='line_1_14' title="bbox 276 1125 1881 1196; baseline -0.001 -18"><span class='ocrx_word' id='word_1_92' title='bbox 276 1127 322 1180; x_wconf 89' lang='grc'>1.</span> <span class='ocrx_word' id='word_1_93' title='bbox 365 1125 606 1187; x_wconf 80' lang='lat' dir='ltr'>Ciuitate</span> <span class='ocrx_word' id='word_1_94' title='bbox 631 1136 826 1181; x_wconf 87' lang='lat' dir='ltr'>nostra</span> <span class='ocrx_word' id='word_1_95' title='bbox 853 1125 1129 1179; x_wconf 82' lang='lat' dir='ltr'>Cannensi</span> <span class='ocrx_word' id='word_1_96' title='bbox 1155 1126 1311 1179; x_wconf 87' lang='lat' dir='ltr'>clade</span> <span class='ocrx_word' id='word_1_97' title='bbox 1350 1125 1628 1196; x_wconf 88' lang='lat' dir='ltr'>perculsa,</span> <span class='ocrx_word' id='word_1_98' title='bbox 1666 1144 1790 1178; x_wconf 93' lang='lat' dir='ltr'>cum</span> <span class='ocrx_word' id='word_1_99' title='bbox 1877 1156 1881 1159; x_wconf 90' lang='lat'><strong>·</strong></span> 
     </span>
     <span class='ocr_line' id='line_1_15' title="bbox 165 1195 1791 1267; baseline -0.001 -18"><span class='ocrx_word' id='word_1_100' title='bbox 165 1197 461 1266; x_wconf 80' lang='lat' dir='ltr'>admodum</span> <span class='ocrx_word' id='word_1_101' title='bbox 499 1198 650 1250; x_wconf 85' lang='lat' dir='ltr'>tenui</span> <span class='ocrx_word' id='word_1_102' title='bbox 687 1197 777 1249; x_wconf 94' lang='lat' dir='ltr'>filo</span> <span class='ocrx_word' id='word_1_103' title='bbox 817 1215 1085 1267; x_wconf 87' lang='lat' dir='ltr'>suspensa</span> <span class='ocrx_word' id='word_1_104' title='bbox 1119 1198 1197 1250; x_wconf 88' lang='lat' dir='ltr'>rei</span> <span class='ocrx_word' id='word_1_105' title='bbox 1243 1196 1499 1267; x_wconf 89' lang='lat' dir='ltr'>publicae</span> <span class='ocrx_word' id='word_1_106' title='bbox 1535 1195 1681 1249; x_wconf 91' lang='lat' dir='ltr'>salus</span> <span class='ocrx_word' id='word_1_107' title='bbox 1720 1214 1791 1248; x_wconf 82' lang='lat' dir='ltr'>ex</span> 
     </span>
     <span class='ocr_line' id='line_1_16' title="bbox 167 1267 1792 1339; baseline -0.001 -19"><span class='ocrx_word' id='word_1_108' title='bbox 167 1269 437 1320; x_wconf 87' lang='lat' dir='ltr'>sociorum</span> <span class='ocrx_word' id='word_1_109' title='bbox 462 1268 570 1320; x_wconf 92' lang='lat' dir='ltr'>fide</span> <span class='ocrx_word' id='word_1_110' title='bbox 595 1268 876 1339; x_wconf 85' lang='lat' dir='ltr'>penderet,</span> <span class='ocrx_word' id='word_1_111' title='bbox 904 1276 966 1320; x_wconf 91' lang='lat' dir='ltr'>ut</span> <span class='ocrx_word' id='word_1_112' title='bbox 991 1285 1177 1320; x_wconf 91' lang='lat' dir='ltr'>eorum</span> <span class='ocrx_word' id='word_1_113' title='bbox 1203 1268 1374 1320; x_wconf 87' lang='lat' dir='ltr'>animi</span> <span class='ocrx_word' id='word_1_114' title='bbox 1400 1268 1472 1320; x_wconf 90' lang='lat' dir='ltr'>ad</span> <span class='ocrx_word' id='word_1_115' title='bbox 1493 1267 1792 1338; x_wconf 84' lang='lat' dir='ltr'>imperium</span> 
     </span>
     <span class='ocr_line' id='line_1_17' title="bbox 163 1337 1852 1408; baseline -0.001 -18"><span class='ocrx_word' id='word_1_116' title='bbox 163 1337 475 1392; x_wconf 87' lang='lat' dir='ltr'>Romanum</span> <span class='ocrx_word' id='word_1_117' title='bbox 496 1338 761 1391; x_wconf 88' lang='lat' dir='ltr'>tuendum</span> <span class='ocrx_word' id='word_1_118' title='bbox 781 1338 1186 1401; x_wconf 40' lang='lat' dir='ltr'>constantiores,</span> <span class='ocrx_word' id='word_1_119' title='bbox 1204 1346 1404 1406; x_wconf 85' lang='lat' dir='ltr'>essent,</span> <span class='ocrx_word' id='word_1_120' title='bbox 1425 1339 1623 1392; x_wconf 91' lang='lat' dir='ltr'>maiori</span> <span class='ocrx_word' id='word_1_121' title='bbox 1640 1338 1788 1408; x_wconf 89' lang='lat' dir='ltr'>parti</span> <span class='ocrx_word' id='word_1_122' title='bbox 1811 1352 1852 1386; x_wconf 86' lang='lat'>15</span> 
     </span>
     <span class='ocr_line' id='line_1_18' title="bbox 165 1408 1789 1480; baseline -0.002 -19"><span class='ocrx_word' id='word_1_123' title='bbox 165 1416 384 1462; x_wconf 90' lang='lat' dir='ltr'>senatus</span> <span class='ocrx_word' id='word_1_124' title='bbox 406 1410 681 1480; x_wconf 87' lang='lat' dir='ltr'>principes</span> <span class='ocrx_word' id='word_1_125' title='bbox 695 1409 1023 1462; x_wconf 89' lang='lat' dir='ltr'>Latinorum</span> <span class='ocrx_word' id='word_1_126' title='bbox 1042 1409 1099 1460; x_wconf 91' lang='lat' dir='ltr'>in</span> <span class='ocrx_word' id='word_1_127' title='bbox 1121 1409 1371 1462; x_wconf 89' lang='lat' dir='ltr'>ordinem</span> <span class='ocrx_word' id='word_1_128' title='bbox 1395 1428 1552 1461; x_wconf 91' lang='lat' dir='ltr'>suum</span> <span class='ocrx_word' id='word_1_129' title='bbox 1573 1408 1789 1477; x_wconf 83' lang='lat' dir='ltr'>sublegi</span> 
     </span>
     <span class='ocr_line' id='line_1_19' title="bbox 120 1478 1792 1550; baseline 0.001 -20"><span class='ocrx_word' id='word_1_130' title='bbox 120 1480 446 1550; x_wconf 82' lang='lat' dir='ltr'>--placebat‚</span> <span class='ocrx_word' id='word_1_131' title='bbox 484 1480 701 1533; x_wconf 86' lang='lat' dir='ltr'>Annius</span> <span class='ocrx_word' id='word_1_132' title='bbox 741 1488 925 1533; x_wconf 90' lang='lat' dir='ltr'>autem</span> <span class='ocrx_word' id='word_1_133' title='bbox 962 1479 1274 1550; x_wconf 84' lang='lat' dir='ltr'>Campanus</span> <span class='ocrx_word' id='word_1_134' title='bbox 1314 1479 1478 1533; x_wconf 89' lang='lat' dir='ltr'>etiam</span> <span class='ocrx_word' id='word_1_135' title='bbox 1514 1478 1792 1532; x_wconf 83' lang='lat' dir='ltr'>consulem</span> 
     </span>
     <span class='ocr_line' id='line_1_20' title="bbox 166 1549 1789 1621; baseline 0 -20"><span class='ocrx_word' id='word_1_136' title='bbox 166 1549 399 1602; x_wconf 84' lang='lat' dir='ltr'>alterum</span> <span class='ocrx_word' id='word_1_137' title='bbox 436 1550 628 1621; x_wconf 82' lang='lat' dir='ltr'>Capua</span> <span class='ocrx_word' id='word_1_138' title='bbox 664 1550 838 1604; x_wconf 87' lang='lat' dir='ltr'>creari</span> <span class='ocrx_word' id='word_1_139' title='bbox 876 1550 1075 1604; x_wconf 86' lang='lat' dir='ltr'>debere</span> <span class='ocrx_word' id='word_1_140' title='bbox 1113 1550 1505 1604; x_wconf 87' lang='lat' dir='ltr'>adseuerabat:</span> <span class='ocrx_word' id='word_1_141' title='bbox 1550 1552 1628 1603; x_wconf 88' lang='lat' dir='ltr'>sio</span> <span class='ocrx_word' id='word_1_142' title='bbox 1666 1568 1789 1602; x_wconf 93' lang='lat' dir='ltr'>con-</span> 
     </span>
     <span class='ocr_line' id='line_1_21' title="bbox 166 1621 1792 1692; baseline 0 -21"><span class='ocrx_word' id='word_1_143' title='bbox 166 1628 319 1672; x_wconf 85' lang='lat' dir='ltr'>tusus</span> <span class='ocrx_word' id='word_1_144' title='bbox 358 1629 413 1673; x_wconf 91' lang='lat' dir='ltr'>et</span> <span class='ocrx_word' id='word_1_145' title='bbox 449 1639 613 1690; x_wconf 82' lang='lat' dir='ltr'>aeger</span> <span class='ocrx_word' id='word_1_146' title='bbox 651 1621 884 1674; x_wconf 88' lang='lat' dir='ltr'>Romani</span> <span class='ocrx_word' id='word_1_147' title='bbox 921 1621 1139 1691; x_wconf 86' lang='lat' dir='ltr'>imperii</span> <span class='ocrx_word' id='word_1_148' title='bbox 1185 1621 1410 1692; x_wconf 86' lang='lat' dir='ltr'>spiritus</span> <span class='ocrx_word' id='word_1_149' title='bbox 1450 1630 1586 1674; x_wconf 87' lang='lat' dir='ltr'>erat.</span> <span class='ocrx_word' id='word_1_150' title='bbox 1659 1628 1792 1683; x_wconf 83' lang='lat' dir='ltr'>tunc</span> 
     </span>
     <span class='ocr_line' id='line_1_22' title="bbox 165 1689 1856 1761; baseline 0.001 -20"><span class='ocrx_word' id='word_1_151' title='bbox 165 1689 409 1743; x_wconf 85' lang='lat' dir='ltr'>Manlius</span> <span class='ocrx_word' id='word_1_152' title='bbox 439 1691 783 1760; x_wconf 82' lang='lat' dir='ltr'>Torquatus,</span> <span class='ocrx_word' id='word_1_153' title='bbox 821 1690 965 1742; x_wconf 88' lang='lat' dir='ltr'>filius</span> <span class='ocrx_word' id='word_1_154' title='bbox 995 1693 1108 1743; x_wconf 90' lang='lat' dir='ltr'>eius</span> <span class='ocrx_word' id='word_1_155' title='bbox 1138 1692 1229 1761; x_wconf 91' lang='lat' dir='ltr'>qui</span> <span class='ocrx_word' id='word_1_156' title='bbox 1255 1692 1484 1758; x_wconf 75' lang='lat' dir='ltr'>Latinos</span> <span class='ocrx_word' id='word_1_157' title='bbox 1512 1691 1660 1761; x_wconf 86' lang='lat' dir='ltr'>apud</span> <span class='ocrx_word' id='word_1_158' title='bbox 1685 1691 1790 1744; x_wconf 91' lang='lat' dir='ltr'>Ve-</span> <span class='ocrx_word' id='word_1_159' title='bbox 1815 1699 1856 1730; x_wconf 81' lang='lat'>20</span> 
     </span>
     <span class='ocr_line' id='line_1_23' title="bbox 174 1760 1792 1831; baseline 0 -19"><span class='ocrx_word' id='word_1_160' title='bbox 174 1761 336 1812; x_wconf 89' lang='lat' dir='ltr'>serim</span> <span class='ocrx_word' id='word_1_161' title='bbox 361 1760 550 1813; x_wconf 89' lang='lat' dir='ltr'>inclita</span> <span class='ocrx_word' id='word_1_162' title='bbox 574 1779 761 1831; x_wconf 86' lang='lat' dir='ltr'>pugna</span> <span class='ocrx_word' id='word_1_163' title='bbox 786 1760 1023 1827; x_wconf 74' lang='lat' dir='ltr'>fuderat,</span> <span class='ocrx_word' id='word_1_164' title='bbox 1052 1779 1215 1831; x_wconf 90' lang='lat' dir='ltr'>quam</span> <span class='ocrx_word' id='word_1_165' title='bbox 1240 1769 1457 1831; x_wconf 88' lang='lat' dir='ltr'>poterat</span> <span class='ocrx_word' id='word_1_166' title='bbox 1483 1760 1631 1812; x_wconf 88' lang='lat' dir='ltr'>clara</span> <span class='ocrx_word' id='word_1_167' title='bbox 1655 1779 1792 1813; x_wconf 91' lang='lat' dir='ltr'>uoce</span> 
     </span>
     <span class='ocr_line' id='line_1_24' title="bbox 173 1830 1792 1901; baseline 0 -19"><span class='ocrx_word' id='word_1_168' title='bbox 173 1830 536 1898; x_wconf 80' lang='lat' dir='ltr'>denuntiauit,</span> <span class='ocrx_word' id='word_1_169' title='bbox 565 1832 612 1883; x_wconf 90' lang='lat' dir='ltr'>si</span> <span class='ocrx_word' id='word_1_170' title='bbox 639 1831 760 1901; x_wconf 91' lang='lat' dir='ltr'>quis</span> <span class='ocrx_word' id='word_1_171' title='bbox 790 1832 1060 1883; x_wconf 88' lang='lat' dir='ltr'>sociorum</span> <span class='ocrx_word' id='word_1_172' title='bbox 1085 1832 1229 1884; x_wconf 88' lang='lat' dir='ltr'>inter</span> <span class='ocrx_word' id='word_1_173' title='bbox 1246 1838 1432 1901; x_wconf 86' lang='lat' dir='ltr'>patres</span> <span class='ocrx_word' id='word_1_174' title='bbox 1456 1830 1792 1900; x_wconf 86' lang='lat' dir='ltr'>conscriptos</span> 
     </span>
     <span class='ocr_line' id='line_1_25' title="bbox 172 1901 1792 1967; baseline -0.001 -14"><span class='ocrx_word' id='word_1_175' title='bbox 172 1902 499 1955; x_wconf 89' lang='lat' dir='ltr'>sententiam</span> <span class='ocrx_word' id='word_1_176' title='bbox 537 1901 718 1954; x_wconf 78' lang='lat' dir='ltr'>dicere</span> <span class='ocrx_word' id='word_1_177' title='bbox 754 1920 920 1955; x_wconf 88' lang='lat' dir='ltr'>ausus</span> <span class='ocrx_word' id='word_1_178' title='bbox 956 1910 1102 1955; x_wconf 92' lang='lat' dir='ltr'>esset</span> <span class='ocrx_word' id='word_1_179' title='bbox 1116 1941 1134 1967; x_wconf 87' lang='grc'>,.</span> <span class='ocrx_word' id='word_1_180' title='bbox 1178 1901 1434 1955; x_wconf 89' lang='lat' dir='ltr'>continuo</span> <span class='ocrx_word' id='word_1_181' title='bbox 1473 1919 1597 1954; x_wconf 92' lang='lat' dir='ltr'>eum</span> <span class='ocrx_word' id='word_1_182' title='bbox 1630 1901 1792 1962; x_wconf 76' lang='lat' dir='ltr'>inter-</span> 
     </span>
     <span class='ocr_line' id='line_1_26' title="bbox 171 1971 1791 2042; baseline -0.001 -18"><span class='ocrx_word' id='word_1_183' title='bbox 171 1980 499 2042; x_wconf 88' lang='lat' dir='ltr'>empturum.</span> <span class='ocrx_word' id='word_1_184' title='bbox 539 1972 642 2024; x_wconf 90' lang='lat' dir='ltr'>hae</span> <span class='ocrx_word' id='word_1_185' title='bbox 668 1973 831 2025; x_wconf 89' lang='lat' dir='ltr'>unius</span> <span class='ocrx_word' id='word_1_186' title='bbox 862 1973 1040 2024; x_wconf 90' lang='lat' dir='ltr'>minae</span> <span class='ocrx_word' id='word_1_187' title='bbox 1068 1979 1122 2024; x_wconf 89' lang='lat' dir='ltr'>et</span> <span class='ocrx_word' id='word_1_188' title='bbox 1134 1971 1510 2026; x_wconf 87' lang='lat' dir='ltr'>Romanorum</span> <span class='ocrx_word' id='word_1_189' title='bbox 1530 1971 1791 2040; x_wconf 85' lang='lat' dir='ltr'>languen-</span> 
     </span>
     <span class='ocr_line' id='line_1_27' title="bbox 170 2042 1856 2114; baseline -0.001 -19"><span class='ocrx_word' id='word_1_190' title='bbox 170 2042 318 2095; x_wconf 90' lang='lat' dir='ltr'>tibus</span> <span class='ocrx_word' id='word_1_191' title='bbox 358 2042 555 2095; x_wconf 91' lang='lat' dir='ltr'>animis</span> <span class='ocrx_word' id='word_1_192' title='bbox 592 2043 829 2096; x_wconf 87' lang='lat' dir='ltr'>calorem</span> <span class='ocrx_word' id='word_1_193' title='bbox 863 2044 1157 2114; x_wconf 88' lang='lat' dir='ltr'>pristinum</span> <span class='ocrx_word' id='word_1_194' title='bbox 1194 2042 1554 2095; x_wconf 87' lang='lat' dir='ltr'>reddiderunt</span> <span class='ocrx_word' id='word_1_195' title='bbox 1592 2050 1645 2095; x_wconf 92' lang='lat' dir='ltr'>et</span> <span class='ocrx_word' id='word_1_196' title='bbox 1680 2042 1789 2094; x_wconf 78' lang='lat' dir='ltr'>Ita-</span> <span class='ocrx_word' id='word_1_197' title='bbox 1816 2054 1856 2086; x_wconf 82' lang='lat'>25</span> 
     </span>
    </p>
   </div>
   <div class='ocr_carea' id='block_1_6' title="bbox 171 2175 1908 2655">
    <p class='ocr_par' dir='ltr' id='par_1_7' title="bbox 171 2175 1908 2291">
     <span class='ocr_line' id='line_1_28' title="bbox 171 2175 1908 2236; baseline 0 -16"><span class='ocrx_word' id='word_1_198' title='bbox 171 2175 421 2221; x_wconf 80' lang='lat' dir='ltr'>detractam</span> <span class='ocrx_word' id='word_1_199' title='bbox 458 2175 595 2222; x_wconf 86' lang='lat' dir='ltr'>sellae</span> <span class='ocrx_word' id='word_1_200' title='bbox 621 2177 818 2222; x_wconf 83' lang='lat' dir='ltr'>intendit</span> <span class='ocrx_word' id='word_1_201' title='bbox 854 2178 899 2221; x_wconf 91' lang='lat' dir='ltr'>in</span> <span class='ocrx_word' id='word_1_202' title='bbox 937 2190 1081 2236; x_wconf 80' lang='lat' dir='ltr'>eaque</span> <span class='ocrx_word' id='word_1_203' title='bbox 1118 2175 1261 2222; x_wconf 86' lang='lat' dir='ltr'>filium</span> <span class='ocrx_word' id='word_1_204' title='bbox 1297 2176 1602 2222; x_wconf 79' lang='lat' dir='ltr'>iudicaturum</span> <span class='ocrx_word' id='word_1_205' title='bbox 1631 2175 1789 2220; x_wconf 88' lang='lat' dir='ltr'>sedere</span> <span class='ocrx_word' id='word_1_206' title='bbox 1814 2178 1908 2213; x_wconf 78' lang='lat' dir='ltr'>Par.</span> 
     </span>
     <span class='ocr_line' id='line_1_29' title="bbox 174 2242 671 2291; baseline 0 -1"><span class='ocrx_word' id='word_1_207' title='bbox 174 2246 325 2291; x_wconf 87' lang='lat' dir='ltr'>iussit.</span> <span class='ocrx_word' id='word_1_208' title='bbox 648 2242 671 2290; x_wconf 61' lang='grc' dir='ltr'><strong><em>Ῐ</em></strong></span> 
     </span>
    </p>

    <p class='ocr_par' dir='ltr' id='par_1_8' title="bbox 173 2314 1857 2655">
     <span class='ocr_line' id='line_1_30' title="bbox 235 2314 1792 2372; baseline 0 -12"><span class='ocrx_word' id='word_1_209' title='bbox 235 2369 239 2372; x_wconf 13' lang='grc' dir='ltr'><strong><em>ν</em></strong></span> <span class='ocrx_word' id='word_1_210' title='bbox 280 2315 628 2361; x_wconf 84' lang='lat' dir='ltr'><strong><em>GRAVITER</em></strong></span> <span class='ocrx_word' id='word_1_211' title='bbox 665 2316 867 2362; x_wconf 84' lang='lat' dir='ltr'><em>DICTA</em></span> <span class='ocrx_word' id='word_1_212' title='bbox 905 2314 1048 2362; x_wconf 84' lang='lat' dir='ltr'>AVT</span> <span class='ocrx_word' id='word_1_213' title='bbox 1078 2316 1306 2366; x_wconf 89' lang='lat' dir='ltr'><em>FACTA.</em></span> <span class='ocrx_word' id='word_1_214' title='bbox 1377 2319 1415 2360; x_wconf 93' lang='grc'>1.</span> <span class='ocrx_word' id='word_1_215' title='bbox 1454 2317 1564 2362; x_wconf 87' lang='lat' dir='ltr'>Post</span> <span class='ocrx_word' id='word_1_216' title='bbox 1591 2316 1792 2361; x_wconf 84' lang='lat' dir='ltr'>Cannen-</span> 
     </span>
     <span class='ocr_line' id='line_1_31' title="bbox 176 2384 1791 2447; baseline 0.001 -19"><span class='ocrx_word' id='word_1_217' title='bbox 176 2398 268 2429; x_wconf 85' lang='lat' dir='ltr'>sem</span> <span class='ocrx_word' id='word_1_218' title='bbox 316 2385 484 2431; x_wconf 81' lang='lat' dir='ltr'>cladem</span> <span class='ocrx_word' id='word_1_219' title='bbox 535 2400 752 2446; x_wconf 87' lang='lat' dir='ltr'>suspensa</span> <span class='ocrx_word' id='word_1_220' title='bbox 789 2400 839 2431; x_wconf 90' lang='lat' dir='ltr'>re</span> <span class='ocrx_word' id='word_1_221' title='bbox 875 2402 921 2447; x_wconf 88' lang='lat' dir='ltr'>p.</span> <span class='ocrx_word' id='word_1_222' title='bbox 961 2386 1148 2432; x_wconf 80' lang='lat' dir='ltr'>senatus</span> <span class='ocrx_word' id='word_1_223' title='bbox 1185 2384 1491 2432; x_wconf 56' lang='lat' dir='ltr'>decreuit‘uti</span> <span class='ocrx_word' id='word_1_224' title='bbox 1526 2386 1791 2432; x_wconf 86' lang='lat' dir='ltr'>Latinorum</span> 
     </span>
     <span class='ocr_line' id='line_1_32' title="bbox 174 2455 1857 2516; baseline 0.001 -18"><span class='ocrx_word' id='word_1_225' title='bbox 174 2455 404 2514; x_wconf 86' lang='lat' dir='ltr'>principes</span> <span class='ocrx_word' id='word_1_226' title='bbox 430 2457 476 2500; x_wconf 89' lang='lat' dir='ltr'>in</span> <span class='ocrx_word' id='word_1_227' title='bbox 504 2456 707 2500; x_wconf 87' lang='lat' dir='ltr'>ordinem</span> <span class='ocrx_word' id='word_1_228' title='bbox 734 2456 1098 2516; x_wconf 84' lang='lat' dir='ltr'>sublegerentur.</span> <span class='ocrx_word' id='word_1_229' title='bbox 1161 2457 1242 2501; x_wconf 90' lang='lat' dir='ltr'>sed</span> <span class='ocrx_word' id='word_1_230' title='bbox 1278 2471 1380 2502; x_wconf 90' lang='lat' dir='ltr'>cum</span> <span class='ocrx_word' id='word_1_231' title='bbox 1407 2458 1579 2502; x_wconf 89' lang='lat' dir='ltr'>Annius</span> <span class='ocrx_word' id='word_1_232' title='bbox 1607 2456 1792 2516; x_wconf 82' lang='lat' dir='ltr'>Campa·</span> <span class='ocrx_word' id='word_1_233' title='bbox 1815 2462 1857 2494; x_wconf 85' lang='lat'>30</span> 
     </span>
     <span class='ocr_line' id='line_1_33' title="bbox 175 2524 1794 2586; baseline 0.001 -17"><span class='ocrx_word' id='word_1_234' title='bbox 175 2538 261 2569; x_wconf 89' lang='lat' dir='ltr'>nus</span> <span class='ocrx_word' id='word_1_235' title='bbox 289 2524 522 2570; x_wconf 85' lang='lat' dir='ltr'>consulem</span> <span class='ocrx_word' id='word_1_236' title='bbox 551 2527 735 2586; x_wconf 87' lang='lat' dir='ltr'>quoque</span> <span class='ocrx_word' id='word_1_237' title='bbox 763 2540 902 2571; x_wconf 90' lang='lat' dir='ltr'>unum</span> <span class='ocrx_word' id='word_1_238' title='bbox 923 2526 1071 2586; x_wconf 81' lang='lat' dir='ltr'>Capua</span> <span class='ocrx_word' id='word_1_239' title='bbox 1098 2528 1239 2572; x_wconf 83' lang='lat' dir='ltr'>creari</span> <span class='ocrx_word' id='word_1_240' title='bbox 1269 2526 1433 2571; x_wconf 88' lang='lat' dir='ltr'>dehere</span> <span class='ocrx_word' id='word_1_241' title='bbox 1461 2527 1644 2577; x_wconf 85' lang='lat' dir='ltr'>diceret,</span> <span class='ocrx_word' id='word_1_242' title='bbox 1672 2526 1794 2571; x_wconf 79' lang='lat' dir='ltr'>Man-</span> 
     </span>
     <span class='ocr_line' id='line_1_34' title="bbox 173 2592 1791 2655; baseline 0.001 -16"><span class='ocrx_word' id='word_1_243' title='bbox 173 2594 262 2640; x_wconf 90' lang='lat' dir='ltr'>lius</span> <span class='ocrx_word' id='word_1_244' title='bbox 290 2592 548 2654; x_wconf 73' lang='lat' dir='ltr'>Torquatus</span> <span class='ocrx_word' id='word_1_245' title='bbox 585 2595 703 2640; x_wconf 89' lang='lat' dir='ltr'>filius</span> <span class='ocrx_word' id='word_1_246' title='bbox 742 2596 863 2646; x_wconf 87' lang='lat' dir='ltr'>eius,</span> <span class='ocrx_word' id='word_1_247' title='bbox 906 2598 982 2655; x_wconf 92' lang='lat' dir='ltr'>qui</span> <span class='ocrx_word' id='word_1_248' title='bbox 1018 2595 1204 2641; x_wconf 79' lang='lat' dir='ltr'>Latinos</span> <span class='ocrx_word' id='word_1_249' title='bbox 1242 2596 1359 2655; x_wconf 79' lang='lat' dir='ltr'>apud</span> <span class='ocrx_word' id='word_1_250' title='bbox 1386 2596 1589 2641; x_wconf 86' lang='lat' dir='ltr'>Veserim</span> <span class='ocrx_word' id='word_1_251' title='bbox 1625 2595 1791 2655; x_wconf 81' lang='lat' dir='ltr'>inclyta</span> 
     </span>
    </p>
   </div>
   <div class='ocr_carea' id='block_1_7' title="bbox 175 2717 1793 2996">
    <p class='ocr_par' dir='ltr' id='par_1_9' title="bbox 175 2717 1793 2944">
     <span class='ocr_line' id='line_1_35' title="bbox 292 2717 1793 2770; baseline 0.002 -14"><span class='ocrx_word' id='word_1_252' title='bbox 292 2719 314 2756; x_wconf 89' lang='lat'>1</span> <span class='ocrx_word' id='word_1_253' title='bbox 359 2717 578 2758; x_wconf 82' lang='lat' dir='ltr'>intitendi</span> <span class='ocrx_word' id='word_1_254' title='bbox 598 2718 655 2770; x_wconf 90' lang='lat' dir='ltr'>B,</span> <span class='ocrx_word' id='word_1_255' title='bbox 679 2718 876 2758; x_wconf 82' lang='lat' dir='ltr'>intendit</span> <span class='ocrx_word' id='word_1_256' title='bbox 897 2719 920 2758; x_wconf 83' lang='lat' dir='ltr'><strong><em>b</em></strong></span> <span class='ocrx_word' id='word_1_257' title='bbox 999 2721 1030 2759; x_wconf 76' lang='lat'>3·</span> <span class='ocrx_word' id='word_1_258' title='bbox 1066 2717 1232 2758; x_wconf 88' lang='lat' dir='ltr'>iudicis</span> <span class='ocrx_word' id='word_1_259' title='bbox 1253 2717 1296 2757; x_wconf 90' lang='lat' dir='ltr'><em>B</em></span> <span class='ocrx_word' id='word_1_260' title='bbox 1318 2731 1432 2760; x_wconf 80' lang='lat' dir='ltr'>corr.</span> <span class='ocrx_word' id='word_1_261' title='bbox 1456 2731 1513 2759; x_wconf 78' lang='lat' dir='ltr'>ex</span> <span class='ocrx_word' id='word_1_262' title='bbox 1535 2717 1697 2759; x_wconf 87' lang='lat' dir='ltr'>iudicii</span> <span class='ocrx_word' id='word_1_263' title='bbox 1767 2721 1793 2759; x_wconf 79' lang='lat'>5</span> 
     </span>
     <span class='ocr_line' id='line_1_36' title="bbox 175 2766 1791 2817; baseline 0.001 -4"><span class='ocrx_word' id='word_1_264' title='bbox 175 2772 486 2814; x_wconf 83' lang='lat' dir='ltr'>GRAVITER</span> <span class='ocrx_word' id='word_1_265' title='bbox 505 2797 562 2803; x_wconf 93' lang='lat'>—</span> <span class='ocrx_word' id='word_1_266' title='bbox 583 2774 788 2815; x_wconf 73' lang='lat' dir='ltr'>FACTA</span> <span class='ocrx_word' id='word_1_267' title='bbox 810 2775 852 2814; x_wconf 90' lang='lat' dir='ltr'><em>B</em></span> <span class='ocrx_word' id='word_1_268' title='bbox 869 2777 911 2815; x_wconf 82' lang='lat' dir='ltr'>in</span> <span class='ocrx_word' id='word_1_269' title='bbox 931 2788 1020 2817; x_wconf 80' lang='lat' dir='ltr'>ras.</span> <span class='ocrx_word' id='word_1_270' title='bbox 1083 2776 1132 2814; x_wconf 85' lang='lat'>11</span> <span class='ocrx_word' id='word_1_271' title='bbox 1158 2774 1390 2815; x_wconf 79' lang='lat' dir='ltr'>satietate</span> <span class='ocrx_word' id='word_1_272' title='bbox 1405 2766 1565 2815; x_wconf 80' lang='lat' dir='ltr'><em>CDEF</em></span> <span class='ocrx_word' id='word_1_273' title='bbox 1621 2776 1673 2815; x_wconf 89' lang='lat'>13</span> <span class='ocrx_word' id='word_1_274' title='bbox 1696 2774 1791 2814; x_wconf 88' lang='lat' dir='ltr'>filio</span> 
     </span>
     <span class='ocr_line' id='line_1_37' title="bbox 176 2824 1792 2884; baseline 0.001 -16"><span class='ocrx_word' id='word_1_275' title='bbox 176 2829 217 2868; x_wconf 93' lang='lat' dir='ltr'><em>B</em></span> <span class='ocrx_word' id='word_1_276' title='bbox 240 2835 337 2870; x_wconf 82' lang='lat' dir='ltr'>ante</span> <span class='ocrx_word' id='word_1_277' title='bbox 358 2844 448 2873; x_wconf 80' lang='lat' dir='ltr'>ras.</span> <span class='ocrx_word' id='word_1_278' title='bbox 511 2832 564 2871; x_wconf 90' lang='grc'>14</span> <span class='ocrx_word' id='word_1_279' title='bbox 587 2831 805 2871; x_wconf 84' lang='lat' dir='ltr'>sotiorum</span> <span class='ocrx_word' id='word_1_280' title='bbox 826 2824 881 2870; x_wconf 92' lang='lat' dir='ltr'>B&#39;</span> <span class='ocrx_word' id='word_1_281' title='bbox 951 2832 1003 2871; x_wconf 82' lang='lat'>16</span> <span class='ocrx_word' id='word_1_282' title='bbox 1025 2831 1242 2884; x_wconf 82' lang='lat' dir='ltr'>princeps</span> <span class='ocrx_word' id='word_1_283' title='bbox 1264 2824 1321 2870; x_wconf 85' lang='lat' dir='ltr'>B&#39;</span> <span class='ocrx_word' id='word_1_284' title='bbox 1391 2833 1443 2872; x_wconf 83' lang='lat'>17</span> <span class='ocrx_word' id='word_1_285' title='bbox 1467 2832 1600 2872; x_wconf 87' lang='lat' dir='ltr'>anius</span> <span class='ocrx_word' id='word_1_286' title='bbox 1623 2824 1678 2870; x_wconf 89' lang='lat' dir='ltr'>B&#39;</span> <span class='ocrx_word' id='word_1_287' title='bbox 1740 2833 1792 2871; x_wconf 89' lang='lat'>18</span> 
     </span>
     <span class='ocr_line' id='line_1_38' title="bbox 177 2879 1791 2944; baseline 0.002 -20"><span class='ocrx_word' id='word_1_288' title='bbox 177 2883 336 2938; x_wconf 82' lang='lat' dir='ltr'>Capua</span> <span class='ocrx_word' id='word_1_289' title='bbox 358 2888 419 2926; x_wconf 90' lang='lat' dir='ltr'>P:</span> <span class='ocrx_word' id='word_1_290' title='bbox 452 2899 604 2944; x_wconf 60' lang='lat' dir='ltr'>capue</span> <span class='ocrx_word' id='word_1_291' title='bbox 624 2887 667 2927; x_wconf 87' lang='lat' dir='ltr'><em>B</em></span> <span class='ocrx_word' id='word_1_292' title='bbox 726 2889 780 2928; x_wconf 78' lang='lat'>20</span> <span class='ocrx_word' id='word_1_293' title='bbox 801 2889 1026 2928; x_wconf 86' lang='lat' dir='ltr'>uesserim</span> <span class='ocrx_word' id='word_1_294' title='bbox 1048 2887 1091 2926; x_wconf 92' lang='lat' dir='ltr'><em>B</em></span> <span class='ocrx_word' id='word_1_295' title='bbox 1151 2889 1204 2929; x_wconf 81' lang='lat'>23</span> <span class='ocrx_word' id='word_1_296' title='bbox 1227 2901 1274 2929; x_wconf 89' lang='lat' dir='ltr'>se</span> <span class='ocrx_word' id='word_1_297' title='bbox 1298 2901 1399 2928; x_wconf 88' lang='lat' dir='ltr'>eum</span> <span class='ocrx_word' id='word_1_298' title='bbox 1422 2888 1485 2928; x_wconf 84' lang='lat' dir='ltr'>Pb</span> <span class='ocrx_word' id='word_1_299' title='bbox 1531 2889 1586 2927; x_wconf 82' lang='lat'>24</span> <span class='ocrx_word' id='word_1_300' title='bbox 1606 2879 1791 2928; x_wconf 72' lang='lat' dir='ltr'>hae‘cB&#39;</span> 
     </span>
    </p>

    <p class='ocr_par' dir='ltr' id='par_1_10' title="bbox 289 2943 1237 2996">
     <span class='ocr_line' id='line_1_39' title="bbox 289 2943 1237 2996; baseline 0.002 -14"><span class='ocrx_word' id='word_1_301' title='bbox 289 2944 343 2982; x_wconf 87' lang='lat'>30</span> <span class='ocrx_word' id='word_1_302' title='bbox 365 2943 708 2996; x_wconf 85' lang='lat' dir='ltr'>subligerentur</span> <span class='ocrx_word' id='word_1_303' title='bbox 738 2943 780 2983; x_wconf 88' lang='lat' dir='ltr'><em>V</em></span> <span class='ocrx_word' id='word_1_304' title='bbox 1223 2968 1237 2971; x_wconf 90' lang='lat'>-</span> 
     </span>
    </p>
   </div>
  </div>
 </body>
</html>
