1878 3100
736 152 1059 200 PRAEFATIO.
1634 152 1727 198 xlx
1745 155 1758 162 ’

88 297 341 361 scriptum
367 295 527 343 fuisse
559 290 787 355 proprie,
827 294 859 341 i.
902 310 943 341 e.
974 308 1068 353 pro
1089 297 1283 353 patria,
1324 299 1376 341 et
1412 292 1723 357 compendio

90 385 199 416 non
225 366 490 416 intellecto
518 365 742 413 litteram
761 378 786 411 e
804 363 1038 412 additam
1059 380 1187 424 esse,
1215 370 1270 412 ut
1294 364 1478 412 saltem
1499 362 1723 411 uocabu-

90 439 199 487 lum
225 437 433 486 adesset
457 435 732 484 uerborum
762 442 1071 483 structuram
1089 452 1195 484 non
1223 435 1531 500 impediens,
1549 451 1724 500 quam-

90 511 178 558 uis
199 515 335 557 esset
361 508 596 572 ineptum
621 507 677 554 in
703 507 800 554 hac
821 507 1115 554 sententiae
1143 506 1567 554 conformatione.
1609 507 1725 554 Hac

88 580 347 644 scriptura
371 586 512 626 recte
539 578 810 626 intellecta
835 578 946 626 fere
974 577 1306 625 manifestum
1332 575 1542 625 uidetur
1569 577 1725 625 Vale-

90 651 224 699 rium
249 667 357 698 non
392 650 465 698 ita
501 655 679 697 contra
704 650 849 712 leges
875 649 1079 713 logicae
1107 664 1353 713 peccasse
1393 655 1448 695 ut
1476 646 1726 696 scriberet

97 724 323 768 ‘alterum
358 724 477 768 enim
517 718 718 783 (otium)
761 724 901 766 etiam
941 722 1236 767 inertibus
1270 722 1518 766 uitcmdum
1548 756 1558 766 .
1590 754 1602 766 .
1629 757 1638 766 .
1666 733 1724 766 ne

33 824 46 837 ,
95 797 243 840 uitam
269 795 522 839 inertem
549 791 781 852 exiyccnt',
811 790 905 840 sed
933 791 1148 839 alteram
1173 807 1380 856 quoque
1405 789 1724 839 emendatio·

92 879 216 912 nem
256 878 320 911 ex
354 863 397 910 B
435 879 514 927 pr.
552 879 617 910 m.
655 861 1011 927 recipiendam
1050 878 1187 910 esse:
1247 877 1306 909 ne
1348 877 1462 921 pro
1506 865 1723 922 patria

100 939 242 981 uitam
271 938 541 980 inermem
568 937 779 994 exiyant.
833 934 999 981 Plane
1029 933 1249 981 eandem
1277 931 1723 980 abbreuiationem

91 1006 137 1054 B
165 1005 220 1052 in
246 1021 358 1053 uoc.
377 1008 716 1065 patrimonium
745 1004 926 1064 habet,
958 1004 1095 1069 quod
1124 1005 1171 1064 4,
1201 1006 1249 1064 4,
1285 1006 1351 1052 10
1378 1004 1451 1052 sic
1478 1005 1725 1068 scriptum

96 1083 175 1125 est
194 1075 432 1138 fflnium;
469 1075 647 1124 similis
674 1076 763 1123 illa
792 1091 998 1140 quoque
1025 1084 1134 1124 uoc.
1167 1078 1412 1135 prouincia
1440 1081 1542 1134 est,
1585 1074 1725 1140 quod

90 1147 168 1195 sic
218 1146 463 1211 scriptum
508 1153 586 1194 est
629 1147 682 1205 2,
725 1148 780 1205 9,
822 1148 851 1194 3
889 1143 994 1206 ριῖα
1041 1145 1129 1210 (de
1168 1163 1267 1211 quo
1305 1146 1418 1194 loco
1454 1146 1724 1210 Kempfius

96 1215 307 1280 errauit)
350 1223 401 1264 et
438 1218 494 1269 3,
535 1219 590 1277 7,
634 1219 657 1263 1
702 1215 864 1276 ρᾶαε,
903 1215 997 1264 sed
1027 1217 1215 1264 rectius
1256 1218 1303 1277 4,
1346 1219 1391 1276 1,
1435 1218 1501 1263 14
1525 1215 1631 1277 ,ρᾶα
1675 1224 1726 1264 et

92 1289 143 1348 2,
176 1291 255 1348 10,
289 1290 314 1335 1
360 1296 562 1348 proriae.
589 1316 660 1322 ——·
687 1290 733 1347 8,
764 1289 811 1347 8,
845 1290 889 1347 1,
926 1286 1012 1335 ubi
1052 1287 1138 1334 edi
1174 1288 1308 1335 solet
1341 1286 1518 1334 ‘animi
1549 1302 1727 1348 quoque

93 1362 356 1406 remissioni
387 1362 687 1406 communicer
722 1360 1113 1419 adquiescebant’
1155 1357 1353 1423 (Scipio
1394 1365 1444 1406 et
1470 1357 1723 1420 Laelius),

93 1430 204 1478 inB
227 1436 348 1477 ante
368 1445 595 1477 rasuram
608 1433 888 1476 remissionis
909 1430 1157 1493 scriptum
1177 1437 1301 1489 erat,
1328 1445 1459 1495 quae
1471 1431 1723 1494 scriptura

93 1517 204 1549 non
227 1517 290 1548 ex
309 1503 580 1558 remissioni,
610 1517 723 1549 cum
745 1499 998 1549 ablatiuus
1021 1501 1328 1566 requiratur,
1361 1509 1600 1565 corrupta
1629 1508 1719 1559 est,

91 1570 216 1630 sed,
254 1577 312 1620 ut
335 1570 541 1620 Paridis
575 1572 802 1636 epitoma
830 1570 1007 1631 docet,
1050 1587 1114 1619 ex
1151 1573 1508 1619 remissionibus.
1540 1599 1612 1605 —-
1638 1570 1725 1620 Ad

92 1642 257 1690 uerba
275 1656 445 1688 sacrae
465 1657 582 1690 arcte
608 1645 654 1702 8,
677 1644 757 1702 12,
781 1643 901 1691 Ext.
927 1645 953 1690 1
977 1643 1107 1690 haec
1126 1643 1398 1708 Kempfius
1422 1643 1719 1691 adnotauit:

93 1712 114 1736 ⁴³
128 1729 305 1760 sacrae
325 1709 471 1777 arae]
501 1715 618 1764 uiae
636 1730 814 1762 sacrae
840 1718 887 1760 in
914 1728 1092 1761 rasura
1111 1717 1166 1771 A,
1196 1717 1308 1761 add.
1337 1715 1409 1773 sic
1435 1731 1468 1762 u
1495 1731 1626 1763 unus
1652 1711 1721 1778 (52)

97 1778 163 1830 asi
183 1798 359 1831 sacrae
387 1800 507 1832 arae
540 1800 702 1845 maryo
730 1787 816 1831 A’.
892 1784 1206 1845 Adnotatio,
1250 1801 1402 1849 quam
1437 1786 1520 1833 hic
1546 1801 1723 1848 margo

94 1853 268 1914 habet,
292 1852 570 1902 admodum
591 1862 669 1902 est
689 1854 1051 1914 memorabilis,
1076 1854 1168 1903 sed
1190 1855 1476 1903 secundum
1495 1856 1726 1920 Kempfii

94 1924 419 1985 relationem,
451 1925 537 1990 qui
563 1942 718 1973 unam
742 1941 925 1973 uocem
950 1925 1128 1989 legere
1151 1926 1387 1987 nesciuit,
1418 1943 1524 1974 non
1553 1933 1727 1991 potest

93 1995 335 2058 intellegi
363 1996 488 2060 quid
515 1996 854 2060 significatum
884 1996 977 2058 sit3
1006 2013 1130 2044 uere
1159 2003 1331 2045 autem
1355 1998 1453 2045 hoc
1479 1999 1726 2062 scriptum

64 2119 67 2120 ⁷
95 2073 201 2114 est:
240 2067 343 2114 ‘sic
365 2083 416 2114 11.
443 2083 608 2115 nouus
637 2065 702 2114 afi
725 2083 902 2116 sacrae
930 2083 1051 2116 arae
1070 2071 1101 2115 ⁹.
1178 2068 1275 2116 His
1313 2068 1487 2117 uerbis
1527 2069 1724 2132 signifi-

93 2136 234 2185 cauit
262 2137 350 2202 qui
375 2136 474 2185 hoc
500 2139 729 2203 scripsit,
776 2138 831 2185 in
870 2146 1116 2187 contextu
1150 2139 1424 2188 uerborum
1462 2156 1528 2188 ex
1553 2148 1724 2197 uetere,

94 2207 131 2255 i.
155 2223 196 2255 e.
227 2223 292 2255 ex
317 2208 524 2269 Paride,
554 2213 658 2255 uiae
684 2225 855 2257 sacrae
881 2211 1106 2275 positum
1135 2226 1263 2269 esse,
1296 2227 1408 2259 cum
1429 2225 1591 2270 nouus,
1620 2212 1651 2259 i.
1679 2226 1723 2258 e.

95 2279 389 2343 exemplum
415 2279 613 2328 Valerii
638 2281 935 2344 Beruense,
975 2296 1147 2328 sacrae
1173 2296 1290 2329 arae
1315 2282 1551 2331 haberet.
1628 2282 1725 2330 Est

94 2348 181 2396 hic
206 2349 349 2397 locus
378 2350 516 2398 solus
543 2351 598 2398 in
624 2358 732 2400 toto
762 2351 963 2412 codice,
1009 2369 1108 2418 quo
1134 2352 1396 2414 librarius,
1439 2353 1526 2419 qui
1555 2369 1726 2401 exem-

94 2419 242 2483 plum
264 2436 328 2468 ex
347 2420 539 2469 Paride
560 2423 792 2482 correxit,
825 2424 938 2488 ipse
959 2423 1239 2472 lectionem
1263 2441 1293 2471 a
1315 2441 1371 2472 se
1389 2441 1587 2473 erasam
1607 2441 1724 2488 pro—

97 2488 245 2537 didit.
270 2517 331 2525 ——
356 2492 487 2550 8,13
515 2492 569 2540 in
596 2510 676 2541 uu.
705 2507 776 2550 ne,
806 2498 884 2541 cui
907 2496 1097 2541 deorum
1117 2498 1445 2543 immortalium
1458 2499 1727 2556 praecipua

94 2561 383 2621 indulyenticc
408 2563 779 2622 adfuit,‘nostra
800 2572 972 2612 ornata
999 2569 1162 2614 mentio
1189 2567 1393 2626 defuisse
1412 2570 1722 2623 eoeistimetur,

97 2629 286 2679 locutio
324 2639 492 2678 ornata
519 2638 683 2681 mentio
717 2634 866 2683 nobis
906 2635 1113 2700 quidem
1151 2636 1307 2684 ualde
1345 2637 1473 2683 mira
1499 2635 1722 2695 uidetur,

100 2716 232 2766 quae
258 2719 379 2750 num
406 2719 436 2750 a
454 2703 666 2752 Valerio
694 2706 929 2769 profecta
957 2706 1022 2753 sit
1050 2714 1128 2754 est
1155 2706 1295 2771 quod
1325 2706 1545 2767 dubites,
1575 2723 1726 2772 prae-

38 2814 41 2816 .
95 2772 274 2820 sertim
300 2790 411 2821 cum
435 2774 478 2822 B
501 2791 577 2838 pr.
608 2792 672 2822 m.
701 2793 807 2823 non
835 2784 1019 2830 ornata,
1049 2777 1144 2824 sed
1171 2784 1312 2825 onata
1339 2777 1553 2837 habeat,
1587 2778 1726 2843 quod

96 2841 435 2906 deprauatum
461 2845 673 2894 uidetur
701 2862 764 2894 ex
790 2848 1025 2894 honorata
1051 2852 1220 2896 mentio
1235 2870 1250 2900 ‚·
1277 2849 1340 2896 cf.
1372 2851 1418 2909 3,
1445 2852 1490 2908 8,
1525 2851 1553 2897 6
1581 2851 1726 2895 hono-

96 2919 210 2959 rata
235 2919 471 2963 memoria.
500 2917 571 2965 Vt
602 2917 871 2982 Kempfius
892 2917 1026 2967 hanc
1056 2919 1334 2969 lectionem
1356 2920 1721 2985 praetermisit,

1384 3002 1466 3042 b*
