1924 3152
777 128 1031 179 cAP.v111‚
1057 127 1087 186 g
1114 129 1255 173 3—6.
1733 120 1831 173 157

200 258 474 293 summum
511 236 795 308 dignitatis
840 236 1075 307 gradum
1119 235 1434 306 optinebat,
1487 252 1673 288 carere
1718 252 1833 286 sus-

200 310 401 364 tinuit?
480 321 489 324 “
1021 363 1026 370 ,

307 382 358 435 5.
410 379 665 433 Ceterum
690 376 770 432 ‘ut
802 378 1078 431 neminem
1114 378 1164 429 ei
1211 376 1595 448 praetulerim,
1647 377 1727 429 ita
1764 375 1832 442 Q.

201 450 526 506 Scaeuolam
560 468 824 520 augurem
848 449 1042 502 merito
1078 448 1514 519 conparauerim.
1567 445 1831 518 dispulsis

198 522 598 596 prostratisque
657 521 1002 574 inimicorum
1051 520 1302 590 partibus
1356 519 1509 573 Sulla
1567 526 1832 589 occupata
1854 533 1874 565 5

196 590 334 647 urbe
364 601 617 646 senatum
644 599 887 644 armatus
917 599 1172 661 coegerat
1200 609 1264 642 ac
1291 609 1504 642 summa
1529 589 1831 661 cupiditate
1855 614 1859 615 ⁷

197 664 481 718 ferebatur
514 671 578 716 ut
613 662 672 716 O.
712 662 924 732 Marius
962 681 1126 734 quam
1162 661 1443 715 celerrime
1479 661 1651 714 hostis
1688 659 1830 713 iudi-

198 744 435 789 caretur.
511 734 666 787 cuius
712 733 989 787 uoluntati
1025 732 1175 786 nullo
1221 733 1444 786 obuiam
1478 734 1558 784 ire
1596 733 1831 785 audente

202 807 348 860 solus
378 805 645 859 Scaeuola
671 806 738 858 de
763 805 868 857 hac
892 823 951 856 re
988 805 1361 873 interrogatus
1393 805 1723 856 sententiam
1752 803 1850 854 ‹ii-2

197 897 319 931 cere
345 877 541 931 noluit.
580 877 712 947 quin
739 876 903 928 etiam
931 875 1296 928 truculentius
1326 875 1433 929 sibi
1459 875 1690 927 instanti
1711 872 1830 926 Sul·
1853 889 1895 920 10

135 999 138 1003 .
195 948 282 1002 lae
335 947 522 1001 ‘licet'
582 948 762 1019 inquit
813 946 976 998 ‘mihi
1027 947 1250 1016 agmina
1300 947 1564 1013 militum,
1629 945 1830 1017 quibus

196 1021 405 1074 curiam
441 1018 865 1085 circumsedisti,
903 1026 1166 1084 ostentes,
1204 1017 1332 1071 licet
1367 1027 1600 1072 mortem
1634 1015 1830 1069 identi-

198 1091 323 1144 dem
356 1090 656 1156 miniteris,
708 1108 1005 1160 numquam
1040 1098 1227 1141 tamen
1265 1088 1470 1142 efficies
1509 1097 1572 1141 ut
1605 1096 1831 1159 propter

196 1162 455 1231 exiguum
502 1160 836 1231 senilemque
881 1161 1204 1229 sanguinem
1247 1178 1430 1213 meum
1474 1159 1743 1226 Marium,
1798 1176 1831 1209 a

196 1250 301 1304 quo
328 1232 461 1285 urbs
490 1240 545 1284 et
571 1231 735 1284 Italia
761 1238 1089 1284 conseruata
1115 1239 1224 1297 est,
1265 1231 1480 1284 hostem
1504 1231 1791 1283 iudicem'.
1851 1242 1894 1276 15

303 1304 353 1356 6.
404 1302 555 1369 Quid
587 1303 825 1355 feminae
873 1321 997 1354 cum
1034 1303 1328 1355 contione?
1378 1302 1423 1354 si
1456 1302 1670 1372 patrius
1710 1317 1829 1352 mos

195 1382 474 1439 seruetur,
511 1373 670 1426 nihil:
715 1373 814 1426 sed
839 1373 937 1427 ubi
965 1372 1267 1426 domestica
1304 1374 1456 1444 quies
1496 1373 1830 1426 seditionum

195 1446 403 1515 agitata
438 1445 698 1499 fluctibus
738 1452 848 1512 est,
885 1446 1103 1515 priscae
1140 1444 1555 1498 consuetudinis
1595 1442 1828 1496 auctori-

192 1526 277 1572 tas
315 1515 672 1583 conuellitur,
720 1515 957 1587 plusque
995 1515 1146 1569 ualet
1193 1515 1340 1587 quod
1375 1514 1644 1569 uiolentia
1681 1513 1830 1583 cogit

194 1606 357 1658 quam
393 1587 539 1658 quod
576 1587 776 1639 suadet
818 1595 873 1640 et
907 1587 1181 1658 praecipit
1212 1585 1564 1639 uerecundia.
1639 1587 1828 1656 itaque
1851 1601 1893 1632 20

193 1666 274 1724 te,
327 1657 679 1728 Sempronia,
735 1658 821 1710 Ti.
860 1666 912 1709 et
947 1657 1008 1710 C.
1037 1657 1414 1711 Gracchorum
1450 1676 1633 1723 soror,
1685 1675 1829 1709 uxor

194 1728 467 1798 Scipionis
513 1729 839 1795 Aemiliani,
890 1748 1030 1795 non,
1082 1738 1144 1782 ut
1195 1729 1436 1781 absurde
1480 1728 1827 1798 grauissimis

192 1800 439 1852 uirorum
486 1800 744 1870 operibus
788 1799 1064 1865 inserens,
1110 1798 1356 1868 maligna
1397 1799 1664 1851 relatione
1702 1816 1826 1851 con-

192 1869 558 1941 prehendam,
598 1869 723 1935 sed,
762 1870 890 1940 quia
926 1888 958 1921 a
983 1870 1205 1923 tribuno
1231 1869 1414 1940 plebei
1448 1869 1719 1940 producta
1755 1868 1827 1920 ad

192 1940 456 2012 populum
490 1941 548 1992 in
584 1941 828 1993 maxima
864 1941 1183 1992 confusione
1219 1940 1357 1992 nihil
1392 1959 1424 1992 a
1459 1950 1679 1993 tuorum
1716 1958 1825 1991 am·
1849 1955 1892 1988 25

190 2010 466 2082 plitudine
502 2012 875 2081 degenerasti,
914 2011 1181 2065 honorata
1206 2011 1470 2064 memoria
1504 2029 1824 2082 prosequar.

193 2091 380 2136 coacta
416 2101 473 2134 es
511 2100 574 2135 eo
601 2083 706 2136 loci
734 2083 1062 2149 consistere,
1101 2083 1199 2136 ubi
1233 2083 1545 2153 principum
1583 2082 1824 2134 ciuitatis

191 2153 508 2224 perturbari
554 2154 705 2207 frons
744 2152 984 2221 solebat,
1039 2154 1285 2207 instabat
1323 2155 1428 2207 tibi
1465 2163 1622 2207 toruo
1665 2153 1827 2206 uultu

190 2224 368 2277 minas
397 2224 736 2295 profundens
776 2225 1115 2296 amplissima
1141 2233 1384 2296 potestas
1403 2266 1416 2292 ,
1457 2224 1693 2278 clamore
1727 2226 1824 2276 im-

191 2328 255 2390 pl.
278 2337 484 2381 conatus,
514 2331 640 2376 solus
662 2333 707 2376 in
734 2331 916 2376 exilium
945 2330 981 2388 -1-
1003 2333 1098 2376 eius
1120 2331 1246 2391 leges
1267 2332 1493 2392 profugit.
1545 2335 1589 2376 5.
1618 2330 1668 2386 Q.
1692 2329 1824 2376 Scae·
1846 2338 1889 2370 30

192 2399 300 2445 uola
329 2415 499 2459 augur,
541 2401 588 2447 L.
619 2401 742 2447 Sulla
769 2402 823 2447 de
861 2402 1067 2448 aduersis
1095 2402 1304 2462 partibus
1333 2405 1590 2462 cogitante,
1630 2407 1822 2462 rogatus
1847 2379 1924 2413 Par

194 2473 470 2516 sententiam
496 2471 648 2517 dicere
683 2472 847 2518 noluit.
922 2475 963 2516 6.
1002 2473 1296 2533 Sempronia,
1338 2473 1644 2519 Gracchorum
1672 2486 1822 2522 soror,

192 2554 308 2585 uxor
335 2541 565 2600 Scipionis
590 2543 846 2594 Aemiliani,
874 2558 974 2588 cum
1005 2558 1053 2588 se
1082 2544 1263 2602 quidam
1290 2544 1499 2603 Equitius
1527 2543 1823 2603 Semproniae

192 2611 390 2656 familiae
418 2611 532 2657 salso
563 2613 867 2663 adscriberet,
905 2613 1090 2658 lubente
1118 2615 1289 2673 populo
1317 2621 1369 2659 ut
1406 2629 1507 2659 eum
1537 2613 1824 2659 oscularetur

192 2689 422 2742 tamquam
451 2682 593 2727 filium
621 2683 800 2734 fratris,
838 2684 1054 2744 reppulit.

306 2779 332 2819 9
363 2780 600 2819 sententia
630 2778 673 2818 B
745 2781 795 2819 10
825 2780 1022 2820 instanti
1051 2782 1146 2820 cod.
1180 2780 1370 2821 Schotci:
1402 2781 1575 2821 intanti
1602 2780 1658 2831 B,
1689 2781 1822 2820 mini-

189 2835 314 2875 tanti
342 2835 365 2875 b
428 2838 479 2877 19
512 2835 802 2876 conuelletur
830 2831 887 2875 B'
945 2838 998 2876 21
1031 2841 1101 2877 te*
1123 2838 1209 2876 sim
1232 2838 1351 2890 (sem
1373 2836 1506 2890 corr.)
1537 2838 1749 2891 proniaq.
1775 2840 1822 2878 et

191 2902 236 2942 g.
257 2891 300 2930 B
360 2893 415 2932 29
437 2893 621 2932 minans
643 2886 699 2932 B'

305 2949 355 2988 31
382 2961 436 2988 cm
456 2950 723 3002 rogitante?
783 2951 838 2991 34
859 2947 1088 3003 familiae]
1115 2950 1331 2992 aemiliae
1361 2952 1406 2992 V
