1936 3120
279 123 384 176 428
969 131 1070 176 LIB.
1106 131 1229 177 vllll.

819 377 1049 431 LIBER
1094 377 1361 432 NONVS.
1428 408 1431 411 >

562 490 606 542 I.
649 494 747 542 DE
779 494 1109 544 LVXVRIA
1146 495 1242 544 ET
1274 496 1620 546 LIBIDINE.

390 586 665 641 Blandum
692 589 859 642 etiam
893 589 1120 656 malum,
1156 590 1400 657 luxuria,
1437 609 1604 662 quam
1639 610 1896 646 accusare

284 657 564 728 aliquanto
591 658 808 712 facilius
837 667 920 712 est
945 679 1108 731 quam
1134 661 1337 727 uitare,
1367 661 1518 732 operi
1543 669 1728 715 nostro
1755 664 1895 716 inse*

244 752 264 783 5
285 736 453 796 ratur,
481 748 589 782 non
616 729 834 800 quidem
860 738 921 782 ut
946 730 1118 782 ullum
1144 730 1403 785 honorem
1428 732 1685 802 recipiat,
1714 733 1809 786 sed
1835 744 1896 788 ut

284 817 340 850 se
366 798 544 869 ipsam
570 818 970 868 recognoscens
992 800 1063 852 ad
1083 801 1473 871 paenitentiam
1498 801 1688 872 inpelli
1707 806 1894 874 possit.

281 870 539 938 iungatur
564 869 643 920 illi
668 869 860 937 libido,
888 872 1149 942 quoniam
1169 891 1237 924 ex
1262 872 1440 925 isdem
1465 873 1724 926 uitiorum
1751 874 1893 944 prin—

280 939 438 1009 cipiis
466 939 655 1007 oritur,
684 959 860 1011 neque
887 949 983 994 aut
1010 961 1042 994 a
1066 941 1488 1013 reprehensione
1508 951 1604 996 aut
1620 943 1690 997 ab
1717 962 1893 996 emen-

282 1009 502 1063 datione
530 1029 587 1063 se
630 1020 867 1078 arentur,
895 1013 1114 1081 gemino
1140 1014 1338 1065 mentis
1366 1031 1548 1066 errore
1573 1032 1834 1067 conexae.

216 1105 256 1135 10
391 1082 437 1132 1.
478 1081 537 1134 O.
623 1082 803 1151 ergius
842 1083 1011 1135 Orata
1044 1083 1277 1154 pensilia
1309 1082 1532 1136 balinea
1565 1085 1772 1154 primus
1808 1085 1887 1137 fa-

279 1168 400 1203 cere
426 1152 684 1204 instituit.
740 1171 877 1223 quae
904 1153 1135 1224 inpensa
1160 1153 1375 1206 leuibus
1403 1153 1574 1206 initiis
1603 1163 1797 1225 coepta
1823 1155 1905 1210 adr

281 1240 578 1292 suspensae
600 1222 810 1275 calidae
831 1242 1006 1295 aquae
1027 1231 1239 1277 tantum
1260 1241 1370 1276 non
1391 1243 1628 1305 aequora
1646 1234 1893 1295 penetra-

279 1292 375 1344 uit.
438 1292 612 1359 idem,
650 1292 912 1347 uidelicet
936 1313 1004 1346 ne
1029 1294 1214 1364 gulam
1241 1294 1482 1364 Neptuni
1508 1295 1739 1348 arbitrio
1766 1297 1890 1348 sub·

278 1362 477 1415 iectam
502 1364 748 1430 haberet,
776 1364 1078 1433 peculiaria
1105 1365 1211 1417 sibi
1236 1364 1406 1416 maria
1426 1365 1776 1433 excogitauit,
1804 1383 1890 1418 ae-

214 1456 254 1488 15
280 1433 500 1485 stuariis
515 1433 912 1504 intercipiendo
927 1434 1124 1487 fluctus
1145 1434 1483 1504 pisciumque
1505 1435 1751 1488 diuersos
1771 1454 1888 1505 gre·

276 1520 372 1571 ges
401 1504 668 1573 separatis
695 1504 929 1557 molibus
956 1504 1308 1572 includendo,
1335 1512 1397 1556 ut
1419 1504 1570 1557 nulla
1590 1512 1703 1558 tam
1724 1523 1891 1558 saeua

277 1580 572 1643 tempestas
599 1575 870 1642 inciderit,
899 1593 1007 1645 qua
1032 1595 1142 1628 non
1163 1575 1367 1627 Oratae
1385 1593 1606 1628 mensae
1624 1576 1891 1628 uarietate

275 1643 612 1697 ferculorum
638 1645 999 1698 abundarent.
1069 1645 1335 1698 aedificiis
1363 1647 1528 1698 etiam
1556 1646 1808 1716 spatiosis
1834 1654 1899 1699 et·

276 1713 508 1767 excelsis
538 1715 757 1768 deserta
783 1715 854 1768 ad
879 1715 938 1766 id
963 1724 1179 1787 tempus
1204 1734 1300 1778 ora
1318 1715 1543 1768 Lucrini
1562 1717 1712 1769 lacus
1740 1734 1888 1787 pres-

210 1809 252 1842 20
277 1784 374 1850 sit,
411 1803 517 1855 quo
553 1786 854 1839 recentiore
889 1805 993 1838 usu
1019 1785 1427 1857 conchyliorum
1453 1786 1752 1840 frueretur:
1773 1786 1890 1839 ‘ubi

276 1859 393 1907 dum
421 1874 477 1908 se
503 1855 758 1926 publicae
785 1875 817 1909 a
855 1875 958 1909 uae
994 1856 1245 1927 cupidius
1283 1857 1566 1926 inmergit,
1603 1875 1725 1909 cum
1751 1856 1889 1910 Con-

274 1925 416 1979 sidio
442 1926 737 1996 publicano
764 1927 821 1979 iu
863 1928 1027 1980 icium
1046 1935 1275 1980 nanctus
1295 1936 1395 1980 est.
1444 1928 1502 1979 in
1522 1946 1626 1998 quo
1645 1927 1711 1980 L.
1731 1927 1888 1980 Cras-

275 2015 396 2063 sus,
443 1997 709 2050 aduersus
746 1997 899 2050 illum
936 2017 1158 2051 causam
1195 2016 1392 2066 agens,
1433 2016 1615 2051 errare
1651 1997 1887 2050 amicum

157 2170 247 2202 Par.
379 2155 475 2201 DE
507 2157 820 2203 LVXVRIA
856 2159 949 2203 ET
979 2158 1307 2204 LIBIDINE.
1369 2161 1408 2202 1.
1447 2158 1491 2204 C.
1529 2158 1715 2218 Sergius
1752 2155 1885 2202 Orata

207 2234 249 2266 25
273 2226 465 2286 pensilia
502 2227 678 2273 balinea
715 2230 888 2288 primus
926 2228 1072 2274 facere
1100 2229 1323 2279 instituit,
1363 2227 1522 2273 deinde
1550 2227 1716 2274 calidas
1743 2242 1886 2287 aquas

270 2297 471 2356 pensiles
507 2298 629 2344 fecit.
688 2299 806 2344 idem
844 2300 1082 2344 aestuariis
1120 2298 1449 2358 intercipiendo
1488 2298 1653 2344 fluctus
1692 2298 1883 2358 piscium

270 2381 435 2428 greges
473 2370 717 2429 separatim
754 2369 950 2415 molibus
988 2370 1198 2415 inclusit:
1246 2368 1462 2415 aedificiis
1497 2370 1631 2415 etiam
1668 2369 1886 2429 spatiosis

270 2438 450 2484 deserta
478 2439 531 2484 ad
559 2440 602 2484 id
633 2446 809 2500 tempus
838 2454 916 2485 ora
943 2440 1124 2486 Lucrini
1152 2440 1276 2486 lacus
1312 2441 1504 2500 pressit,
1541 2446 1592 2485 ut
1626 2440 1885 2485 recentiore

382 2591 407 2630 2
428 2590 703 2632 LVXORIA
724 2584 779 2631 B'
802 2598 845 2632 et
863 2594 925 2632 sic
944 2605 1025 2643 per
1047 2598 1174 2633 totum
1196 2598 1325 2644 caput
1399 2593 1423 2632 7
1445 2589 1608 2631 iisdem
1629 2585 1686 2630 B'
1753 2590 1778 2630 9
1799 2601 1878 2641 ge-

267 2647 407 2686 nuino
430 2646 453 2686 b
473 2643 492 2700 1]
515 2659 660 2688 coxae
684 2647 725 2687 B
778 2650 830 2689 10
852 2647 1074 2689 ballenea
1096 2647 1138 2687 B
1159 2661 1274 2690 corr.
1295 2649 1338 2688 in
1360 2647 1577 2688 ballinea.
1639 2647 1691 2686 12
1716 2643 1879 2686 caldae

266 2695 322 2741 B'
356 2704 498 2746 15litt.
520 2704 710 2744 stuariis
731 2704 952 2745 interciB
972 2706 1015 2744 in
1037 2717 1124 2744 ras.
1174 2706 1226 2746 16
1248 2704 1500 2757 separatim
1520 2705 1563 2744 P
1591 2703 1643 2742 17
1663 2699 1882 2742 inciderit

267 2757 332 2797 B:
364 2758 594 2800 incideret
615 2762 717 2803 dett.
741 2766 783 2801 et
803 2762 900 2801 edd.
982 2760 1034 2800 18
1057 2760 1333 2801 ferculorum
1354 2761 1479 2801 codd.
1503 2758 1667 2811 Piylzti:
1697 2756 1877 2809 pericu-

267 2813 413 2854 lorum
443 2814 508 2862 B,
538 2817 867 2869 pisciculorum
895 2817 945 2870 ὂς
986 2830 1041 2857 an
1069 2816 1365 2857 fericulorum
1388 2818 1408 2855 ?
1438 2830 1477 2855 u.
1505 2815 1637 2878 simile
1664 2814 1807 2854 uitium
1835 2813 1879 2851 in

266 2872 362 2911 eod.
386 2870 536 2911 Bamb.
560 2873 682 2914 Florz'
699 2887 743 2925 p.
769 2875 864 2920 102,
889 2875 915 2912 4
937 2874 1005 2914 ed.
1027 2873 1154 2914 Jahn.
1216 2874 1271 2914 20
1295 2870 1475 2923 concyl.
1495 2869 1537 2910 B
1595 2871 1646 2910 21
1672 2868 1776 2909 dum
1797 2880 1876 2908 om.

265 2926 308 2966 B
328 2923 347 2980 Η
368 2927 577 2968 inmersit
598 2928 622 2968 b
683 2931 736 2969 22
758 2927 958 2978 na**ltus
980 2929 1038 2982 B,
1061 2928 1241 2982 naIctus
1264 2928 1287 2968 b
