1936 3120
387 128 389 130 ’
451 157 760 218 cAP.V111,§
786 161 825 204 3.
851 157 948 204 En.
977 156 1007 217 3
1035 159 1076 202 1.
1101 161 1144 203 2.
1182 156 1306 209 vnn,
1334 156 1364 217 g
1393 159 1431 204 1.
1459 161 1499 204 2.
1679 150 1785 203 461

167 267 300 340 quia
323 285 433 320 non
459 285 560 319 sua
585 273 796 337 sponte,
825 264 922 318 sed
946 265 1104 317 uanis
1126 265 1431 318 concitatus
1450 263 1785 334 imaginibus

169 337 366 410 culpae
393 356 451 390 se
476 337 723 407 inplicat.
774 337 867 407 qui
887 354 1051 407 quam
1071 334 1180 404 late
1199 336 1258 387 in
1282 336 1596 406 pectoribus
1615 336 1786 388 homi-

171 428 304 463 num
328 416 562 478 uagetur
590 408 636 460 si
662 407 952 478 complecti
977 425 1166 474 coner,
1202 407 1340 460 uitio
1368 409 1436 460 de
1462 425 1568 478 quo
1594 405 1788 478 loquor

173 482 278 534 sim
303 479 603 534 obnoxius:
645 496 848 548 paucos
875 478 1046 547 igitur
1071 478 1187 530 eius
1214 477 1402 549 lapsus
1429 477 1749 532 referemuS.

281 553 329 603 1.
371 549 431 602 C.
450 548 682 602 Heluius
705 548 880 602 Cinna
899 549 1152 602 tribunus
1175 549 1249 620 pl.
1271 568 1343 602 ex
1363 549 1555 602 funere
1577 549 1637 602 C.
1654 548 1786 602 Cae·
1808 565 1830 599 ⁵

178 622 315 676 saris
344 620 563 674 domum
589 637 744 672 suam
768 628 959 691 petens
985 618 1174 691 populi
1198 620 1449 673 manibus
1478 620 1787 691 discerptus

171 701 258 746 est
282 710 380 763 pro
408 691 661 745 Cornelio
691 690 886 758 Cinna,
913 691 972 743 in
998 710 1156 762 quem
1184 692 1398 744 saeuire
1426 710 1482 744 se
1509 692 1788 745 existima-

169 764 298 831 bat,
325 763 500 815 iratus
528 762 606 829 ei,
671 762 808 830 uod,
837 781 959 814 cum
985 761 1182 814 adfinis
1210 771 1357 816 esset
1383 762 1663 830 Caesaris,
1693 762 1787 815 ad-

171 853 365 888 uersus
403 852 527 886 eum
561 852 629 885 ne
659 833 770 886 arie
805 842 1026 904 raptum
1059 833 1285 905 impiam
1356 853 1417 888 ro
1444 835 1639 888 rostris
1669 852 1787 887 ora-

171 906 377 959 tionem
400 904 709 971 habuisset,
745 923 916 975 eoque
943 923 1126 958 errore
1150 924 1286 975 prop
1350 924 1442 958 sus
1469 913 1577 972 est,
1614 913 1675 958 ut
1700 923 1787 958 ca·
1811 924 1852 956 ιο

213 985 271 1029 ut
287 974 459 1029 Helui
483 974 709 1046 perinde
735 984 899 1047 atque
921 974 1139 1029 Corneli
1159 976 1305 1029 circa
1323 994 1516 1046 rogum
1534 976 1786 1029 Caesaris

172 996 346 1100 {xum
383 1045 561 1099 iaculo
597 1047 784 1100 ferret.
850 1047 1021 1100 officii
1046 1047 1147 1114 sui,
1186 1046 1350 1100 alieni
1375 1047 1574 1101 erroris
1601 1048 1786 1118 piacu-

0 1058 4 1182 ,
175 1117 290 1171 111111
314 1117 650 1171 miserabile!

0 1190 1 1194 ’
277 1188 328 1242 2.
378 1189 522 1241 Nam
559 1187 619 1241 C.
659 1188 911 1242 Cassium
959 1207 1111 1243 error
1145 1208 1178 1241 a
1212 1197 1386 1242 semet
1427 1190 1546 1260 ipso
1583 1207 1787 1260 poenas

172 1260 392 1329 exigere
433 1254 626 1329 coegit.
700 1261 843 1312 inter
883 1259 1038 1312 illum
1081 1262 1224 1313 enim
1267 1279 1485 1332 pugnae
1530 1268 1788 1332 quattuor
1811 1279 1854 1312 15

172 1331 514 1384 exercituum
541 1331 690 1401 apud
714 1330 998 1402 Philippos
1030 1332 1246 1384 uarium
1282 1332 1526 1403 ipsisque
1554 1331 1788 1384 ducibus

169 1402 423 1472 ignotum
469 1410 728 1455 euentum
777 1404 975 1456 missus
1026 1403 1096 1456 ab
1147 1422 1209 1456 eo
1253 1403 1491 1456 Titinius
1544 1402 1788 1455 centurio

171 1481 440 1527 nocturno
479 1481 750 1544 tempore,
785 1483 847 1528 ut
884 1473 1259 1544 specularetur
1293 1493 1531 1546 quonam
1556 1474 1614 1525 in
1641 1481 1791 1526 statu

174 1562 262 1596 res
288 1543 366 1595 M.
392 1544 555 1597 Bruti
581 1553 793 1612 essent,
834 1545 966 1597 dum
1000 1545 1222 1599 crebros
1260 1565 1519 1599 excessus
1546 1545 1671 1597 uiae
1698 1562 1788 1615 pe-

177 1614 273 1680 tit,
302 1613 431 1684 quia
457 1614 806 1668 tenebrarum
832 1616 1137 1669 obscuritas
1164 1616 1423 1670 hostesne
1449 1635 1519 1669 an
1545 1615 1788 1670 conmili-
1813 1636 1855 1668 20

171 1692 329 1738 tones
366 1694 711 1738 occurrerent
748 1685 1032 1739 dinoscere
1057 1707 1167 1740 non
1202 1688 1441 1754 sinebat,
1478 1687 1688 1739 tardius
1717 1685 1790 1738 ad

173 1754 426 1808 Cassium
451 1755 634 1808 rediit.
706 1775 866 1827 quem
889 1757 936 1809 is
965 1767 1258 1828 exceptum
1283 1758 1352 1811 ab
1389 1758 1639 1811 hostibus
1678 1774 1789 1808 om-

173 1826 374 1897 niaque
419 1825 478 1877 in
520 1845 707 1880 eorum
755 1835 1082 1898 potestatem
1132 1828 1392 1881 recidisse
1443 1827 1787 1894 existimanS,

173 1896 331 1949 finire
357 1897 532 1949 uitam
556 1899 898 1968 properauit,
935 1918 1059 1952 cum
1086 1907 1139 1951 et
1165 1907 1347 1952 castra
1383 1899 1622 1953 hostium
1648 1898 1789 1950 inui-

174 1986 293 2020 cem
319 1977 481 2038 capta
507 1976 561 2021 et
586 1968 745 2021 Bruti
771 1970 960 2041 copiae
987 1988 1187 2040 magna
1213 1990 1283 2023 ex
1301 1979 1457 2042 parte
1484 1969 1786 2023 incolumes
1812 1989 1854 2022 25

173 2045 373 2091 essent.
436 2038 611 2092 Titini
644 2059 774 2094 uero
812 2060 924 2094 non
959 2041 1305 2095 obliteranda
1340 2041 1556 2094 silentio
1592 2041 1788 2108 uirtuS,

171 2109 265 2182 qui
298 2109 467 2164 oculis
503 2109 783 2182 paulisper
817 2111 1023 2181 haesit,
1061 2113 1343 2184 inopinato
1379 2113 1606 2166 iacentis
1637 2111 1788 2165 ducis

277 2257 371 2303 DE
405 2258 694 2305 ERRORE.
762 2263 800 2305 1.
839 2260 1027 2307 Heluius
1065 2261 1203 2307 Cinna
1242 2261 1343 2307 trib.
1380 2260 1499 2322 pleb.
1538 2274 1590 2305 ex
1625 2260 1785 2306 funere
1810 2230 1936 2307 Par..

173 2328 220 2373 C.
248 2328 454 2373 Caesaris
482 2328 665 2374 domum
690 2337 851 2390 petens
878 2346 903 2376 a
928 2332 1100 2392 populo
1131 2333 1387 2393 discerptus
1415 2339 1486 2378 est
1511 2346 1595 2392 pro
1624 2331 1790 2377 Corne·

177 2397 241 2443 lio
269 2397 432 2449 Cinna,
461 2400 532 2444 cui
558 2407 655 2445 erat
681 2401 875 2447 infestus
892 2436 902 2451 ‚
930 2403 1073 2462 quod,
1103 2417 1204 2448 cum
1231 2402 1391 2448 adfinis
1418 2403 1619 2448 Caesaris
1648 2409 1784 2459 esset,
1811 2412 1853 2445 30

174 2467 344 2529 inpiam
370 2468 425 2514 de
452 2481 505 2514 eo
532 2484 616 2529 pro
644 2471 811 2517 rostris
838 2472 1090 2518 orationem
1126 2473 1374 2519 habuisset.
1440 2478 1491 2516 Υ2.
1531 2473 1574 2518 C.
1603 2472 1787 2518 Cassius

176 2539 345 2585 'titinio
372 2541 639 2585 centurione
674 2543 840 2593 misso,
882 2549 934 2588 ut
961 2542 1274 2603 specularetur
1301 2544 1380 2604 qui
1407 2550 1552 2589 status
1579 2543 1635 2588 M.
1661 2543 1790 2588 Bruti

177 2616 321 2662 esset,
361 2610 626 2671 tardiusque
654 2626 708 2658 eo
735 2613 979 2664 redeunte,
1017 2615 1318 2675 interceptum
1353 2614 1539 2660 credens
1567 2620 1613 2659 et
1640 2613 1790 2659 omnia

287 2751 313 2790 3
335 2761 395 2788 ua
431 2751 535 2788 atur
556 2748 598 2788 B
658 2751 683 2791 5
707 2749 755 2792 C.
779 2752 824 2791 in
842 2751 885 2791 B
906 2765 1074 2792 erasum
1124 2753 1176 2793 10
1200 2749 1305 2804 [que
1326 2774 1383 2781 —
1404 2749 1577 2806 rogum]
1603 2758 1643 2792 et
1664 2749 1790 2805 [xum

176 2828 230 2834 —
251 2761 482 2859 alieniffB
545 2806 598 2845 14
618 2819 725 2847 nam
745 2807 814 2848 B:
846 2808 940 2848 iam
960 2809 984 2849 b
1066 2811 1115 2849 17
1140 2812 1359 2862 agnotum
1379 2804 1436 2848 B'
1475 2806 1494 2863 [Ι
1535 2810 1709 2849 tin**us
1731 2808 1788 2854 B,

173 2863 344 2903 tineius
364 2863 407 2903 P
464 2862 516 2902 18
538 2863 585 2901 in
607 2866 736 2904 statu
757 2877 829 2904 res
850 2865 899 2905 b:
930 2865 1141 2906 instaurfi
1166 2865 1208 2905 B
1230 2871 1275 2906 ut
1293 2867 1461 2906 uidetur
1527 2867 1583 2906 22
1606 2865 1726 2905 redit
1746 2864 1789 2905 B

174 2921 230 2960 24
253 2923 300 2960 et
321 2921 481 2960 castra
501 2918 702 2960 hostium
721 2920 764 2960 B
785 2922 829 2961 in
848 2935 937 2962 ras.
997 2924 1051 2963 26
1074 2922 1189 2962 tinei
1209 2921 1250 2961 B
1273 2919 1292 2976 ΙΙ
1314 2922 1629 2964 oblitteranda
1646 2921 1674 2973 *b

287 2977 342 3017 32
367 2975 512 3017 tineio
541 2976 582 3016 V
600 2989 717 3017 corr.
743 2991 800 3019 eoe
822 2978 968 3019 Tineo
987 2975 1010 3034 ss
1030 2980 1131 3032 quis
1161 2979 1204 3020 V
1209 2977 1226 3004 ²
