<?xml version="1.0" encoding="UTF-8"?>
<!DOCTYPE html PUBLIC "-//W3C//DTD XHTML 1.0 Transitional//EN"
    "http://www.w3.org/TR/xhtml1/DTD/xhtml1-transitional.dtd">
<html xmlns="http://www.w3.org/1999/xhtml" xml:lang="en" lang="en">
 <head>
  <title>
</title>
<meta http-equiv="Content-Type" content="text/html;charset=utf-8" />
  <meta name='ocr-system' content='tesseract 3.04.00' />
  <meta name='ocr-capabilities' content='ocr_page ocr_carea ocr_par ocr_line ocrx_word'/>
</head>
<body>
  <div class='ocr_page' id='page_1' title='image "./factorumetdictor00valeuoft_0356.png"; bbox 0 0 1924 3152; ppageno 0'>
   <div class='ocr_carea' id='block_1_1' title="bbox 772 0 1834 97">
    <p class='ocr_par' dir='ltr' id='par_1_1' title="bbox 772 0 1834 97">
     <span class='ocr_line' id='line_1_1' title="bbox 772 0 1834 97; baseline 0 3055"><span class='ocrx_word' id='word_1_1' title='bbox 772 0 1834 97; x_wconf 95' lang='lat' dir='ltr'> </span> 
     </span>
    </p>
   </div>
   <div class='ocr_carea' id='block_1_2' title="bbox 81 93 1103 173">
    <p class='ocr_par' dir='ltr' id='par_1_2' title="bbox 81 93 1103 173">
     <span class='ocr_line' id='line_1_2' title="bbox 81 93 1103 173; baseline 0.004 -4"><span class='ocrx_word' id='word_1_2' title='bbox 81 93 87 99; x_wconf 46' lang='lat'><em>⁶</em></span> <span class='ocrx_word' id='word_1_3' title='bbox 139 117 244 170; x_wconf 71' lang='lat'>328</span> <span class='ocrx_word' id='word_1_4' title='bbox 834 123 934 168; x_wconf 78' lang='lat' dir='ltr'>Lm.</span> <span class='ocrx_word' id='word_1_5' title='bbox 972 123 1056 170; x_wconf 90' lang='lat' dir='ltr'>v11.</span> <span class='ocrx_word' id='word_1_6' title='bbox 1096 167 1103 173; x_wconf 80' lang='grc'>.</span> 
     </span>
    </p>
   </div>
   <div class='ocr_carea' id='block_1_3' title="bbox 80 229 1790 1986">
    <p class='ocr_par' dir='ltr' id='par_1_3' title="bbox 141 229 1756 514">
     <span class='ocr_line' id='line_1_3' title="bbox 141 229 1755 302; baseline 0.005 -22"><span class='ocrx_word' id='word_1_7' title='bbox 141 229 512 300; x_wconf 82' lang='lat' dir='ltr'>pullariusque</span> <span class='ocrx_word' id='word_1_8' title='bbox 548 246 656 280; x_wconf 90' lang='lat' dir='ltr'>non</span> <span class='ocrx_word' id='word_1_9' title='bbox 691 229 1140 298; x_wconf 82' lang='lat' dir='ltr'>prosperantibus</span> <span class='ocrx_word' id='word_1_10' title='bbox 1177 232 1374 284; x_wconf 87' lang='lat' dir='ltr'>auibus</span> <span class='ocrx_word' id='word_1_11' title='bbox 1410 233 1675 302; x_wconf 85' lang='lat' dir='ltr'>optimum</span> <span class='ocrx_word' id='word_1_12' title='bbox 1701 237 1755 288; x_wconf 90' lang='lat' dir='ltr'>ei</span> 
     </span>
     <span class='ocr_line' id='line_1_4' title="bbox 144 299 1752 369; baseline 0.002 -17"><span class='ocrx_word' id='word_1_13' title='bbox 144 300 445 369; x_wconf 80' lang='lat' dir='ltr'>auspicium</span> <span class='ocrx_word' id='word_1_14' title='bbox 480 300 873 364; x_wconf 80' lang='lat' dir='ltr'>renuntiasset,</span> <span class='ocrx_word' id='word_1_15' title='bbox 913 299 979 351; x_wconf 94' lang='lat' dir='ltr'>de</span> <span class='ocrx_word' id='word_1_16' title='bbox 1013 299 1235 352; x_wconf 87' lang='lat' dir='ltr'>fallacia</span> <span class='ocrx_word' id='word_1_17' title='bbox 1264 299 1409 354; x_wconf 89' lang='lat' dir='ltr'>illius</span> <span class='ocrx_word' id='word_1_18' title='bbox 1435 305 1612 355; x_wconf 86' lang='lat' dir='ltr'>fac-tus</span> <span class='ocrx_word' id='word_1_19' title='bbox 1640 321 1752 356; x_wconf 86' lang='lat' dir='ltr'>cer-</span> 
     </span>
     <span class='ocr_line' id='line_1_5' title="bbox 143 369 1756 438; baseline 0.002 -16"><span class='ocrx_word' id='word_1_20' title='bbox 143 370 250 422; x_wconf 91' lang='lat' dir='ltr'>tior</span> <span class='ocrx_word' id='word_1_21' title='bbox 278 369 385 420; x_wconf 91' lang='lat' dir='ltr'>sibi</span> <span class='ocrx_word' id='word_1_22' title='bbox 413 369 632 438; x_wconf 88' lang='lat' dir='ltr'>quidem</span> <span class='ocrx_word' id='word_1_23' title='bbox 660 377 713 421; x_wconf 95' lang='lat' dir='ltr'>et</span> <span class='ocrx_word' id='word_1_24' title='bbox 740 370 1003 422; x_wconf 76' lang='lat' dir='ltr'>exercitui</span> <span class='ocrx_word' id='word_1_25' title='bbox 1029 371 1232 423; x_wconf 90' lang='lat' dir='ltr'>bonum</span> <span class='ocrx_word' id='word_1_26' title='bbox 1255 389 1411 424; x_wconf 91' lang='lat' dir='ltr'>omen</span> <span class='ocrx_word' id='word_1_27' title='bbox 1428 373 1614 426; x_wconf 89' lang='lat' dir='ltr'>datum</span> <span class='ocrx_word' id='word_1_28' title='bbox 1633 391 1756 427; x_wconf 62' lang='lat' dir='ltr'>‘&#39;cre-</span> 
     </span>
     <span class='ocr_line' id='line_1_6' title="bbox 145 439 1753 514; baseline 0.004 -24"><span class='ocrx_word' id='word_1_29' title='bbox 145 439 286 491; x_wconf 91' lang='lat' dir='ltr'>didit</span> <span class='ocrx_word' id='word_1_30' title='bbox 313 457 377 490; x_wconf 90' lang='lat' dir='ltr'>ac</span> <span class='ocrx_word' id='word_1_31' title='bbox 396 457 635 508; x_wconf 83' lang='lat' dir='ltr'>pugnam</span> <span class='ocrx_word' id='word_1_32' title='bbox 663 440 801 506; x_wconf 90' lang='lat' dir='ltr'>iniit,</span> <span class='ocrx_word' id='word_1_33' title='bbox 831 447 1066 492; x_wconf 88' lang='lat' dir='ltr'>ceterum</span> <span class='ocrx_word' id='word_1_34' title='bbox 1091 441 1409 494; x_wconf 88' lang='lat' dir='ltr'>mendacem</span> <span class='ocrx_word' id='word_1_35' title='bbox 1431 451 1557 496; x_wconf 84' lang='lat' dir='ltr'>ante</span> <span class='ocrx_word' id='word_1_36' title='bbox 1576 445 1753 514; x_wconf 83' lang='lat' dir='ltr'>ipsam</span> 
     </span>
    </p>

    <p class='ocr_par' dir='ltr' id='par_1_4' title="bbox 80 509 1790 1986">
     <span class='ocr_line' id='line_1_7' title="bbox 103 509 1757 585; baseline 0.001 -21"><span class='ocrx_word' id='word_1_37' title='bbox 103 532 123 565; x_wconf 89' lang='lat'>5</span> <span class='ocrx_word' id='word_1_38' title='bbox 145 511 316 561; x_wconf 90' lang='lat' dir='ltr'>aciem</span> <span class='ocrx_word' id='word_1_39' title='bbox 344 509 646 574; x_wconf 90' lang='lat' dir='ltr'>constituit,</span> <span class='ocrx_word' id='word_1_40' title='bbox 673 519 734 563; x_wconf 93' lang='lat' dir='ltr'>ut</span> <span class='ocrx_word' id='word_1_41' title='bbox 758 509 1022 563; x_wconf 77' lang='lat' dir='ltr'>haberent</span> <span class='ocrx_word' id='word_1_42' title='bbox 1049 511 1106 562; x_wconf 89' lang='lat' dir='ltr'>di</span> <span class='ocrx_word' id='word_1_43' title='bbox 1132 511 1284 564; x_wconf 90' lang='lat' dir='ltr'>cuius</span> <span class='ocrx_word' id='word_1_44' title='bbox 1313 514 1518 582; x_wconf 89' lang='lat' dir='ltr'>capite,</span> <span class='ocrx_word' id='word_1_45' title='bbox 1548 515 1596 565; x_wconf 84' lang='lat' dir='ltr'>si</span> <span class='ocrx_word' id='word_1_46' title='bbox 1621 513 1757 585; x_wconf 84' lang='lat' dir='ltr'>quid</span> 
     </span>
     <span class='ocr_line' id='line_1_8' title="bbox 145 581 1759 650; baseline 0.002 -18"><span class='ocrx_word' id='word_1_47' title='bbox 145 582 259 632; x_wconf 87' lang='lat' dir='ltr'>irae</span> <span class='ocrx_word' id='word_1_48' title='bbox 286 588 664 648; x_wconf 72' lang='lat' dir='ltr'>conceperant,</span> <span class='ocrx_word' id='word_1_49' title='bbox 694 581 995 650; x_wconf 84' lang='lat' dir='ltr'>expiarent.</span> <span class='ocrx_word' id='word_1_50' title='bbox 1041 581 1309 634; x_wconf 88' lang='lat' dir='ltr'>directum</span> <span class='ocrx_word' id='word_1_51' title='bbox 1331 594 1414 635; x_wconf 86' lang='lat' dir='ltr'>est</span> <span class='ocrx_word' id='word_1_52' title='bbox 1434 592 1613 635; x_wconf 87' lang='lat' dir='ltr'>autem</span> <span class='ocrx_word' id='word_1_53' title='bbox 1636 583 1759 636; x_wconf 90' lang='lat' dir='ltr'>siue</span> 
     </span>
     <span class='ocr_line' id='line_1_9' title="bbox 144 650 1757 724; baseline 0.001 -21"><span class='ocrx_word' id='word_1_54' title='bbox 144 669 274 703; x_wconf 85' lang='lat' dir='ltr'>casu</span> <span class='ocrx_word' id='word_1_55' title='bbox 311 650 425 701; x_wconf 91' lang='lat' dir='ltr'>siue</span> <span class='ocrx_word' id='word_1_56' title='bbox 461 651 624 702; x_wconf 90' lang='lat' dir='ltr'>etiam</span> <span class='ocrx_word' id='word_1_57' title='bbox 660 650 908 703; x_wconf 85' lang='lat' dir='ltr'>caelestis</span> <span class='ocrx_word' id='word_1_58' title='bbox 947 651 1184 703; x_wconf 90' lang='lat' dir='ltr'>numinis</span> <span class='ocrx_word' id='word_1_59' title='bbox 1222 653 1569 722; x_wconf 89' lang='lat' dir='ltr'>prouidentia</span> <span class='ocrx_word' id='word_1_60' title='bbox 1607 654 1757 724; x_wconf 88' lang='lat' dir='ltr'>quod</span> 
     </span>
     <span class='ocr_line' id='line_1_10' title="bbox 143 721 1756 794; baseline 0.002 -23"><span class='ocrx_word' id='word_1_61' title='bbox 143 721 379 791; x_wconf 90' lang='lat' dir='ltr'>primum</span> <span class='ocrx_word' id='word_1_62' title='bbox 420 738 448 772; x_wconf 92' lang='lat' dir='ltr'>e</span> <span class='ocrx_word' id='word_1_63' title='bbox 486 722 761 773; x_wconf 84' lang='lat' dir='ltr'>contraria</span> <span class='ocrx_word' id='word_1_64' title='bbox 794 729 951 791; x_wconf 88' lang='lat' dir='ltr'>parte</span> <span class='ocrx_word' id='word_1_65' title='bbox 987 721 1210 788; x_wconf 80' lang='lat' dir='ltr'>missum</span> <span class='ocrx_word' id='word_1_66' title='bbox 1249 732 1367 775; x_wconf 90' lang='lat' dir='ltr'>erat</span> <span class='ocrx_word' id='word_1_67' title='bbox 1402 722 1568 775; x_wconf 90' lang='lat' dir='ltr'>telum</span> <span class='ocrx_word' id='word_1_68' title='bbox 1594 725 1650 775; x_wconf 90' lang='lat' dir='ltr'>in</span> <span class='ocrx_word' id='word_1_69' title='bbox 1674 725 1756 794; x_wconf 87' lang='lat' dir='ltr'>ip-</span> 
     </span>
     <span class='ocr_line' id='line_1_11' title="bbox 145 790 1755 862; baseline 0.002 -20"><span class='ocrx_word' id='word_1_70' title='bbox 145 809 266 842; x_wconf 89' lang='lat' dir='ltr'>sum</span> <span class='ocrx_word' id='word_1_71' title='bbox 295 790 514 861; x_wconf 89' lang='lat' dir='ltr'>pullarii</span> <span class='ocrx_word' id='word_1_72' title='bbox 540 799 729 861; x_wconf 89' lang='lat' dir='ltr'>pectus</span> <span class='ocrx_word' id='word_1_73' title='bbox 752 810 983 862; x_wconf 90' lang='lat' dir='ltr'>eumque</span> <span class='ocrx_word' id='word_1_74' title='bbox 1005 793 1310 843; x_wconf 80' lang='lat' dir='ltr'>exanimem</span> <span class='ocrx_word' id='word_1_75' title='bbox 1331 794 1647 862; x_wconf 87' lang='lat' dir='ltr'>prostrauit.</span> <span class='ocrx_word' id='word_1_76' title='bbox 1692 794 1755 846; x_wconf 85' lang='lat' dir='ltr'>id</span> 
     </span>
     <span class='ocr_line' id='line_1_12' title="bbox 80 860 1759 934; baseline 0.001 -20"><span class='ocrx_word' id='word_1_77' title='bbox 80 884 122 914; x_wconf 88' lang='lat'>10</span> <span class='ocrx_word' id='word_1_78' title='bbox 143 870 204 914; x_wconf 90' lang='lat' dir='ltr'>ut</span> <span class='ocrx_word' id='word_1_79' title='bbox 231 862 489 930; x_wconf 86' lang='lat' dir='ltr'>cognouit</span> <span class='ocrx_word' id='word_1_80' title='bbox 512 860 728 927; x_wconf 91' lang='lat' dir='ltr'>consul,</span> <span class='ocrx_word' id='word_1_81' title='bbox 766 862 967 914; x_wconf 89' lang='lat' dir='ltr'>fidente</span> <span class='ocrx_word' id='word_1_82' title='bbox 1004 861 1184 913; x_wconf 88' lang='lat' dir='ltr'>animo</span> <span class='ocrx_word' id='word_1_83' title='bbox 1221 870 1275 915; x_wconf 90' lang='lat' dir='ltr'>et</span> <span class='ocrx_word' id='word_1_84' title='bbox 1309 862 1510 915; x_wconf 89' lang='lat' dir='ltr'>inuasit</span> <span class='ocrx_word' id='word_1_85' title='bbox 1535 863 1759 934; x_wconf 85' lang='lat' dir='ltr'>Aquilo-</span> 
     </span>
     <span class='ocr_line' id='line_1_13' title="bbox 145 932 1761 1004; baseline 0 -20"><span class='ocrx_word' id='word_1_86' title='bbox 145 932 291 984; x_wconf 90' lang='lat' dir='ltr'>niam</span> <span class='ocrx_word' id='word_1_87' title='bbox 330 939 383 984; x_wconf 91' lang='lat' dir='ltr'>et</span> <span class='ocrx_word' id='word_1_88' title='bbox 417 932 585 1001; x_wconf 89' lang='lat' dir='ltr'>cepit:</span> <span class='ocrx_word' id='word_1_89' title='bbox 630 940 741 983; x_wconf 86' lang='lat' dir='ltr'>tam</span> <span class='ocrx_word' id='word_1_90' title='bbox 778 933 885 985; x_wconf 92' lang='lat' dir='ltr'>cito</span> <span class='ocrx_word' id='word_1_91' title='bbox 923 932 1314 985; x_wconf 89' lang='lat' dir='ltr'>animaduertit</span> <span class='ocrx_word' id='word_1_92' title='bbox 1349 951 1454 1004; x_wconf 89' lang='lat' dir='ltr'>quo</span> <span class='ocrx_word' id='word_1_93' title='bbox 1488 943 1649 1003; x_wconf 87' lang='lat' dir='ltr'>pacto</span> <span class='ocrx_word' id='word_1_94' title='bbox 1677 934 1761 985; x_wconf 78' lang='lat' dir='ltr'>in·</span> 
     </span>
     <span class='ocr_line' id='line_1_14' title="bbox 146 1002 1757 1074; baseline 0 -20"><span class='ocrx_word' id='word_1_95' title='bbox 146 1002 288 1055; x_wconf 87' lang='lat' dir='ltr'>iuria</span> <span class='ocrx_word' id='word_1_96' title='bbox 314 1002 661 1072; x_wconf 89' lang='lat' dir='ltr'>imperatoris</span> <span class='ocrx_word' id='word_1_97' title='bbox 692 1002 965 1054; x_wconf 90' lang='lat' dir='ltr'>uindicari</span> <span class='ocrx_word' id='word_1_98' title='bbox 1006 1003 1256 1069; x_wconf 85' lang='lat' dir='ltr'>deberet,</span> <span class='ocrx_word' id='word_1_99' title='bbox 1299 1003 1757 1074; x_wconf 83' lang='lat' dir='ltr'>quemadmodum</span> 
     </span>
     <span class='ocr_line' id='line_1_15' title="bbox 145 1071 1762 1143; baseline 0.001 -19"><span class='ocrx_word' id='word_1_100' title='bbox 145 1071 355 1125; x_wconf 90' lang='lat' dir='ltr'>uiolata</span> <span class='ocrx_word' id='word_1_101' title='bbox 389 1072 581 1140; x_wconf 77' lang='lat' dir='ltr'>religio</span> <span class='ocrx_word' id='word_1_102' title='bbox 617 1073 892 1142; x_wconf 79' lang='lat' dir='ltr'>expianda</span> <span class='ocrx_word' id='word_1_103' title='bbox 928 1075 1103 1139; x_wconf 88' lang='lat' dir='ltr'>foret,</span> <span class='ocrx_word' id='word_1_104' title='bbox 1149 1092 1257 1143; x_wconf 89' lang='lat' dir='ltr'>qua</span> <span class='ocrx_word' id='word_1_105' title='bbox 1290 1073 1504 1127; x_wconf 89' lang='lat' dir='ltr'>ratione</span> <span class='ocrx_word' id='word_1_106' title='bbox 1527 1074 1762 1127; x_wconf 87' lang='lat' dir='ltr'>uictoria</span> 
     </span>
     <span class='ocr_line' id='line_1_16' title="bbox 148 1142 1757 1213; baseline 0.001 -20"><span class='ocrx_word' id='word_1_107' title='bbox 148 1142 486 1212; x_wconf 86' lang='lat' dir='ltr'>adprehendi</span> <span class='ocrx_word' id='word_1_108' title='bbox 521 1152 724 1213; x_wconf 88' lang='lat' dir='ltr'>posset.</span> <span class='ocrx_word' id='word_1_109' title='bbox 793 1144 906 1212; x_wconf 82' lang='lat' dir='ltr'>egit</span> <span class='ocrx_word' id='word_1_110' title='bbox 940 1144 1122 1195; x_wconf 90' lang='lat' dir='ltr'>uirum</span> <span class='ocrx_word' id='word_1_111' title='bbox 1161 1162 1437 1210; x_wconf 90' lang='lat' dir='ltr'>seuerum,</span> <span class='ocrx_word' id='word_1_112' title='bbox 1482 1143 1757 1197; x_wconf 90' lang='lat' dir='ltr'>consulem</span> 
     </span>
     <span class='ocr_line' id='line_1_17' title="bbox 82 1212 1759 1283; baseline 0 -18"><span class='ocrx_word' id='word_1_113' title='bbox 82 1234 124 1266; x_wconf 85' lang='lat'>15</span> <span class='ocrx_word' id='word_1_114' title='bbox 147 1212 492 1281; x_wconf 82' lang='lat' dir='ltr'>religiosum,</span> <span class='ocrx_word' id='word_1_115' title='bbox 533 1213 915 1283; x_wconf 85' lang='lat' dir='ltr'>imperatorem</span> <span class='ocrx_word' id='word_1_116' title='bbox 942 1223 1250 1279; x_wconf 90' lang='lat' dir='ltr'>strenuum,</span> <span class='ocrx_word' id='word_1_117' title='bbox 1279 1215 1489 1267; x_wconf 90' lang='lat' dir='ltr'>timoris</span> <span class='ocrx_word' id='word_1_118' title='bbox 1517 1214 1759 1279; x_wconf 84' lang='lat' dir='ltr'>modum,</span> 
     </span>
     <span class='ocr_line' id='line_1_18' title="bbox 146 1283 1758 1353; baseline 0 -17"><span class='ocrx_word' id='word_1_119' title='bbox 146 1302 353 1353; x_wconf 90' lang='lat' dir='ltr'>poenae</span> <span class='ocrx_word' id='word_1_120' title='bbox 379 1302 566 1351; x_wconf 83' lang='lat' dir='ltr'>genus,</span> <span class='ocrx_word' id='word_1_121' title='bbox 596 1284 711 1353; x_wconf 90' lang='lat' dir='ltr'>spei</span> <span class='ocrx_word' id='word_1_122' title='bbox 734 1285 882 1336; x_wconf 90' lang='lat' dir='ltr'>uiam</span> <span class='ocrx_word' id='word_1_123' title='bbox 902 1303 1008 1337; x_wconf 91' lang='lat' dir='ltr'>uno</span> <span class='ocrx_word' id='word_1_124' title='bbox 1031 1284 1227 1336; x_wconf 88' lang='lat' dir='ltr'>mentis</span> <span class='ocrx_word' id='word_1_125' title='bbox 1249 1284 1457 1353; x_wconf 89' lang='lat' dir='ltr'>impetu</span> <span class='ocrx_word' id='word_1_126' title='bbox 1477 1283 1758 1353; x_wconf 76' lang='lat' dir='ltr'>rapiendo,</span> 
     </span>
     <span class='ocr_line' id='line_1_19' title="bbox 253 1353 1757 1422; baseline -0.001 -16"><span class='ocrx_word' id='word_1_127' title='bbox 253 1355 303 1406; x_wconf 82' lang='lat'>6.</span> <span class='ocrx_word' id='word_1_128' title='bbox 343 1354 501 1404; x_wconf 89' lang='lat' dir='ltr'>Nunc</span> <span class='ocrx_word' id='word_1_129' title='bbox 537 1353 608 1404; x_wconf 90' lang='lat' dir='ltr'>ad</span> <span class='ocrx_word' id='word_1_130' title='bbox 644 1361 863 1406; x_wconf 87' lang='lat' dir='ltr'>senatus</span> <span class='ocrx_word' id='word_1_131' title='bbox 903 1363 1026 1406; x_wconf 87' lang='lat' dir='ltr'>acta</span> <span class='ocrx_word' id='word_1_132' title='bbox 1053 1354 1445 1422; x_wconf 82' lang='lat' dir='ltr'>transgrediar.</span> <span class='ocrx_word' id='word_1_133' title='bbox 1514 1372 1635 1407; x_wconf 91' lang='lat' dir='ltr'>cum</span> <span class='ocrx_word' id='word_1_134' title='bbox 1663 1354 1757 1405; x_wconf 87' lang='lat' dir='ltr'>ad-</span> 
     </span>
     <span class='ocr_line' id='line_1_20' title="bbox 146 1422 1758 1477; baseline 0 -2"><span class='ocrx_word' id='word_1_135' title='bbox 146 1443 337 1477; x_wconf 87' lang='lat' dir='ltr'>uersus</span> <span class='ocrx_word' id='word_1_136' title='bbox 387 1422 751 1475; x_wconf 89' lang='lat' dir='ltr'>Hannibalem</span> <span class='ocrx_word' id='word_1_137' title='bbox 793 1422 1086 1476; x_wconf 84' lang='lat' dir='ltr'>Claudium</span> <span class='ocrx_word' id='word_1_138' title='bbox 1130 1424 1400 1476; x_wconf 87' lang='lat' dir='ltr'>Neronem</span> <span class='ocrx_word' id='word_1_139' title='bbox 1444 1432 1496 1475; x_wconf 91' lang='lat' dir='ltr'>et</span> <span class='ocrx_word' id='word_1_140' title='bbox 1538 1422 1758 1475; x_wconf 84' lang='lat' dir='ltr'>Liuium</span> 
     </span>
     <span class='ocr_line' id='line_1_21' title="bbox 149 1493 1759 1564; baseline -0.001 -17"><span class='ocrx_word' id='word_1_141' title='bbox 149 1493 507 1547; x_wconf 83' lang='lat' dir='ltr'>Salinatorem</span> <span class='ocrx_word' id='word_1_142' title='bbox 547 1493 795 1546; x_wconf 92' lang='lat' dir='ltr'>consules</span> <span class='ocrx_word' id='word_1_143' title='bbox 841 1495 1082 1546; x_wconf 88' lang='lat' dir='ltr'>mitteret</span> <span class='ocrx_word' id='word_1_144' title='bbox 1126 1512 1325 1564; x_wconf 88' lang='lat' dir='ltr'>eosque</span> <span class='ocrx_word' id='word_1_145' title='bbox 1362 1503 1422 1546; x_wconf 92' lang='lat' dir='ltr'>ut</span> <span class='ocrx_word' id='word_1_146' title='bbox 1459 1494 1759 1548; x_wconf 84' lang='lat' dir='ltr'>uirtutibus</span> 
     </span>
     <span class='ocr_line' id='line_1_22' title="bbox 84 1559 1758 1634; baseline -0.001 -17"><span class='ocrx_word' id='word_1_147' title='bbox 84 1585 127 1617; x_wconf 84' lang='lat'>20</span> <span class='ocrx_word' id='word_1_148' title='bbox 148 1582 328 1634; x_wconf 79' lang='lat' dir='ltr'>pareS,</span> <span class='ocrx_word' id='word_1_149' title='bbox 356 1563 432 1615; x_wconf 89' lang='lat' dir='ltr'>ita</span> <span class='ocrx_word' id='word_1_150' title='bbox 458 1559 753 1615; x_wconf 87' lang='lat' dir='ltr'>inimicitiis</span> <span class='ocrx_word' id='word_1_151' title='bbox 783 1565 1044 1616; x_wconf 84' lang='lat' dir='ltr'>acerrime</span> <span class='ocrx_word' id='word_1_152' title='bbox 1071 1564 1214 1617; x_wconf 91' lang='lat' dir='ltr'>inter</span> <span class='ocrx_word' id='word_1_153' title='bbox 1243 1583 1299 1616; x_wconf 88' lang='lat' dir='ltr'>se</span> <span class='ocrx_word' id='word_1_154' title='bbox 1326 1564 1651 1616; x_wconf 88' lang='lat' dir='ltr'>dissidentes</span> <span class='ocrx_word' id='word_1_155' title='bbox 1678 1564 1758 1615; x_wconf 85' lang='lat' dir='ltr'>ui·</span> 
     </span>
     <span class='ocr_line' id='line_1_23' title="bbox 148 1633 1763 1704; baseline -0.001 -18"><span class='ocrx_word' id='word_1_156' title='bbox 148 1633 329 1700; x_wconf 90' lang='lat' dir='ltr'>deret,</span> <span class='ocrx_word' id='word_1_157' title='bbox 368 1652 573 1686; x_wconf 87' lang='lat' dir='ltr'>summo</span> <span class='ocrx_word' id='word_1_158' title='bbox 602 1633 783 1687; x_wconf 89' lang='lat' dir='ltr'>studio</span> <span class='ocrx_word' id='word_1_159' title='bbox 810 1635 865 1685; x_wconf 90' lang='lat' dir='ltr'>in</span> <span class='ocrx_word' id='word_1_160' title='bbox 892 1635 1128 1702; x_wconf 84' lang='lat' dir='ltr'>gratiam</span> <span class='ocrx_word' id='word_1_161' title='bbox 1164 1634 1409 1700; x_wconf 80' lang='lat' dir='ltr'>reduxit,</span> <span class='ocrx_word' id='word_1_162' title='bbox 1448 1653 1516 1686; x_wconf 92' lang='lat' dir='ltr'>ne</span> <span class='ocrx_word' id='word_1_163' title='bbox 1541 1642 1763 1704; x_wconf 87' lang='lat' dir='ltr'>propter</span> 
     </span>
     <span class='ocr_line' id='line_1_24' title="bbox 146 1703 1764 1774; baseline 0 -18"><span class='ocrx_word' id='word_1_164' title='bbox 146 1705 392 1774; x_wconf 84' lang='lat' dir='ltr'>priuatas</span> <span class='ocrx_word' id='word_1_165' title='bbox 431 1704 800 1757; x_wconf 87' lang='lat' dir='ltr'>dissensiones</span> <span class='ocrx_word' id='word_1_166' title='bbox 846 1723 959 1764; x_wconf 87' lang='lat' dir='ltr'>rem</span> <span class='ocrx_word' id='word_1_167' title='bbox 1004 1703 1278 1774; x_wconf 90' lang='lat' dir='ltr'>publicam</span> <span class='ocrx_word' id='word_1_168' title='bbox 1319 1723 1512 1774; x_wconf 91' lang='lat' dir='ltr'>parum</span> <span class='ocrx_word' id='word_1_169' title='bbox 1551 1704 1764 1763; x_wconf 80' lang='lat' dir='ltr'>utiliter</span> 
     </span>
     <span class='ocr_line' id='line_1_25' title="bbox 147 1774 1790 1844; baseline 0 -18"><span class='ocrx_word' id='word_1_170' title='bbox 147 1774 609 1841; x_wconf 86' lang='lat' dir='ltr'>administrarent,</span> <span class='ocrx_word' id='word_1_171' title='bbox 639 1774 765 1844; x_wconf 89' lang='lat' dir='ltr'>quia</span> <span class='ocrx_word' id='word_1_172' title='bbox 791 1774 1062 1828; x_wconf 93' lang='lat' dir='ltr'>consimili</span> <span class='ocrx_word' id='word_1_173' title='bbox 1087 1775 1315 1844; x_wconf 91' lang='lat' dir='ltr'>imperio</span> <span class='ocrx_word' id='word_1_174' title='bbox 1341 1775 1449 1826; x_wconf 89' lang='lat' dir='ltr'>nisi</span> <span class='ocrx_word' id='word_1_175' title='bbox 1469 1774 1762 1828; x_wconf 87' lang='lat' dir='ltr'>concordia</span> <span class='ocrx_word' id='word_1_176' title='bbox 1787 1792 1790 1796; x_wconf 83' lang='grc'>’</span> 
     </span>
     <span class='ocr_line' id='line_1_26' title="bbox 148 1843 1760 1916; baseline 0.001 -20"><span class='ocrx_word' id='word_1_177' title='bbox 148 1846 317 1912; x_wconf 92' lang='lat' dir='ltr'>inest,</span> <span class='ocrx_word' id='word_1_178' title='bbox 372 1845 545 1897; x_wconf 91' lang='lat' dir='ltr'>maior</span> <span class='ocrx_word' id='word_1_179' title='bbox 590 1844 770 1897; x_wconf 88' lang='lat' dir='ltr'>aliena</span> <span class='ocrx_word' id='word_1_180' title='bbox 814 1864 980 1916; x_wconf 88' lang='lat' dir='ltr'>opera</span> <span class='ocrx_word' id='word_1_181' title='bbox 1024 1843 1405 1915; x_wconf 89' lang='lat' dir='ltr'>interpellandi</span> <span class='ocrx_word' id='word_1_182' title='bbox 1455 1863 1616 1915; x_wconf 90' lang='lat' dir='ltr'>quam</span> <span class='ocrx_word' id='word_1_183' title='bbox 1663 1863 1760 1897; x_wconf 87' lang='lat' dir='ltr'>sua</span> 
     </span>
     <span class='ocr_line' id='line_1_27' title="bbox 85 1915 1761 1986; baseline -0.001 -18"><span class='ocrx_word' id='word_1_184' title='bbox 85 1935 126 1968; x_wconf 85' lang='lat'>25</span> <span class='ocrx_word' id='word_1_185' title='bbox 150 1915 347 1968; x_wconf 90' lang='lat' dir='ltr'>edendi</span> <span class='ocrx_word' id='word_1_186' title='bbox 381 1915 655 1986; x_wconf 86' lang='lat' dir='ltr'>cupiditas</span> <span class='ocrx_word' id='word_1_187' title='bbox 694 1917 959 1969; x_wconf 89' lang='lat' dir='ltr'>nascitur:</span> <span class='ocrx_word' id='word_1_188' title='bbox 1009 1916 1106 1968; x_wconf 91' lang='lat' dir='ltr'>ubi</span> <span class='ocrx_word' id='word_1_189' title='bbox 1139 1934 1269 1968; x_wconf 91' lang='lat' dir='ltr'>uero</span> <span class='ocrx_word' id='word_1_190' title='bbox 1308 1915 1471 1967; x_wconf 87' lang='lat' dir='ltr'>etiam</span> <span class='ocrx_word' id='word_1_191' title='bbox 1506 1915 1761 1985; x_wconf 87' lang='lat' dir='ltr'>pertinax</span> 
     </span>
    </p>
   </div>
   <div class='ocr_carea' id='block_1_4' title="bbox 34 2046 1809 2660">
    <p class='ocr_par' dir='ltr' id='par_1_5' title="bbox 34 2046 1809 2317">
     <span class='ocr_line' id='line_1_28' title="bbox 34 2046 1761 2108; baseline -0.002 -13"><span class='ocrx_word' id='word_1_192' title='bbox 34 2061 128 2095; x_wconf 80' lang='lat' dir='ltr'>Par.</span> <span class='ocrx_word' id='word_1_193' title='bbox 155 2061 297 2108; x_wconf 84' lang='lat' dir='ltr'>gnans</span> <span class='ocrx_word' id='word_1_194' title='bbox 334 2047 557 2107; x_wconf 85' lang='lat' dir='ltr'>proelium</span> <span class='ocrx_word' id='word_1_195' title='bbox 598 2046 737 2092; x_wconf 87' lang='lat' dir='ltr'>uellet</span> <span class='ocrx_word' id='word_1_196' title='bbox 771 2048 1056 2093; x_wconf 82' lang='lat' dir='ltr'>committere</span> <span class='ocrx_word' id='word_1_197' title='bbox 1093 2047 1407 2106; x_wconf 80' lang='lat' dir='ltr'>pullariusque</span> <span class='ocrx_word' id='word_1_198' title='bbox 1444 2061 1533 2090; x_wconf 90' lang='lat' dir='ltr'>non</span> <span class='ocrx_word' id='word_1_199' title='bbox 1570 2059 1761 2106; x_wconf 85' lang='lat' dir='ltr'>prospe·</span> 
     </span>
     <span class='ocr_line' id='line_1_29' title="bbox 150 2115 1760 2176; baseline -0.001 -14"><span class='ocrx_word' id='word_1_200' title='bbox 150 2117 359 2163; x_wconf 87' lang='lat' dir='ltr'>rantibus</span> <span class='ocrx_word' id='word_1_201' title='bbox 395 2117 556 2163; x_wconf 74' lang='lat' dir='ltr'>auIbus</span> <span class='ocrx_word' id='word_1_202' title='bbox 594 2117 838 2162; x_wconf 84' lang='lat' dir='ltr'>ementitus</span> <span class='ocrx_word' id='word_1_203' title='bbox 875 2124 996 2162; x_wconf 83' lang='lat' dir='ltr'>essct</span> <span class='ocrx_word' id='word_1_204' title='bbox 1042 2118 1264 2176; x_wconf 86' lang='lat' dir='ltr'>auspicia,</span> <span class='ocrx_word' id='word_1_205' title='bbox 1311 2117 1364 2161; x_wconf 90' lang='lat' dir='ltr'>de</span> <span class='ocrx_word' id='word_1_206' title='bbox 1402 2115 1574 2161; x_wconf 83' lang='lat' dir='ltr'>fallacia</span> <span class='ocrx_word' id='word_1_207' title='bbox 1613 2115 1760 2161; x_wconf 85' lang='lat' dir='ltr'>factus</span> 
     </span>
     <span class='ocr_line' id='line_1_30' title="bbox 151 2186 1761 2246; baseline -0.001 -14"><span class='ocrx_word' id='word_1_208' title='bbox 151 2186 274 2232; x_wconf 90' lang='lat' dir='ltr'>illius</span> <span class='ocrx_word' id='word_1_209' title='bbox 302 2189 471 2232; x_wconf 85' lang='lat' dir='ltr'>certior</span> <span class='ocrx_word' id='word_1_210' title='bbox 498 2187 582 2231; x_wconf 86' lang='lat' dir='ltr'>sibi</span> <span class='ocrx_word' id='word_1_211' title='bbox 611 2187 790 2246; x_wconf 86' lang='lat' dir='ltr'>quidem</span> <span class='ocrx_word' id='word_1_212' title='bbox 817 2193 862 2232; x_wconf 85' lang='lat' dir='ltr'>et</span> <span class='ocrx_word' id='word_1_213' title='bbox 889 2186 1103 2233; x_wconf 83' lang='lat' dir='ltr'>exercitui</span> <span class='ocrx_word' id='word_1_214' title='bbox 1131 2186 1299 2231; x_wconf 88' lang='lat' dir='ltr'>honum</span> <span class='ocrx_word' id='word_1_215' title='bbox 1329 2199 1460 2231; x_wconf 89' lang='lat' dir='ltr'>omen</span> <span class='ocrx_word' id='word_1_216' title='bbox 1488 2186 1638 2231; x_wconf 86' lang='lat' dir='ltr'>datum</span> <span class='ocrx_word' id='word_1_217' title='bbox 1665 2200 1761 2232; x_wconf 88' lang='lat' dir='ltr'>cre·</span> 
     </span>
     <span class='ocr_line' id='line_1_31' title="bbox 152 2256 1809 2317; baseline -0.001 -15"><span class='ocrx_word' id='word_1_218' title='bbox 152 2257 266 2303; x_wconf 84' lang='lat' dir='ltr'>didit</span> <span class='ocrx_word' id='word_1_219' title='bbox 292 2271 343 2303; x_wconf 86' lang='lat' dir='ltr'>ac</span> <span class='ocrx_word' id='word_1_220' title='bbox 368 2271 564 2317; x_wconf 83' lang='lat' dir='ltr'>pugnam</span> <span class='ocrx_word' id='word_1_221' title='bbox 594 2258 717 2307; x_wconf 88' lang='lat' dir='ltr'>iniit,</span> <span class='ocrx_word' id='word_1_222' title='bbox 756 2264 957 2303; x_wconf 84' lang='lat' dir='ltr'>ceterum</span> <span class='ocrx_word' id='word_1_223' title='bbox 996 2257 1251 2302; x_wconf 83' lang='lat' dir='ltr'>mendacem</span> <span class='ocrx_word' id='word_1_224' title='bbox 1291 2257 1334 2300; x_wconf 91' lang='lat' dir='ltr'>in</span> <span class='ocrx_word' id='word_1_225' title='bbox 1362 2256 1503 2315; x_wconf 84' lang='lat' dir='ltr'>prima</span> <span class='ocrx_word' id='word_1_226' title='bbox 1533 2258 1626 2302; x_wconf 85' lang='lat' dir='ltr'>acie</span> <span class='ocrx_word' id='word_1_227' title='bbox 1651 2269 1758 2302; x_wconf 90' lang='lat' dir='ltr'>con·</span> <span class='ocrx_word' id='word_1_228' title='bbox 1801 2269 1809 2277; x_wconf 61' lang='lat'><em>²</em></span> 
     </span>
    </p>

    <p class='ocr_par' dir='ltr' id='par_1_6' title="bbox 87 2327 1787 2660">
     <span class='ocr_line' id='line_1_32' title="bbox 87 2327 1760 2387; baseline 0 -16"><span class='ocrx_word' id='word_1_229' title='bbox 87 2339 128 2371; x_wconf 85' lang='lat'>30</span> <span class='ocrx_word' id='word_1_230' title='bbox 153 2327 326 2378; x_wconf 85' lang='lat' dir='ltr'>stituit,</span> <span class='ocrx_word' id='word_1_231' title='bbox 364 2335 415 2372; x_wconf 91' lang='lat' dir='ltr'>ut</span> <span class='ocrx_word' id='word_1_232' title='bbox 442 2327 658 2373; x_wconf 83' lang='lat' dir='ltr'>haberent</span> <span class='ocrx_word' id='word_1_233' title='bbox 685 2327 745 2372; x_wconf 88' lang='lat' dir='ltr'>dii</span> <span class='ocrx_word' id='word_1_234' title='bbox 773 2328 901 2372; x_wconf 87' lang='lat' dir='ltr'>cuius</span> <span class='ocrx_word' id='word_1_235' title='bbox 930 2328 1087 2387; x_wconf 80' lang='lat' dir='ltr'>capite,</span> <span class='ocrx_word' id='word_1_236' title='bbox 1117 2329 1154 2371; x_wconf 85' lang='lat' dir='ltr'>si</span> <span class='ocrx_word' id='word_1_237' title='bbox 1183 2327 1291 2386; x_wconf 79' lang='lat' dir='ltr'>quid</span> <span class='ocrx_word' id='word_1_238' title='bbox 1319 2333 1624 2386; x_wconf 84' lang='lat' dir='ltr'>conceperant</span> <span class='ocrx_word' id='word_1_239' title='bbox 1650 2327 1760 2376; x_wconf 83' lang='lat' dir='ltr'>irae,</span> 
     </span>
     <span class='ocr_line' id='line_1_33' title="bbox 152 2397 1787 2459; baseline -0.002 -15"><span class='ocrx_word' id='word_1_240' title='bbox 152 2400 401 2459; x_wconf 79' lang='lat' dir='ltr'>expiarent.</span> <span class='ocrx_word' id='word_1_241' title='bbox 463 2398 614 2457; x_wconf 86' lang='lat' dir='ltr'>itaque</span> <span class='ocrx_word' id='word_1_242' title='bbox 653 2397 816 2443; x_wconf 88' lang='lat' dir='ltr'>accidit</span> <span class='ocrx_word' id='word_1_243' title='bbox 855 2405 906 2443; x_wconf 86' lang='lat' dir='ltr'>ut</span> <span class='ocrx_word' id='word_1_244' title='bbox 943 2398 1062 2458; x_wconf 87' lang='lat' dir='ltr'>quod</span> <span class='ocrx_word' id='word_1_245' title='bbox 1099 2398 1290 2457; x_wconf 86' lang='lat' dir='ltr'>primum</span> <span class='ocrx_word' id='word_1_246' title='bbox 1331 2411 1382 2442; x_wconf 84' lang='lat' dir='ltr'>ex</span> <span class='ocrx_word' id='word_1_247' title='bbox 1419 2397 1606 2442; x_wconf 86' lang='lat' dir='ltr'>aduersa</span> <span class='ocrx_word' id='word_1_248' title='bbox 1633 2403 1787 2457; x_wconf 67' lang='lat' dir='ltr'>parte</span> 
     </span>
     <span class='ocr_line' id='line_1_34' title="bbox 153 2467 1765 2529; baseline -0.002 -15"><span class='ocrx_word' id='word_1_249' title='bbox 153 2470 341 2514; x_wconf 87' lang='lat' dir='ltr'>missum</span> <span class='ocrx_word' id='word_1_250' title='bbox 369 2475 466 2514; x_wconf 84' lang='lat' dir='ltr'>erat</span> <span class='ocrx_word' id='word_1_251' title='bbox 505 2468 666 2518; x_wconf 89' lang='lat' dir='ltr'>telum,</span> <span class='ocrx_word' id='word_1_252' title='bbox 708 2470 751 2513; x_wconf 90' lang='lat' dir='ltr'>in</span> <span class='ocrx_word' id='word_1_253' title='bbox 790 2474 950 2529; x_wconf 86' lang='lat' dir='ltr'>pectus</span> <span class='ocrx_word' id='word_1_254' title='bbox 988 2468 1166 2527; x_wconf 86' lang='lat' dir='ltr'>pullarii</span> <span class='ocrx_word' id='word_1_255' title='bbox 1204 2468 1397 2512; x_wconf 86' lang='lat' dir='ltr'>ueniret.</span> <span class='ocrx_word' id='word_1_256' title='bbox 1472 2470 1511 2512; x_wconf 82' lang='lat'>6.</span> <span class='ocrx_word' id='word_1_257' title='bbox 1551 2467 1660 2512; x_wconf 88' lang='lat' dir='ltr'>Cum</span> <span class='ocrx_word' id='word_1_258' title='bbox 1687 2467 1765 2513; x_wconf 86' lang='lat' dir='ltr'>ad·</span> 
     </span>
     <span class='ocr_line' id='line_1_35' title="bbox 154 2537 1761 2585; baseline -0.001 -1"><span class='ocrx_word' id='word_1_259' title='bbox 154 2552 318 2584; x_wconf 88' lang='lat' dir='ltr'>uersus</span> <span class='ocrx_word' id='word_1_260' title='bbox 345 2538 638 2585; x_wconf 84' lang='lat' dir='ltr'>Hannibalem</span> <span class='ocrx_word' id='word_1_261' title='bbox 666 2539 897 2584; x_wconf 87' lang='lat' dir='ltr'>Claudium</span> <span class='ocrx_word' id='word_1_262' title='bbox 925 2539 1147 2584; x_wconf 86' lang='lat' dir='ltr'>Neronem</span> <span class='ocrx_word' id='word_1_263' title='bbox 1187 2545 1232 2583; x_wconf 91' lang='lat' dir='ltr'>et</span> <span class='ocrx_word' id='word_1_264' title='bbox 1258 2538 1434 2581; x_wconf 88' lang='lat' dir='ltr'>Liuium</span> <span class='ocrx_word' id='word_1_265' title='bbox 1462 2537 1761 2583; x_wconf 85' lang='lat' dir='ltr'>Salinatorem</span> 
     </span>
     <span class='ocr_line' id='line_1_36' title="bbox 155 2606 1762 2660; baseline -0.002 -5"><span class='ocrx_word' id='word_1_266' title='bbox 155 2617 338 2655; x_wconf 87' lang='lat' dir='ltr'>senatus</span> <span class='ocrx_word' id='word_1_267' title='bbox 365 2609 577 2656; x_wconf 87' lang='lat' dir='ltr'>consules</span> <span class='ocrx_word' id='word_1_268' title='bbox 614 2612 838 2660; x_wconf 78' lang='lat' dir='ltr'>mitteret,</span> <span class='ocrx_word' id='word_1_269' title='bbox 876 2610 1124 2654; x_wconf 85' lang='lat' dir='ltr'>inimicitiis</span> <span class='ocrx_word' id='word_1_270' title='bbox 1163 2610 1375 2653; x_wconf 85' lang='lat' dir='ltr'>acerrime</span> <span class='ocrx_word' id='word_1_271' title='bbox 1413 2609 1531 2652; x_wconf 85' lang='lat' dir='ltr'>inter</span> <span class='ocrx_word' id='word_1_272' title='bbox 1557 2621 1604 2652; x_wconf 91' lang='lat' dir='ltr'>se</span> <span class='ocrx_word' id='word_1_273' title='bbox 1632 2606 1762 2652; x_wconf 88' lang='lat' dir='ltr'>dissi·</span> 
     </span>
    </p>
   </div>
   <div class='ocr_carea' id='block_1_5' title="bbox 154 2737 1762 2958">
    <p class='ocr_par' dir='ltr' id='par_1_7' title="bbox 154 2737 1762 2958">
     <span class='ocr_line' id='line_1_37' title="bbox 270 2737 1762 2799; baseline -0.004 -12"><span class='ocrx_word' id='word_1_274' title='bbox 270 2749 291 2787; x_wconf 90' lang='lat'>1</span> <span class='ocrx_word' id='word_1_275' title='bbox 314 2747 669 2799; x_wconf 84' lang='lat' dir='ltr'>properantibus</span> <span class='ocrx_word' id='word_1_276' title='bbox 692 2740 747 2786; x_wconf 86' lang='lat' dir='ltr'>B&#39;</span> <span class='ocrx_word' id='word_1_277' title='bbox 828 2749 878 2787; x_wconf 87' lang='lat'>13</span> <span class='ocrx_word' id='word_1_278' title='bbox 900 2746 1081 2786; x_wconf 84' lang='lat' dir='ltr'>uiolata</span> <span class='ocrx_word' id='word_1_279' title='bbox 1102 2746 1231 2798; x_wconf 87' lang='lat' dir='ltr'>regia</span> <span class='ocrx_word' id='word_1_280' title='bbox 1254 2745 1294 2784; x_wconf 91' lang='lat' dir='ltr'><em>B</em></span> <span class='ocrx_word' id='word_1_281' title='bbox 1376 2746 1425 2784; x_wconf 88' lang='grc'>19</span> <span class='ocrx_word' id='word_1_282' title='bbox 1449 2743 1684 2783; x_wconf 83' lang='lat' dir='ltr'>mitterent</span> <span class='ocrx_word' id='word_1_283' title='bbox 1705 2737 1762 2781; x_wconf 85' lang='lat' dir='ltr'>B&#39;</span> 
     </span>
     <span class='ocr_line' id='line_1_38' title="bbox 154 2796 688 2856; baseline -0.004 -12"><span class='ocrx_word' id='word_1_284' title='bbox 154 2805 209 2844; x_wconf 73' lang='lat'>‘24</span> <span class='ocrx_word' id='word_1_285' title='bbox 231 2815 368 2856; x_wconf 88' lang='lat' dir='ltr'>quam</span> <span class='ocrx_word' id='word_1_286' title='bbox 389 2802 612 2843; x_wconf 87' lang='lat' dir='ltr'>suadendi</span> <span class='ocrx_word' id='word_1_287' title='bbox 634 2796 688 2843; x_wconf 82' lang='lat' dir='ltr'>B‘</span> 
     </span>
     <span class='ocr_line' id='line_1_39' title="bbox 157 2851 1756 2958; baseline -0.005 -57"><span class='ocrx_word' id='word_1_288' title='bbox 157 2916 212 2957; x_wconf 68' lang='lat' dir='ltr'>CI</span> <span class='ocrx_word' id='word_1_289' title='bbox 267 2863 321 2958; x_wconf 51' lang='grc' dir='ltr'>ΞΘ</span> <span class='ocrx_word' id='word_1_290' title='bbox 345 2873 399 2900; x_wconf 88' lang='lat' dir='ltr'>ac</span> <span class='ocrx_word' id='word_1_291' title='bbox 422 2873 464 2912; x_wconf 88' lang='lat' dir='ltr'>p.</span> <span class='ocrx_word' id='word_1_292' title='bbox 486 2859 591 2898; x_wconf 92' lang='lat' dir='ltr'>iniit</span> <span class='ocrx_word' id='word_1_293' title='bbox 612 2861 736 2900; x_wconf 82' lang='lat' dir='ltr'>codd.</span> <span class='ocrx_word' id='word_1_294' title='bbox 766 2859 889 2899; x_wconf 56' lang='lat' dir='ltr'>Vae:</span> <span class='ocrx_word' id='word_1_295' title='bbox 923 2858 978 2898; x_wconf 89' lang='lat' dir='ltr'>ad</span> <span class='ocrx_word' id='word_1_296' title='bbox 1001 2871 1199 2911; x_wconf 84' lang='lat' dir='ltr'>pugnam</span> <span class='ocrx_word' id='word_1_297' title='bbox 1222 2858 1277 2896; x_wconf 86' lang='lat' dir='ltr'>iit</span> <span class='ocrx_word' id='word_1_298' title='bbox 1305 2858 1350 2896; x_wconf 93' lang='lat' dir='ltr'><em>V</em></span> <span class='ocrx_word' id='word_1_299' title='bbox 1415 2857 1467 2895; x_wconf 90' lang='lat'>33</span> <span class='ocrx_word' id='word_1_300' title='bbox 1491 2851 1756 2907; x_wconf 83' lang='lat' dir='ltr'>Claudium]</span> 
     </span>
    </p>
   </div>
  </div>
 </body>
</html>
