1924 3152
189 120 294 172 342
885 124 984 169 LlB.
1023 125 1105 170 Vll.

190 232 309 303 quis
337 230 664 299 adgrediens
689 231 995 301 opprimere
1016 232 1211 301 possit,
1238 233 1557 286 uniuersum
1576 243 1800 288 conatus

188 309 532 372 prosternere
569 299 798 353 celerius
826 301 1118 354 tradiderit
1141 303 1428 356 uictoriam
1490 322 1616 356 uam
1645 322 1800 358 occu-

188 372 419 441 pauerit.
469 373 547 423 ita
573 389 706 440 gens
733 372 990 438 barbara,
1020 391 1078 424 as
1122 392 1214 425 era
1241 381 1294 426 et
1319 375 1436 443 regi
1495 374 1718 441 ifficilis,
1744 376 1802 427 in

190 442 418 493 exitium
445 461 602 493 suum
629 461 789 494 ruens
817 461 980 513 quam
1005 391 1303 496 utilitatem
1329 445 1555 498 auribus
1582 464 1800 516 respue-

147 526 166 558 5
189 522 290 578 rat7
319 511 488 565 oculis
517 513 773 582 peruidit.

297 584 344 634 7.
385 582 592 635 Fabius
633 591 815 635 autem
853 583 1162 650 MaximUS‚
1206 585 1357 637 cuius
1397 605 1504 639 non
1542 585 1799 637 dimicare

191 655 404 705 uincere
441 653 573 719 fuit,
621 672 741 705 cum
777 655 1106 724 praecipuae
1152 655 1489 708 fortitudinis
1527 655 1801 708 Nolanum

187 723 423 794 peditem
451 724 620 776 dubia
645 724 752 776 fide
782 732 1094 795 suspectum
1121 734 1174 778 et
1201 733 1454 778 strenuae
1483 743 1677 796 operae
1693 726 1801 778 Lu-

187 812 383 846 canum
418 795 655 864 equitem
691 813 874 848 amore
922 795 1090 847 scorti
1129 796 1476 866 deperditum
1510 798 1569 848 in
1604 797 1799 850 castris

123 879 164 911 10
186 863 428 932 haberet,
456 873 517 917 ut
543 873 773 935 utroque
801 865 981 935 potius
1009 866 1152 918 bono
1174 867 1347 920 milite
1367 875 1612 920 uteretur
1637 878 1802 937 quam

184 937 243 987 in
261 944 556 1006 utrumque
579 935 1053 1002 animaduerteret,
1082 936 1240 989 alteri
1262 937 1625 1007 suspicionem
1649 955 1804 989 suam

187 1004 584 1073 dissimulauit,
625 1006 682 1056 in
709 1006 878 1058 altero
909 1006 1256 1078 disciplinam
1282 1007 1567 1078 paululum
1593 1026 1626 1060 a
1650 1015 1800 1060 recto

184 1085 373 1129 tenore
411 1075 654 1129 deflexit.
732 1095 964 1148 namque
1006 1077 1159 1129 illum
1204 1077 1360 1148 plene
1405 1097 1504 1149 pro
1541 1077 1803 1131 tribunali

183 1145 459 1200 laudando
495 1148 748 1218 omnique
782 1166 982 1216 genere
1018 1147 1238 1201 honoris
1274 1148 1655 1219 prosequendo
1691 1150 1802 1200 ani-

121 1231 163 1263 15
185 1236 332 1268 mum
359 1236 516 1269 suum
545 1237 577 1269 a
603 1218 800 1269 Poenis
827 1218 899 1270 ad
926 1218 1201 1272 Romanos
1231 1220 1410 1287 coegit
1436 1237 1720 1284 reuocare,
1749 1227 1803 1270 et

182 1287 330 1340 hunc
356 1287 497 1340 clam
524 1289 865 1340 meretricem
891 1289 1158 1340 redimere
1177 1308 1370 1359 passus
1393 1289 1800 1359 paratissimum

183 1377 281 1429 pro
309 1359 468 1411 nobis
497 1373 846 1410 excursorem
870 1358 1128 1411 reddidit.

292 1429 342 1480 8.
382 1428 615 1480 Veniam
664 1447 810 1479 nunc
861 1428 933 1479 ad
983 1448 1074 1481 eos
1093 1469 1105 1493 ‚
1160 1429 1357 1499 quibus
1405 1429 1552 1480 salus
1595 1429 1798 1482 astutia

184 1499 432 1569 quaesita
459 1506 559 1550 est.
610 1498 685 1550 M.
716 1498 977 1551 Volusius
1006 1499 1200 1551 aedilis
1227 1499 1300 1570 pl.
1342 1499 1678 1569 proscriptus
1706 1499 1798 1550 ad-

121 1583 163 1616 20
187 1577 403 1640 sumpto
449 1570 616 1621 Isiaci
659 1569 854 1621 habitu
898 1588 995 1639 per
1041 1570 1239 1622 itinera
1278 1570 1506 1639 uiasque
1550 1568 1798 1639 publicas

187 1640 383 1709 stipem
409 1648 600 1708 petens
617 1679 630 1705 ‚
668 1640 920 1709 quisnam
946 1659 1004 1692 re
1034 1659 1163 1692 uera
1189 1651 1333 1692 esset
1359 1640 1692 1692 occurrentis
1721 1639 1800 1691 di-

184 1729 409 1763 noscere
435 1728 631 1780 passus
662 1728 768 1760 non
795 1719 894 1775 est,
926 1727 1096 1780 eoque
1124 1710 1376 1763 fallaciae
1403 1728 1598 1779 genere
1625 1717 1800 1762 tectus

183 1782 240 1832 in
274 1780 350 1832 M.
388 1781 546 1832 Bruti
594 1790 776 1832 castra
820 1782 1091 1850 peruenit.‘
1165 1781 1296 1851 quid
1337 1781 1430 1832 illa
1474 1780 1801 1833 necessitate

183 1851 465 1917 miserim,
506 1869 646 1921 quae
681 1855 1063 1919 magistratum
1098 1851 1285 1922 populi
1323 1851 1556 1906 Romani
1589 1851 1801 1903 abiecto

122 2006 164 2037 25
188 2000 294 2058 equi
321 1998 490 2043 caudae
517 1997 708 2042 similem
736 2005 946 2043 nostrum
974 2000 1243 2048 exercitum,
1281 2000 1410 2044 cuius
1446 2004 1600 2058 partes
1638 1996 1802 2056 aliquis

70 2046 163 2080 Par.
200 2068 445 2127 adgressus
473 2080 666 2127 carpere
692 2075 871 2127 posset,
909 2069 1172 2113 uniuersum
1209 2069 1468 2128 opprimere
1504 2081 1594 2112 non
1630 2072 1802 2126 posset.

186 2143 227 2185 7.
254 2137 419 2183 Fabius
448 2137 661 2182 Maximus
697 2152 797 2182 cum
824 2139 1095 2197 praecipuae
1123 2137 1404 2182 fortitudinis
1431 2136 1651 2181 Nolanum
1679 2135 1803 2195 pedi-

188 2215 279 2254 tem
316 2207 450 2252 dubia
488 2207 573 2252 fide
612 2214 874 2266 suspectum
914 2207 1125 2258 haberet,
1171 2208 1304 2267 plene
1339 2221 1422 2267 pro
1457 2206 1673 2251 tribunali
1707 2203 1829 2252 lau?

186 2278 333 2324 dando
372 2279 610 2337 omnisque
650 2279 830 2336 generis
869 2278 1043 2323 honore
1078 2277 1399 2338 prosequendo
1427 2278 1625 2322 animum
1653 2278 1750 2321 eius
1778 2290 1803 2321 a

119 2357 164 2390 30
186 2349 351 2395 Poenis
379 2348 433 2394 ad
446 2348 673 2394 Romanos
701 2349 951 2394 reuocauit.
1006 2348 1120 2393 idem
1150 2356 1360 2394 strenuae
1387 2360 1551 2407 operae
1571 2347 1802 2392 Lucanum

188 2421 401 2480 equitem,
431 2433 585 2464 amore
612 2420 751 2464 scorti
774 2419 1112 2479 depereuntem,
1140 2419 1254 2464 olam
1276 2419 1560 2464 meretricem
1583 2417 1802 2462 redimere

186 2505 348 2551 passus
377 2497 460 2535 est.
535 2492 575 2534 8.
614 2489 710 2534 DE
733 2489 1036 2535 ASTVTIA.
1099 2490 1152 2534 M.
1182 2489 1394 2535 Volusius
1421 2487 1577 2538 aedilis
1607 2487 1667 2548 pl.
1695 2501 1804 2548 pro-

185 2562 388 2621 scriptus
425 2560 665 2621 adsumpto
692 2560 820 2606 Isiaci
858 2560 1016 2606 habitu
1051 2574 1133 2620 per
1169 2562 1264 2605 uias
1302 2558 1508 2620 publicas
1535 2559 1698 2618 stipem
1724 2571 1804 2617 pe-

306 2699 326 2736 1
351 2701 508 2749 posset
528 2698 569 2737 P
606 2695 625 2750 ll
665 2701 880 2738 conatum
904 2698 946 2736 B
1025 2700 1049 2738 3
1073 2698 1269 2737 barbare
1295 2691 1362 2743 B',
1384 2698 1463 2737 sed
1483 2708 1597 2737 corr.
1618 2696 1643 2733 1
1664 2707 1715 2736 m.
1775 2694 1802 2732 5

189 2753 391 2807 perdidit
412 2753 436 2792 b
497 2755 521 2793 9
548 2766 726 2794 amares
752 2754 869 2794 corti
888 2747 944 2793 B'
964 2750 982 2807 Η
1005 2754 1330 2805 depereuntem
1354 2753 1394 2792 P
1452 2755 1502 2792 13
1525 2761 1723 2800 namque
1745 2748 1802 2795 B,

189 2811 269 2851 sed
290 2823 313 2850 e
336 2823 394 2850 ex
414 2822 543 2857 corr„
564 2810 671 2861 fort.
695 2822 893 2861 namque
917 2814 962 2850 et
983 2810 1113 2850 illum
1183 2812 1235 2850 14
1256 2810 1494 2859 omnisque
1514 2806 1699 2858 generis
1723 2804 1802 2868 ho3

190 2879 298 2908 nore
320 2866 361 2906 P
418 2867 469 2906 17
493 2878 783 2907 excursorem
805 2867 968 2907 Aldus:
1001 2867 1353 2917 excussioremq.
1379 2864 1418 2903 B
1476 2864 1531 2903 24
1553 2860 1789 2903 obiectoB

304 2924 358 2963 26
380 2935 472 2963 non
491 2923 640 2975 possit
668 2924 709 2962 V
766 2925 818 2963 32
842 2923 900 2962 M.
924 2923 1102 2963 uolsius
1130 2923 1171 2962 V
