1936 3120
233 145 339 199 436
901 135 998 196 Ll'ss.
1039 151 1161 196 vnn.

235 258 402 311 fuerit
426 257 720 310 reuocata?
797 257 866 309 ad
905 277 1193 325 summam,
1236 276 1359 310 cum
1385 260 1558 331 ‘penes
1584 252 1840 317 -illamsit

203 336 211 343 '
237 329 435 395 timeri,
464 346 629 398 penes
655 346 751 380 nos
781 328 852 381 sit
885 327 1080 381 odisse.
1773 345 1776 346 ’

348 401 394 452 ].
442 398 507 450 L.
545 396 722 465 Sulla,
761 416 922 469 quem
958 417 1132 471 neque
1166 399 1390 454 laudare
1424 420 1600 474 neque
1630 404 1841 475 uitupe-

238 487 358 521 rare
381 470 673 540 quisquam
713 469 847 524 satis
875 469 1038 539 digne
1073 478 1283 541 potest,
1323 471 1451 542 quia
1477 473 1607 525 dum
1633 474 1846 544 quaerit

190 559 215 591 5
237 540 494 592 uictorias
510 579 525 606 ,
563 538 653 591 Sci
695 540 875 592 ionem
902 559 959 592 se
994 540 1194 610 populo
1221 541 1466 594 Romano
1477 582 1491 609 ,
1529 543 1661 596 dum
1694 563 1844 597 exer-

238 618 349 678 cet,
390 558 758 663 HannibaPem
794 611 1228 681 repraesentauit
1266 643 1328 651 —-
1367 615 1584 683 egregie
1612 633 1845 686 namque

238 682 561 734 auctoritate
581 680 883 734 nobilitatis
907 681 1134 734 defensa
1152 680 1447 734 crudeliter
1465 691 1637 737 totam
1658 685 1845 738 urbem

240 760 403 823 atque
430 770 616 804 omnes
644 751 839 804 Italiae
875 759 1057 823 partes
1093 751 1269 804 ciuilis
1308 753 1589 823 sanguinis
1615 753 1844 807 flumini-

239 823 342 876 bus
370 821 661 875 inundauit
692 854 748 860 —
773 862 787 890 ,
825 830 1081 893 quattuor
1117 822 1358 892 legiones
1395 825 1700 878 contrariae
1724 843 1845 896 par-

177 894 342 960 iosstis,
390 892 554 945 fidem
592 911 749 945 suam
786 902 1029 959 secutas,
1075 893 1131 945 in
1165 892 1385 964 publica
1421 894 1580 962 uilla,
1627 914 1766 967 quae
1791 896 1849 947 in

240 964 440 1016 Martio
469 981 659 1034 campo
688 971 835 1030 erat,
873 965 1205 1035 nequiquam
1230 963 1440 1017 fallacis
1469 966 1725 1018 dexterae
1750 967 1847 1018 mi-

243 1033 595 1087 sericordiam
622 1033 958 1105 inplorantes
976 1075 990 1101 ‚
1030 1035 1342 1088 obtruncari
1368 1035 1544 1088 iussit.
1619 1055 1849 1108 quarum

239 1103 615 1158 lamentabiles
643 1105 936 1176 quiritatus
964 1105 1210 1176 trepidae
1247 1105 1485 1159 ciuitatis
1522 1125 1678 1160 aures
1705 1125 1848 1160 rece-

170 1188 179 1197 '
242 1183 455 1248 perum,
485 1175 723 1228 lacerata
749 1175 893 1229 ferro
921 1195 1151 1247 corpora
1172 1177 1389 1230 Tiberis
1416 1177 1689 1248 inpatiens
1710 1178 1851 1231 tanti

180 1267 222 1299 15
247 1247 425 1300 oneris
454 1247 751 1299 cruentatis
780 1248 937 1318 aquis
965 1247 1162 1299 uehere
1189 1256 1272 1301 est
1306 1256 1542 1301 coactus,
1613 1248 1849 1319 quinque
1923 1290 1925 1294 .

242 1317 395 1370 milia
430 1317 908 1370 Praenestinorum
945 1336 1039 1388 spe
1090 1317 1280 1370 salutis
1317 1334 1414 1388 per
1449 1319 1508 1370 P.
1550 1318 1851 1388 Cethegum
1888 1372 1892 1373 ⁷

245 1389 374 1441 data
411 1396 569 1440 extra
606 1388 820 1440 moenia
854 1387 1136 1458 municipii
1173 1396 1425 1452 euocata,
1466 1407 1588 1440 cum
1623 1389 1848 1442 abiectis

244 1459 408 1511 armis
435 1458 585 1510 humi
612 1476 840 1528 corpora
861 1458 1301 1529 prostrauissent,
1329 1458 1710 1511 interficienda
1729 1478 1848 1530 pro-

242 1530 500 1600 tinusque
535 1547 631 1599 per
676 1547 837 1597 agros
883 1528 1247 1599 dispergenda
1291 1529 1519 1581 curauit.
1631 1537 1852 1582 uattuor

180 1621 222 1653 20
243 1599 395 1652 milia
431 1608 485 1652 et
521 1599 895 1670 septingentos
935 1598 1085 1652 dirae
1119 1599 1532 1670 proscriptionis
1567 1618 1596 1652 e
1637 1600 1747 1653 icto
1773 1601 1850 1652 iu-

246 1670 461 1741 gulatos
489 1672 545 1722 in
571 1669 786 1722 tabulas
813 1669 1065 1740 publicas
1093 1669 1332 1737 rettulit,
1373 1668 1628 1722 uidelicet
1652 1689 1719 1723 ne
1743 1688 1850 1723 me-

245 1743 420 1795 moria
455 1751 567 1795 tam
601 1740 915 1811 praeclarae
943 1741 1021 1793 rei
1050 1741 1364 1793 dilueretur.
1441 1758 1541 1792 nec
1567 1748 1851 1794 contentus

245 1814 303 1864 in
340 1831 431 1865 eos
469 1812 707 1877 saeuire,
756 1811 1048 1883 quifarmis
1085 1830 1117 1864 a
1153 1830 1210 1864 se
1246 1811 1644 1878 dissenserant,
1687 1811 1852 1864 etiam
1923 1843 1925 1846 ⁴

249 1884 418 1954 quieti
457 1883 623 1935 animi
669 1883 816 1935 ciues
853 1890 1077 1954 propter
1119 1883 1380 1953 pecuniae
1423 1881 1853 1951 magnitudinem

182 1976 224 2008 25
247 1973 346 2025 per
394 1952 851 2006 nomenclatorem
902 1954 1232 2024 conquisitos
1283 1954 1712 2024 proscriptorum
1759 1971 1853 2004 nu-

248 2042 395 2077 mero
424 2024 638 2076 adiecit.
716 2023 978 2076 aduersus
1007 2024 1255 2076 mulieres
1285 2041 1498 2094 quoque
1524 2022 1735 2092 gladios
1765 2021 1853 2075 de-

138 2187 226 2222 Par.
252 2171 340 2217 lius
389 2173 584 2231 uestigia
635 2171 797 2231 pedum
849 2179 1094 2230 ponerent,
1146 2185 1307 2216 currus
1358 2169 1660 2215 conscendere
1714 2170 1853 2229 patic-

249 2242 430 2288 bantur.

356 2313 450 2358 DE
494 2312 975 2358 CRVDELITATE.
1055 2315 1091 2357 l.
1131 2313 1177 2357 L.
1220 2311 1343 2356 Sulla
1390 2317 1606 2371 quattuor
1648 2311 1852 2370 legiones

188 2401 229 2433 30
251 2385 507 2430 contrariae
542 2384 686 2445 partis
724 2385 769 2428 in
805 2383 987 2443 publica
1023 2382 1151 2433 uilla,
1196 2396 1308 2443 quae
1335 2383 1487 2427 iuncta
1512 2395 1669 2442 campo
1697 2381 1852 2427 Martio

253 2461 365 2506 erat,
393 2454 528 2500 iussit
554 2454 711 2500 occidi.
762 2454 869 2498 item
896 2453 937 2504 V
961 2453 1357 2500 Praenestinorum
1385 2459 1572 2498 euocata
1597 2466 1679 2513 per
1703 2452 1749 2498 P.
1779 2451 1856 2497 Ce-

252 2526 439 2587 thegum
468 2525 780 2578 obtruncauit,
818 2522 1050 2577 11—11DCC
1079 2525 1363 2585 proscripsit.
1427 2523 1542 2568 idem
1579 2523 1632 2568 M.
1670 2523 1854 2590 Marium

368 2669 817 2731 lsitimeripanesB'
854 2679 1077 2718 5exercet
1096 2677 1341 2721 saeuitiam
1354 2675 1625 2726 l.u.ian,q.
1677 2675 1853 2725 quuae

253 2735 301 2774 in
312 2734 370 2774 B:
394 2746 511 2785 quae
525 2734 685 2774 iuncta
707 2735 747 2773 P
766 2740 894 2781 recte,
917 2740 962 2773 ut
981 2734 1148 2773 uidetur
1190 2735 1240 2774 13
1262 2733 1467 2785 recipere
1490 2733 1596 2773 coni.
1619 2730 1763 2770 Periz.
1805 2729 1855 2767 16

256 2802 382 2843 spem
405 2783 459 2829 ¹B'
521 2793 571 2831 17
597 2794 815 2831 euocatos
839 2785 894 2830 B'
943 2792 997 2831 20
1019 2790 1147 2831 milia
1171 2793 1216 2830 et
1237 2788 1383 2830 DCC*
1405 2786 1581 2840 (DCCC
1601 2799 1669 2838 pr.
1691 2798 1741 2825 m.
1764 2782 1855 2835 ‘?)B

255 2848 309 2887 22
331 2846 615 2887 dilaberetur
636 2848 777 2888 Periz.
858 2848 911 2888 25
943 2846 1362 2887 nomenculatorem
1386 2855 1547 2897 conqu.
1571 2841 1613 2882 B
1631 2842 1710 2883 sed
1729 2839 1855 2881 cula-

258 2906 402 2944 torem
423 2916 509 2943 con
528 2905 571 2943 in
592 2917 679 2945 ras.
1777 2913 1791 2923 ·

370 2963 419 3002 31
445 2963 485 3004 V
507 2973 607 3001 nos:
641 2961 834 3013 quinque
865 2961 910 3000 V
962 2962 1015 3002 32
1036 2961 1105 3003 Πὶἶ
1132 2973 1229 3002 nos:
1261 2954 1447 3011 1111Vn
1467 2954 1587 2997 DCC
1607 2955 1723 2996 Vex
1741 2966 1857 2995 corr.
