1936 3120
31 88 103 138 ⁴⁷⁵!

391 113 510 157 CAP.
542 113 572 162 1,
602 113 752 158 Damn.
780 112 809 169 S
835 115 876 156 8
892 111 1034 157 Ami).
1061 112 1090 170 S
1122 115 1160 157 l.
1188 112 1306 162 2.11,
1338 115 1374 156 l.
1401 116 1469 185 2..
1530 133 1536 138 -
1623 105 1724 157 381

111 218 210 277 sed
234 217 327 271 ille
352 218 734 272 transferendo
791 219 1148 285 uaestionem,
1176 219 1234 270 hi
1255 217 1555 271 differendo
1579 217 1728 269 dam-

109 289 471 414 plssffgaailtgue
497 289 760 343 absoluen
802 290 821 340 i
846 289 1295 360 inexplicabilem
1323 289 1732 343 cunctationem

218 502 292 554 II.
341 505 440 553 DE
471 504 809 553 PRIVATIS
843 504 1147 553 IVDICIIS
1180 504 1611 554 INSIGNIBVS

217 597 459 653 Publicis
488 598 709 652 iudiciis
739 600 975 652 adiciam
1002 602 1249 670 priuata,
1297 618 1527 671 quorum
1550 599 1728 667 magis
1753 616 1774 648 5

111 670 359 739 aequitas
405 671 790 740 quaestionum
837 670 1108 723 delectare
1160 690 1322 741 quam
1373 669 1738 722 immoderata

112 741 275 794 turba
302 740 578 794 offendere
607 741 868 794 lectorem
894 742 1113 812 poterit

222 826 268 877 1.
309 824 576 877 Claudius
603 825 955 878 Centumalus
995 827 1062 907 ab
1102 826 1403 895 auguribus
1441 827 1621 877 iussus
1658 824 1732 878 al-

113 895 408 949 titudinem
434 897 624 949 domus
655 915 810 963 suae,
849 916 1010 967 quam
1044 897 1100 948 in
1128 897 1313 950 Caelio
1349 905 1533 949 monte
1566 884 1745 948 habe-

113 967 231 1032 bat,
262 969 620 1033 summittere,
650 969 778 1038 quia
805 968 882 1019 eis
911 987 979 1019 ex
1006 986 1129 1019 arce
1156 971 1445 1037 augurium
1472 965 1798 1037 capienti-10

112 1037 216 1090 bus
246 1036 555 1103 officiebat,
584 1038 836 1090 uendidit
863 1057 984 1090 eam
1011 1038 1309 1108 Calpurnio
1335 1039 1604 1104 Lanario,
1634 1054 1734 1088 nec

113 1107 383 1159 indicauit
418 1078 562 1178 quod
600 1110 927 1179 imperatum
963 1127 995 1159 a
1030 1109 1259 1177 collegio
1296 1127 1565 1178 augurum
1602 1115 1734 1174 erat.

115 1196 147 1230 a
148 1177 370 1258 quibus
393 1177 720 1248 Calpurnius
745 1178 993 1232 demoliri
1020 1180 1242 1232 domum
1266 1188 1487 1232 coactus
1506 1178 1583 1230 M.
1604 1178 1736 1229 Por-

113 1247 259 1300 cium
286 1248 570 1316 Catonem,
597 1249 791 1320 inclyti
808 1249 1033 1302 Catonis
1060 1259 1288 1320 patrem,
1317 1251 1586 1303 arbitrum
1613 1265 1736 1299 cum

114 1317 345 1372 Claudio
373 1318 610 1372 adduxit
635 1326 686 1372 in
713 1320 1032 1386 formulam,
1071 1320 1341 1391 quidquid
1367 1321 1474 1373 sibi
1501 1321 1630 1371 dare
1656 1319 1735 1370 fa·
1760 1334 1800 1367 15

113 1407 235 1441 cere
262 1399 540 1460 oporteret
568 1409 638 1442 ex
662 1391 770 1442 fide
800 1391 959 1443 bona.
1037 1391 1174 1444 Cato
1201 1400 1263 1443 ut
1289 1400 1373 1443 est
1409 1391 1637 1443 edoctus
1667 1389 1734 1440 de

114 1459 387 1540 industria
414 1460 709 1514 Claudium
735 1461 1074 1531 praedictum
1111 1461 1458 1514 sacerdotum
1486 1478 1736 1531 suppres-

119 1530 285 1595 sisse,
331 1532 589 1583 continuo
624 1531 780 1583 illum
817 1531 1112 1614 Calpurnio
1158 1532 1473 1598 damnauit,
1522 1548 1736 1583 summa

116 1599 334 1670 quidem
362 1619 483 1653 cum
512 1603 816 1672 aequitate,
855 1604 983 1674 quia
1017 1604 1194 1656 bonae
1230 1603 1360 1655 fidei
1393 1603 1736 1660 uenditorem

115 1689 216 1722 nec
251 1672 642 1724 conmodorum
690 1691 843 1742 spem
893 1692 1094 1742 augere
1129 1693 1229 1726 nec
1266 1672 1735 1726 incommodorum
1759 1688 1800 1720 20

118 1742 483 1810 cognitionem
511 1743 807 1795 obscurare
836 1752 1069 1813 oportet.

222 1811 274 1864 2.
313 1811 518 1864 Notum
564 1814 676 1864 suis
722 1815 1060 1884 temporibus
1105 1815 1367 1867 iudicium
1412 1831 1735 1867 commemo-

118 1973 202 2022 sit‚
242 1974 319 2033 qui
354 1974 559 2034 inspecta
599 1988 733 2019 causa
760 1982 806 2019 et
832 1982 1141 2021 accusatorem
1181 1983 1225 2020 et
1252 1990 1371 2021 ream
1411 1982 1517 2036 post
1554 1980 1735 2019 centum
1762 1982 1849 2015 Par.

118 2057 260 2089 annos
288 2043 343 2088 ad
369 2058 418 2089 se
445 2046 616 2090 reuerti
644 2046 891 2090 iusserunt.

224 2113 319 2159 DE
340 2114 666 2160 PRIVATIS
690 2115 994 2161 IVDICIIS.
1049 2120 1088 2162 1.
1124 2116 1335 2162 Claudius
1362 2115 1652 2162 Centumalus
1681 2113 1734 2159 ab
1758 2126 1798 2157 25

118 2184 369 2244 auguribus
418 2187 572 2231 iussus
618 2186 904 2232 altitudinem
946 2188 1107 2233 domus
1156 2202 1286 2239 suae,
1334 2202 1467 2248 quam
1505 2188 1550 2231 in
1588 2184 1736 2230 Caelio

117 2261 273 2300 monte
299 2255 508 2305 hahebat,
536 2259 835 2307 summittere,
867 2259 971 2317 quia
1000 2259 1064 2303 eis
1087 2266 1145 2303 ⁴ex
1172 2273 1274 2303 arce
1302 2259 1543 2317 augurium
1572 2256 1738 2301 facien-

119 2322 239 2370 tibus
268 2324 520 2375 officiebat,
558 2327 762 2371 uendidit
788 2342 884 2373 eam
912 2328 1156 2387 Calpurnio
1191 2343 1284 2373 non
1312 2329 1505 2372 indicata
1534 2341 1597 2371 re.
1660 2325 1739 2369 scd

117 2395 272 2440 iussus
298 2395 567 2454 Calpurnius
595 2396 778 2440 domum
805 2397 1014 2442 demoliri
1040 2398 1093 2442 M.
1117 2398 1347 2447 Catonem,
1375 2404 1552 2457 patrem
1580 2395 1737 2454 inclyti

120 2464 326 2514 Catonis,
372 2465 593 2510 arbitrum
628 2462 736 2510 'cum
787 2466 970 2512 Claudio
1014 2469 1207 2527 sumpsit
1252 2474 1298 2512 et
1342 2481 1444 2512 eum
1490 2466 1736 2511 damnauit.
1762 2476 1802 2507 30

233 2632 258 2670 3
280 2630 509 2670 notabant
530 2630 839 2670 Kellerbauer:
860 2631 1102 2671 mutabant
1125 2631 1188 2680 B,
1211 2633 1441 2672 nutabant
1463 2632 1500 2680 b,
1524 2630 1740 2670 uitabant

123 2686 307 2739 Guyetus
367 2688 392 2726 9
416 2686 545 2726 caelo
568 2680 624 2726 B'
685 2688 737 2727 10
760 2687 827 2727 eis
850 2688 912 2726 P:
935 2687 1006 2726 his
1027 2688 1069 2727 B
1131 2690 1182 2727 12
1206 2686 1463 2740 imperatua
1486 2687 1527 2727 B
1545 2699 1660 2728 corr.
1683 2699 1740 2726 ea:

120 2743 347 2807 ‘'wem‘'
429 2745 480 2783 ¹3
503 2743 1097 2852 Ροῖἕωᾱῗέῗξῑῖῗέηῗέᾷε)
1123 2742 1738 2840 ¹i5air¹3¹ssssss¹1¹n¹i¹112¹inmsssffli9

120 2793 445 2905 grgiiiffiztnnlli'm
456 2798 788 2895 θοῖΙέἅηίῑῗΠῗιω
783 2858 868 2903 alii,
887 2860 936 2896 ut
954 2857 1198 2896 formulam
1217 2857 1348 2898 daret
1365 2857 1387 2896 b
1407 2863 1447 2897 et
1464 2859 1566 2898 dett.
1588 2853 1607 2909 Η
1629 2812 1738 2895 dlare

121 2923 197 2952 om.
219 2911 242 2951 b
304 2913 355 2952 17
379 2887 578 2952 edietum
600 2914 703 2955 dett.
766 2914 818 2953 17
841 2913 1148 2966 suppressitse
1171 2906 1226 2953 B'
1286 2914 1341 2953 20
1364 2926 1562 2966 augure*
1583 2913 1625 2952 B
1676 2948 1694 2963 ,
