1924 3152
208 102 313 154 322
382 175 387 179 .
910 104 1009 149 Llss.
1049 105 1115 155 VJ.
1144 87 1150 96 '
1172 120 1182 129 ·

209 213 448 264 fructum
475 210 986 278 adprehendebant,
1014 219 1146 264 uota
1170 213 1631 283 nuncupabantur
1654 212 1830 265 simul⁴

210 292 263 335 et
290 281 666 347 soluebantur,
694 279 834 333 uelle
861 299 924 333 ac
949 300 1112 351 posse
1138 281 1196 334 in
1221 301 1392 353 aequo
1418 283 1654 354 positum
1681 291 1822 335 erat.

211 351 377 404 semel
405 350 692 403 dumtaxat
717 350 930 403 uultum
955 352 1214 418 mutauit,
1250 371 1512 423 perquam
1535 353 1696 407 breui
1720 353 1815 406 tri-

140 472 141 476 ,
211 422 396 474 stitiae
423 421 638 474 salebra
663 439 1005 488 succussum,
1044 431 1172 475 tunc
1209 441 1331 475 cum
1365 423 1660 477 admodum
1695 441 1816 493 gra-

162 506 183 536 5
210 501 325 545 tum
354 491 459 544 sibi
486 490 704 543 anulum
733 490 799 543 de
832 491 1104 544 industria
1128 493 1186 544 in
1222 493 1575 563 profundum,
1611 512 1680 545 ne
1705 511 1820 546 om-

207 563 291 616 nis
327 562 655 615 incommodi
691 580 886 631 expers
926 568 1093 628 esset7
1133 563 1348 616 abiecit.
1438 582 1597 634 quem
1631 570 1815 615 tamen

209 634 465 686 continuo
492 633 841 702 recuperauit
869 641 1026 702 capto
1053 634 1219 703 pisce,
1248 635 1340 702 qui
1367 652 1489 685 eum
1515 633 1811 686 deuoraue-

207 712 310 755 rat.
352 703 447 754 sed
472 702 634 768 hunc,
663 702 814 753 cuius
840 702 1075 754 felicitas
1104 721 1316 772 semper
1339 703 1512 772 plenis
1534 703 1670 754 uelis
1691 721 1816 772 pro-

209 791 428 844 sperum
454 791 673 824 cursum
699 773 899 838 tenuit,
939 772 1173 824 Orontes
1192 813 1205 839 ,
1238 773 1378 824 Dari
1401 772 1545 841 regis
1572 772 1812 842 praefec-

142 857 183 888 10
209 851 315 909 tus⁷
343 843 401 894 in
428 841 795 895 excelsissimo
823 841 1156 912 Mycalensis
1190 844 1390 896 montis
1423 843 1632 895 uertice
1667 842 1813 895 cruci

207 914 406 967 adfixit
415 954 429 980 7
469 932 496 965 e
524 931 631 983 qua
656 922 841 983 putres
871 913 985 965 eius
1014 921 1164 965 artus
1192 922 1245 965 et
1271 912 1458 966 tabido
1486 930 1677 965 cruore
1702 931 1817 964 ma-

206 984 393 1036 nantia
429 983 673 1035 membra
719 992 882 1053 atque
926 982 1077 1035 illam
1120 983 1359 1049 laeuam,
1405 983 1491 1035 cui
1526 983 1816 1053 Neptunus-

207 1054 430 1106 anulum
464 1053 747 1123 piscatoris
788 1072 953 1105 manu
987 1054 1331 1120 restituerat,
1374 1053 1482 1106 situ
1517 1051 1815 1105 marcidam

208 1124 428 1190 SamOS,
474 1142 662 1176 amara
697 1124 959 1177 seruitute
996 1123 1332 1194 aliquamdiu
1366 1142 1581 1194 pressa,
1624 1122 1815 1177 liberis

144 1208 185 1240 15
209 1213 270 1247 ac
297 1194 455 1247 laetis
484 1194 651 1247 oculis
680 1195 913 1265 aspexit.

313 1265 362 1317 6.
402 1264 706 1334 Dionysius
746 1274 952 1330 autem,
999 1283 1120 1316 cum
1164 1263 1482 1316 hereditatis
1526 1262 1743 1316 nomine
1781 1281 1818 1314 a

206 1343 363 1406 patre
390 1333 859 1405 Syracusanorum
885 1353 946 1386 ac
973 1352 1144 1404 paene
1179 1334 1346 1386 totius
1375 1333 1590 1385 Siciliae
1626 1341 1811 1403 tyran-

205 1406 388 1458 nidem
414 1404 743 1473 accepisset,
771 1404 1130 1456 maximarum
1158 1423 1320 1473 opum
1348 1402 1595 1456 dominus
1609 1443 1622 1469 7
1660 1421 1812 1455 exer-

209 1477 411 1527 cituum
463 1474 603 1540 dux,
654 1483 835 1527 rector
875 1473 1129 1526 classium
1146 1515 1158 1539 ,
1212 1475 1550 1544 equitatuum
1599 1480 1812 1542 potem,

142 1560 185 1590 20
208 1554 430 1616 propter
475 1544 717 1614 inopiam
758 1544 969 1611 litteras
1015 1543 1270 1614 puerulos
1309 1542 1558 1595 Corinthi
1608 1542 1813 1608 docuit,

209 1615 505 1684 eodemque
532 1623 776 1685 tempore
803 1623 957 1666 tanta
983 1615 1283 1667 mutatione
1308 1613 1538 1666 maiores
1566 1621 1715 1679 natu,
1742 1630 1813 1663 ne
1840 1670 1842 1673 ¹

207 1685 327 1756 quis
354 1685 513 1738 nimis
544 1685 795 1737 fortunae
823 1685 1087 1752 crederet,
1115 1684 1377 1753 magister
1401 1683 1517 1735 ludi
1542 1683 1724 1736 factus
1743 1701 1813 1734 ex

206 1765 441 1827 tyranno
469 1755 696 1808 monuit.

315 1827 363 1878 7.
404 1825 658 1895 Sequitur
691 1826 834 1878 hunc
862 1825 1090 1896 Syphax
1114 1843 1239 1892 rex,
1279 1823 1614 1876 consimilem
1639 1822 1810 1876 fortu-

141 1909 183 1941 25
206 1915 309 1948 nae
334 1896 680 1966 iniquitatem
715 1904 970 1966 expertus
983 1935 998 1961 ‚
1034 1909 1192 1966 quem
1230 1895 1464 1947 amicum
1489 1893 1614 1946 hinc
1639 1893 1816 1945 Roma

136 1982 145 1985 ’
205 1985 303 2036 per
337 1965 645 2035 Scipionem
662 2006 676 2032 7
727 1966 877 2018 illinc
926 1966 1211 2034 Karthago
1263 1984 1361 2035 per
1405 1962 1811 2021 Hasdrubalem

205 2036 350 2088 ultro
375 2037 606 2105 petitum
633 2035 704 2087 ad
728 2044 952 2105 penates
981 2036 1109 2087 deos
1139 2038 1252 2087 eius
1280 2043 1520 2086 uenerat.
1573 2042 1811 2085 ceterum

209 2124 271 2159 eo
308 2105 573 2157 claritatis
612 2115 859 2171 euectus,
898 2114 959 2157 ut
992 2104 1458 2156 ualidissimorum
1486 2101 1810 2172 populorum

207 2184 421 2232 tantum
445 2194 555 2227 non
582 2175 787 2227 arbiter
811 2175 1072 2227 uictoriae
1101 2173 1394 2239 existeret,
1423 2173 1580 2243 parui
1607 2181 1811 2241 tempo-

144 2260 187 2292 30
210 2247 284 2311 ris
312 2245 597 2297 interiecta
624 2262 776 2296 mora
802 2252 1082 2298 catenatus
1112 2263 1143 2296 a
1167 2243 1354 2296 Laelio
1382 2242 1571 2312 *legato
1606 2242 1675 2294 ad
1701 2240 1813 2294 Sci·

88 2373 186 2408 Par.
211 2365 470 2425 praefectus
497 2365 540 2409 in
569 2363 872 2409 excelsissimo
884 2363 1077 2424 Mycales
1104 2362 1272 2408 montis
1298 2363 1470 2407 uertice
1496 2361 1619 2407 cruci
1647 2359 1812 2406 adfixit.

209 2438 249 2480 6.
278 2434 517 2495 Dionysius
547 2442 766 2494 tyrannus
793 2441 899 2494 post
927 2448 1036 2494 opes
1066 2439 1226 2484 tantas,
1255 2439 1362 2492 post
1388 2431 1665 2490 dignitatem,
1693 2429 1812 2476 deie-

207 2512 309 2551 ctus
337 2520 359 2550 a
388 2505 587 2564 fastigio,
614 2506 835 2564 magister
860 2503 951 2549 ludi
982 2503 1081 2548 suit.
1159 2508 1196 2548 7.
1238 2503 1431 2562 Syphax,
1460 2515 1537 2546 rex
1562 2499 1730 2546 nobilis
1758 2498 1812 2544 ti-

324 2616 344 2653 1
370 2614 566 2654 fractum
589 2615 645 2666 B,
669 2613 842 2654 factum
866 2613 888 2653 b
949 2615 973 2653 3
996 2623 1122 2665 perq.
1146 2603 1201 2651 B'
1268 2612 1294 2650 4
1318 2607 1500 2650 selebi-a
1518 2602 1574 2649 B'
1633 2610 1658 2649 9
1680 2618 1809 2648 oran-

158 2680 161 2683 ’
206 2673 276 2710 tes
299 2663 353 2709 B'
394 2667 412 2723 Η
452 2670 568 2709 darii
590 2671 612 2710 b
674 2672 727 2710 10
748 2669 955 2720 Mycales
982 2670 1030 2719 P,
1052 2675 1096 2707 ut
1120 2673 1181 2708 esc
1203 2669 1244 2707 in
1266 2667 1374 2708 Just.
1396 2669 1436 2712 2,
1459 2659 1525 2712 11,
1550 2668 1575 2703 7
1605 2711 1614 2725 ⁰
1643 2665 1692 2702 11
1715 2674 1811 2702 ma-

206 2726 369 2766 nantia
390 2727 432 2766 B
450 2728 495 2766 in
515 2740 605 2768 ras.
649 2728 699 2766 12
722 2725 926 2766 leuamB
978 2727 1027 2764 21
1054 2727 1230 2763 tantam
1253 2719 1603 2762 mutationemB
1631 2720 1700 2782 '22
1717 2718 1812 2758 fac-

207 2787 280 2822 tus
304 2782 344 2822 B
369 2779 486 2832 (fact
507 2785 550 2822 in
571 2782 679 2832 raS.)
741 2783 793 2822 24
816 2794 962 2833 sypax
985 2780 1038 2826 B,
1063 2780 1197 2831 syfax
1219 2780 1242 2819 b
1302 2781 1354 2818 27
1376 2774 1630 2830 penatosB
1662 2770 1683 2828 ss
1703 2774 1812 2814 deos

206 2839 432 2879 Perizonio
454 2845 692 2890 suspectum
780 2839 833 2878 29
854 2851 942 2878 non
965 2841 1142 2876 tantum
1166 2835 1339 2875 arbiter
1360 2833 1439 2874 sed
1469 2836 1515 2872 et
1544 2832 1691 2872 uictor
1719 2830 1742 2870 b
1787 2827 1808 2882 Η

203 2894 459 2936 *uictoriae
483 2893 525 2934 B
