<?xml version="1.0" encoding="UTF-8"?>
<!DOCTYPE html PUBLIC "-//W3C//DTD XHTML 1.0 Transitional//EN"
    "http://www.w3.org/TR/xhtml1/DTD/xhtml1-transitional.dtd">
<html xmlns="http://www.w3.org/1999/xhtml" xml:lang="en" lang="en">
 <head>
  <title>
</title>
<meta http-equiv="Content-Type" content="text/html;charset=utf-8" />
  <meta name='ocr-system' content='tesseract 3.04.00' />
  <meta name='ocr-capabilities' content='ocr_page ocr_carea ocr_par ocr_line ocrx_word'/>
</head>
<body>
  <div class='ocr_page' id='page_1' title='image "./factorumetdictor00valeuoft_0148.png"; bbox 0 0 1924 3152; ppageno 0'>
   <div class='ocr_carea' id='block_1_1' title="bbox 1343 0 1800 49">
    <p class='ocr_par' dir='ltr' id='par_1_1' title="bbox 1343 0 1800 49">
     <span class='ocr_line' id='line_1_1' title="bbox 1343 0 1800 49; baseline 0 3103"><span class='ocrx_word' id='word_1_1' title='bbox 1343 0 1800 49; x_wconf 95' lang='lat' dir='ltr'> </span> 
     </span>
    </p>
   </div>
   <div class='ocr_carea' id='block_1_2' title="bbox 202 118 1102 171">
    <p class='ocr_par' dir='ltr' id='par_1_2' title="bbox 202 118 1102 171">
     <span class='ocr_line' id='line_1_2' title="bbox 202 118 1102 171; baseline -0.003 0"><span class='ocrx_word' id='word_1_2' title='bbox 202 118 304 171; x_wconf 81' lang='grc'>120</span> <span class='ocrx_word' id='word_1_3' title='bbox 896 122 997 170; x_wconf 79' lang='lat' dir='ltr'><strong>LIB.</strong></span> <span class='ocrx_word' id='word_1_4' title='bbox 1032 122 1102 168; x_wconf 85' lang='lat'>111.</span> 
     </span>
    </p>
   </div>
   <div class='ocr_carea' id='block_1_3' title="bbox 135 227 1894 1912">
    <p class='ocr_par' dir='ltr' id='par_1_3' title="bbox 200 227 1815 510">
     <span class='ocr_line' id='line_1_3' title="bbox 200 227 1815 304; baseline 0.002 -21"><span class='ocrx_word' id='word_1_5' title='bbox 200 230 458 284; x_wconf 86' lang='lat' dir='ltr'>officium.</span> <span class='ocrx_word' id='word_1_6' title='bbox 537 230 625 281; x_wconf 88' lang='lat' dir='ltr'>cui</span> <span class='ocrx_word' id='word_1_7' title='bbox 674 236 879 281; x_wconf 88' lang='lat' dir='ltr'>secreto</span> <span class='ocrx_word' id='word_1_8' title='bbox 915 227 1110 281; x_wconf 87' lang='lat' dir='ltr'>Porcia</span> <span class='ocrx_word' id='word_1_9' title='bbox 1161 234 1295 282; x_wconf 76' lang='lat' dir='ltr'>‘non</span> <span class='ocrx_word' id='word_1_10' title='bbox 1339 239 1424 284; x_wconf 87' lang='lat' dir='ltr'>est</span> <span class='ocrx_word' id='word_1_11' title='bbox 1449 228 1588 285; x_wconf 61' lang='lat' dir='ltr'>‘hoc&#39;</span> <span class='ocrx_word' id='word_1_12' title='bbox 1636 233 1815 304; x_wconf 81' lang='lat' dir='ltr'>inquit</span> 
     </span>
     <span class='ocr_line' id='line_1_4' title="bbox 201 298 1814 365; baseline 0.002 -12"><span class='ocrx_word' id='word_1_13' title='bbox 201 298 575 353; x_wconf 78' lang='lat' dir='ltr'>‘temerarium</span> <span class='ocrx_word' id='word_1_14' title='bbox 611 299 821 351; x_wconf 89' lang='lat' dir='ltr'>factum</span> <span class='ocrx_word' id='word_1_15' title='bbox 846 317 1054 365; x_wconf 85' lang='lat' dir='ltr'>meum,</span> <span class='ocrx_word' id='word_1_16' title='bbox 1093 298 1190 352; x_wconf 84' lang='lat' dir='ltr'>sed</span> <span class='ocrx_word' id='word_1_17' title='bbox 1221 300 1279 352; x_wconf 89' lang='lat' dir='ltr'>in</span> <span class='ocrx_word' id='word_1_18' title='bbox 1311 299 1410 354; x_wconf 90' lang='lat' dir='ltr'>tali</span> <span class='ocrx_word' id='word_1_19' title='bbox 1436 309 1585 355; x_wconf 88' lang='lat' dir='ltr'>statu</span> <span class='ocrx_word' id='word_1_20' title='bbox 1619 312 1814 357; x_wconf 89' lang='lat' dir='ltr'>nostro</span> 
     </span>
     <span class='ocr_line' id='line_1_5' title="bbox 200 369 1813 445; baseline 0.002 -23"><span class='ocrx_word' id='word_1_21' title='bbox 200 372 401 422; x_wconf 85' lang='lat' dir='ltr'>amoris</span> <span class='ocrx_word' id='word_1_22' title='bbox 436 369 543 420; x_wconf 90' lang='lat' dir='ltr'>mei</span> <span class='ocrx_word' id='word_1_23' title='bbox 582 386 712 438; x_wconf 85' lang='lat' dir='ltr'>erga</span> <span class='ocrx_word' id='word_1_24' title='bbox 746 377 800 422; x_wconf 90' lang='lat' dir='ltr'>te</span> <span class='ocrx_word' id='word_1_25' title='bbox 837 371 1200 422; x_wconf 87' lang='lat' dir='ltr'>certissimum</span> <span class='ocrx_word' id='word_1_26' title='bbox 1234 370 1522 424; x_wconf 86' lang='lat' dir='ltr'>indicium:</span> <span class='ocrx_word' id='word_1_27' title='bbox 1574 375 1813 445; x_wconf 81' lang='lat' dir='ltr'>experiri</span> 
     </span>
     <span class='ocr_line' id='line_1_6' title="bbox 200 438 1815 510; baseline 0.002 -17"><span class='ocrx_word' id='word_1_28' title='bbox 200 441 343 493; x_wconf 92' lang='lat' dir='ltr'>enim</span> <span class='ocrx_word' id='word_1_29' title='bbox 378 438 554 506; x_wconf 82' lang='lat' dir='ltr'>uolui,</span> <span class='ocrx_word' id='word_1_30' title='bbox 609 439 653 490; x_wconf 90' lang='lat' dir='ltr'>si</span> <span class='ocrx_word' id='word_1_31' title='bbox 690 439 792 492; x_wconf 86' lang='lat' dir='ltr'>tibi</span> <span class='ocrx_word' id='word_1_32' title='bbox 826 440 1168 510; x_wconf 89' lang='lat' dir='ltr'>propositum</span> <span class='ocrx_word' id='word_1_33' title='bbox 1203 459 1396 510; x_wconf 89' lang='lat' dir='ltr'>parum</span> <span class='ocrx_word' id='word_1_34' title='bbox 1443 461 1513 495; x_wconf 87' lang='lat' dir='ltr'>ex</span> <span class='ocrx_word' id='word_1_35' title='bbox 1546 444 1815 496; x_wconf 88' lang='lat' dir='ltr'>sententia</span> 
     </span>
    </p>

    <p class='ocr_par' dir='ltr' id='par_1_4' title="bbox 161 510 1818 651">
     <span class='ocr_line' id='line_1_7' title="bbox 161 510 1818 579; baseline 0.005 -21"><span class='ocrx_word' id='word_1_36' title='bbox 161 528 180 558; x_wconf 85' lang='lat'><strong>5</strong></span> <span class='ocrx_word' id='word_1_37' title='bbox 204 510 484 576; x_wconf 80' lang='lat' dir='ltr'>cessisset,</span> <span class='ocrx_word' id='word_1_38' title='bbox 525 527 688 579; x_wconf 92' lang='lat' dir='ltr'>quam</span> <span class='ocrx_word' id='word_1_39' title='bbox 725 527 895 579; x_wconf 87' lang='lat' dir='ltr'>aequo</span> <span class='ocrx_word' id='word_1_40' title='bbox 934 511 1113 563; x_wconf 87' lang='lat' dir='ltr'>animo</span> <span class='ocrx_word' id='word_1_41' title='bbox 1142 529 1228 563; x_wconf 92' lang='lat' dir='ltr'>me</span> <span class='ocrx_word' id='word_1_42' title='bbox 1255 510 1400 563; x_wconf 89' lang='lat' dir='ltr'>ferro</span> <span class='ocrx_word' id='word_1_43' title='bbox 1437 531 1614 565; x_wconf 89' lang='lat' dir='ltr'>essem</span> <span class='ocrx_word' id='word_1_44' title='bbox 1647 514 1818 567; x_wconf 78' lang='lat' dir='ltr'>inter·</span> 
     </span>
     <span class='ocr_line' id='line_1_8' title="bbox 201 586 499 651; baseline -0.003 -19"><span class='ocrx_word' id='word_1_45' title='bbox 201 586 499 651; x_wconf 77' lang='lat' dir='ltr'>einptura&#39;.</span> 
     </span>
    </p>

    <p class='ocr_par' dir='ltr' id='par_1_5' title="bbox 198 649 1819 861">
     <span class='ocr_line' id='line_1_9' title="bbox 309 649 1818 724; baseline 0.003 -23"><span class='ocrx_word' id='word_1_46' title='bbox 309 650 390 702; x_wconf 85' lang='lat'>16.</span> <span class='ocrx_word' id='word_1_47' title='bbox 450 649 685 702; x_wconf 81' lang='lat' dir='ltr'>Felicior</span> <span class='ocrx_word' id='word_1_48' title='bbox 719 652 980 720; x_wconf 88' lang='lat' dir='ltr'>progenie</span> <span class='ocrx_word' id='word_1_49' title='bbox 1015 669 1114 702; x_wconf 89' lang='lat' dir='ltr'>sua</span> <span class='ocrx_word' id='word_1_50' title='bbox 1150 653 1398 722; x_wconf 82' lang='lat' dir='ltr'>superior</span> <span class='ocrx_word' id='word_1_51' title='bbox 1434 652 1600 719; x_wconf 71' lang='lat' dir='ltr'>Cam,</span> <span class='ocrx_word' id='word_1_52' title='bbox 1639 672 1673 705; x_wconf 88' lang='lat' dir='ltr'>a</span> <span class='ocrx_word' id='word_1_53' title='bbox 1706 672 1818 724; x_wconf 87' lang='lat' dir='ltr'>quo</span> 
     </span>
     <span class='ocr_line' id='line_1_10' title="bbox 199 719 1819 793; baseline 0.002 -21"><span class='ocrx_word' id='word_1_54' title='bbox 199 721 429 774; x_wconf 78' lang='lat' dir='ltr'>Porciae</span> <span class='ocrx_word' id='word_1_55' title='bbox 472 719 714 772; x_wconf 87' lang='lat' dir='ltr'>familiae</span> <span class='ocrx_word' id='word_1_56' title='bbox 755 720 1027 791; x_wconf 89' lang='lat' dir='ltr'>principia</span> <span class='ocrx_word' id='word_1_57' title='bbox 1069 730 1381 775; x_wconf 88' lang='lat' dir='ltr'>manarunt.</span> <span class='ocrx_word' id='word_1_58' title='bbox 1455 724 1549 793; x_wconf 88' lang='lat' dir='ltr'>qui</span> <span class='ocrx_word' id='word_1_59' title='bbox 1585 741 1707 775; x_wconf 90' lang='lat' dir='ltr'>cum</span> <span class='ocrx_word' id='word_1_60' title='bbox 1742 724 1819 777; x_wconf 88' lang='lat' dir='ltr'>ab</span> 
     </span>
     <span class='ocr_line' id='line_1_11' title="bbox 198 790 1815 861; baseline 0.002 -20"><span class='ocrx_word' id='word_1_61' title='bbox 198 791 351 843; x_wconf 89' lang='lat' dir='ltr'>hoste</span> <span class='ocrx_word' id='word_1_62' title='bbox 377 792 434 843; x_wconf 90' lang='lat' dir='ltr'>in</span> <span class='ocrx_word' id='word_1_63' title='bbox 460 791 576 843; x_wconf 88' lang='lat' dir='ltr'>acie</span> <span class='ocrx_word' id='word_1_64' title='bbox 602 790 951 843; x_wconf 89' lang='lat' dir='ltr'>uehementer</span> <span class='ocrx_word' id='word_1_65' title='bbox 978 794 1012 857; x_wconf 84' lang='lat'>†</span> <span class='ocrx_word' id='word_1_66' title='bbox 1037 790 1264 861; x_wconf 90' lang='lat' dir='ltr'>paruulo</span> <span class='ocrx_word' id='word_1_67' title='bbox 1290 800 1585 861; x_wconf 86' lang='lat' dir='ltr'>peteretur,</span> <span class='ocrx_word' id='word_1_68' title='bbox 1612 793 1815 861; x_wconf 86' lang='lat' dir='ltr'>uagina</span> 
     </span>
    </p>

    <p class='ocr_par' dir='ltr' id='par_1_6' title="bbox 135 859 1819 1211">
     <span class='ocr_line' id='line_1_12' title="bbox 135 859 1819 933; baseline 0.003 -22"><span class='ocrx_word' id='word_1_69' title='bbox 135 879 177 908; x_wconf 78' lang='lat'>10</span> <span class='ocrx_word' id='word_1_70' title='bbox 200 860 416 930; x_wconf 76' lang='lat' dir='ltr'>gladius</span> <span class='ocrx_word' id='word_1_71' title='bbox 455 863 570 913; x_wconf 90' lang='lat' dir='ltr'>eius</span> <span class='ocrx_word' id='word_1_72' title='bbox 609 859 826 931; x_wconf 88' lang='lat' dir='ltr'>elapsus</span> <span class='ocrx_word' id='word_1_73' title='bbox 855 859 1071 913; x_wconf 87' lang='lat' dir='ltr'>decidit.</span> <span class='ocrx_word' id='word_1_74' title='bbox 1134 879 1294 931; x_wconf 91' lang='lat' dir='ltr'>quem</span> <span class='ocrx_word' id='word_1_75' title='bbox 1330 862 1634 915; x_wconf 88' lang='lat' dir='ltr'>subiectum</span> <span class='ocrx_word' id='word_1_76' title='bbox 1658 862 1819 933; x_wconf 81' lang='lat' dir='ltr'>proc--</span> 
     </span>
     <span class='ocr_line' id='line_1_13' title="bbox 197 930 1814 1003; baseline 0.001 -20"><span class='ocrx_word' id='word_1_77' title='bbox 197 931 449 983; x_wconf 89' lang='lat' dir='ltr'>liantium</span> <span class='ocrx_word' id='word_1_78' title='bbox 474 930 638 1000; x_wconf 87' lang='lat' dir='ltr'>globo</span> <span class='ocrx_word' id='word_1_79' title='bbox 676 940 838 1001; x_wconf 89' lang='lat' dir='ltr'>atque</span> <span class='ocrx_word' id='word_1_80' title='bbox 872 931 1114 1001; x_wconf 90' lang='lat' dir='ltr'>undique</span> <span class='ocrx_word' id='word_1_81' title='bbox 1138 931 1426 985; x_wconf 90' lang='lat' dir='ltr'>hostilibus</span> <span class='ocrx_word' id='word_1_82' title='bbox 1452 932 1686 1003; x_wconf 89' lang='lat' dir='ltr'>pedibus</span> <span class='ocrx_word' id='word_1_83' title='bbox 1713 932 1814 984; x_wconf 86' lang='lat' dir='ltr'>cir-</span> 
     </span>
     <span class='ocr_line' id='line_1_14' title="bbox 199 1001 1819 1071; baseline 0.001 -17"><span class='ocrx_word' id='word_1_84' title='bbox 199 1001 516 1054; x_wconf 86' lang='lat' dir='ltr'>cumdatum</span> <span class='ocrx_word' id='word_1_85' title='bbox 541 1009 833 1071; x_wconf 82' lang='lat' dir='ltr'>postquam</span> <span class='ocrx_word' id='word_1_86' title='bbox 870 1001 1063 1054; x_wconf 88' lang='lat' dir='ltr'>abesse</span> <span class='ocrx_word' id='word_1_87' title='bbox 1091 1001 1196 1054; x_wconf 89' lang='lat' dir='ltr'>sibi</span> <span class='ocrx_word' id='word_1_88' title='bbox 1222 1001 1638 1068; x_wconf 83' lang='lat' dir='ltr'>animaduertit,</span> <span class='ocrx_word' id='word_1_89' title='bbox 1675 1002 1819 1056; x_wconf 83' lang='lat' dir='ltr'>adeo</span> 
     </span>
     <span class='ocr_line' id='line_1_15' title="bbox 199 1071 1813 1142; baseline 0.001 -19"><span class='ocrx_word' id='word_1_90' title='bbox 199 1072 472 1124; x_wconf 82' lang='lat' dir='ltr'>constanti</span> <span class='ocrx_word' id='word_1_91' title='bbox 499 1072 675 1123; x_wconf 89' lang='lat' dir='ltr'>animo</span> <span class='ocrx_word' id='word_1_92' title='bbox 702 1071 759 1121; x_wconf 92' lang='lat' dir='ltr'>in</span> <span class='ocrx_word' id='word_1_93' title='bbox 781 1090 936 1123; x_wconf 88' lang='lat' dir='ltr'>suam</span> <span class='ocrx_word' id='word_1_94' title='bbox 961 1079 1291 1142; x_wconf 89' lang='lat' dir='ltr'>potestatem</span> <span class='ocrx_word' id='word_1_95' title='bbox 1316 1072 1548 1142; x_wconf 81' lang='lat' dir='ltr'>redegit,</span> <span class='ocrx_word' id='word_1_96' title='bbox 1574 1081 1636 1125; x_wconf 91' lang='lat' dir='ltr'>ut</span> <span class='ocrx_word' id='word_1_97' title='bbox 1658 1071 1813 1124; x_wconf 93' lang='lat' dir='ltr'>illum</span> 
     </span>
     <span class='ocr_line' id='line_1_16' title="bbox 198 1140 1814 1211; baseline 0 -17"><span class='ocrx_word' id='word_1_98' title='bbox 198 1160 308 1194; x_wconf 90' lang='lat' dir='ltr'>non</span> <span class='ocrx_word' id='word_1_99' title='bbox 333 1140 572 1211; x_wconf 91' lang='lat' dir='ltr'>periculo</span> <span class='ocrx_word' id='word_1_100' title='bbox 612 1149 906 1211; x_wconf 83' lang='lat' dir='ltr'>oppressus</span> <span class='ocrx_word' id='word_1_101' title='bbox 934 1160 1151 1211; x_wconf 83' lang='lat' dir='ltr'>rapere,</span> <span class='ocrx_word' id='word_1_102' title='bbox 1191 1143 1285 1194; x_wconf 91' lang='lat' dir='ltr'>sed</span> <span class='ocrx_word' id='word_1_103' title='bbox 1311 1150 1459 1194; x_wconf 87' lang='lat' dir='ltr'>metu</span> <span class='ocrx_word' id='word_1_104' title='bbox 1492 1160 1698 1194; x_wconf 88' lang='lat' dir='ltr'>uacuus</span> <span class='ocrx_word' id='word_1_105' title='bbox 1727 1161 1814 1195; x_wconf 86' lang='lat' dir='ltr'>su·</span> 
     </span>
    </p>

    <p class='ocr_par' dir='ltr' id='par_1_7' title="bbox 138 1211 1815 1351">
     <span class='ocr_line' id='line_1_17' title="bbox 138 1211 1814 1283; baseline 0.005 -25"><span class='ocrx_word' id='word_1_106' title='bbox 138 1228 180 1259; x_wconf 88' lang='lat'>15</span> <span class='ocrx_word' id='word_1_107' title='bbox 202 1230 348 1263; x_wconf 90' lang='lat' dir='ltr'>mere</span> <span class='ocrx_word' id='word_1_108' title='bbox 383 1211 681 1275; x_wconf 81' lang='lat' dir='ltr'>uideretur.</span> <span class='ocrx_word' id='word_1_109' title='bbox 742 1230 845 1281; x_wconf 92' lang='lat' dir='ltr'>quo</span> <span class='ocrx_word' id='word_1_110' title='bbox 883 1211 1194 1281; x_wconf 86' lang='lat' dir='ltr'>spectaculo</span> <span class='ocrx_word' id='word_1_111' title='bbox 1230 1211 1465 1264; x_wconf 80' lang='lat' dir='ltr'>adtoniti</span> <span class='ocrx_word' id='word_1_112' title='bbox 1500 1214 1683 1265; x_wconf 88' lang='lat' dir='ltr'>hostes</span> <span class='ocrx_word' id='word_1_113' title='bbox 1718 1231 1814 1283; x_wconf 87' lang='lat' dir='ltr'>po—</span> 
     </span>
     <span class='ocr_line' id='line_1_18' title="bbox 201 1280 1815 1351; baseline -0.002 -18"><span class='ocrx_word' id='word_1_114' title='bbox 201 1290 346 1334; x_wconf 89' lang='lat' dir='ltr'>stero</span> <span class='ocrx_word' id='word_1_115' title='bbox 375 1281 464 1334; x_wconf 91' lang='lat' dir='ltr'>die</span> <span class='ocrx_word' id='word_1_116' title='bbox 493 1281 564 1333; x_wconf 86' lang='lat' dir='ltr'>ad</span> <span class='ocrx_word' id='word_1_117' title='bbox 590 1299 714 1333; x_wconf 88' lang='lat' dir='ltr'>eum</span> <span class='ocrx_word' id='word_1_118' title='bbox 742 1280 1012 1351; x_wconf 90' lang='lat' dir='ltr'>supplices</span> <span class='ocrx_word' id='word_1_119' title='bbox 1039 1300 1230 1351; x_wconf 88' lang='lat' dir='ltr'>pacem</span> <span class='ocrx_word' id='word_1_120' title='bbox 1295 1289 1501 1334; x_wconf 90' lang='lat' dir='ltr'>etentes</span> <span class='ocrx_word' id='word_1_121' title='bbox 1527 1291 1815 1335; x_wconf 88' lang='lat' dir='ltr'>uenerunt..</span> 
     </span>
    </p>

    <p class='ocr_par' dir='ltr' id='par_1_8' title="bbox 201 1351 1894 1562">
     <span class='ocr_line' id='line_1_19' title="bbox 310 1351 1894 1423; baseline 0.001 -21"><span class='ocrx_word' id='word_1_122' title='bbox 310 1353 392 1403; x_wconf 88' lang='lat'>17.</span> <span class='ocrx_word' id='word_1_123' title='bbox 433 1352 620 1420; x_wconf 87' lang='lat' dir='ltr'>Togae</span> <span class='ocrx_word' id='word_1_124' title='bbox 646 1370 860 1422; x_wconf 90' lang='lat' dir='ltr'>quoque</span> <span class='ocrx_word' id='word_1_125' title='bbox 895 1351 1160 1404; x_wconf 88' lang='lat' dir='ltr'>fortitudo</span> <span class='ocrx_word' id='word_1_126' title='bbox 1189 1352 1263 1402; x_wconf 92' lang='lat' dir='ltr'>mi</span> <span class='ocrx_word' id='word_1_127' title='bbox 1286 1352 1520 1405; x_wconf 88' lang='lat' dir='ltr'>itaribus</span> <span class='ocrx_word' id='word_1_128' title='bbox 1556 1352 1815 1423; x_wconf 81' lang='lat' dir='ltr'>operibus</span> <span class='ocrx_word' id='word_1_129' title='bbox 1889 1416 1894 1421; x_wconf 25' lang='grc'>1</span> 
     </span>
     <span class='ocr_line' id='line_1_20' title="bbox 201 1420 1814 1492; baseline 0.001 -20"><span class='ocrx_word' id='word_1_130' title='bbox 201 1421 495 1474; x_wconf 89' lang='lat' dir='ltr'>inserenda</span> <span class='ocrx_word' id='word_1_131' title='bbox 521 1430 622 1488; x_wconf 82' lang='lat' dir='ltr'>est,</span> <span class='ocrx_word' id='word_1_132' title='bbox 651 1421 778 1491; x_wconf 88' lang='lat' dir='ltr'>quia</span> <span class='ocrx_word' id='word_1_133' title='bbox 804 1421 1033 1473; x_wconf 91' lang='lat' dir='ltr'>eandem</span> <span class='ocrx_word' id='word_1_134' title='bbox 1051 1420 1269 1474; x_wconf 89' lang='lat' dir='ltr'>laudem</span> <span class='ocrx_word' id='word_1_135' title='bbox 1290 1422 1409 1475; x_wconf 86' lang='lat' dir='ltr'>foro</span> <span class='ocrx_word' id='word_1_136' title='bbox 1437 1431 1599 1492; x_wconf 89' lang='lat' dir='ltr'>atque</span> <span class='ocrx_word' id='word_1_137' title='bbox 1620 1422 1814 1476; x_wconf 90' lang='lat' dir='ltr'>castris</span> 
     </span>
     <span class='ocr_line' id='line_1_21' title="bbox 201 1491 1815 1562; baseline 0.001 -18"><span class='ocrx_word' id='word_1_138' title='bbox 201 1492 348 1544; x_wconf 89' lang='lat' dir='ltr'>edita</span> <span class='ocrx_word' id='word_1_139' title='bbox 383 1499 638 1543; x_wconf 89' lang='lat' dir='ltr'>meretur.</span> <span class='ocrx_word' id='word_1_140' title='bbox 701 1491 838 1543; x_wconf 87' lang='lat' dir='ltr'>Cum</span> <span class='ocrx_word' id='word_1_141' title='bbox 866 1491 952 1543; x_wconf 86' lang='lat' dir='ltr'>Ti.</span> <span class='ocrx_word' id='word_1_142' title='bbox 980 1491 1262 1543; x_wconf 83' lang='lat' dir='ltr'>Gracchus</span> <span class='ocrx_word' id='word_1_143' title='bbox 1301 1492 1358 1543; x_wconf 91' lang='lat' dir='ltr'>in</span> <span class='ocrx_word' id='word_1_144' title='bbox 1384 1492 1667 1546; x_wconf 86' lang='lat' dir='ltr'>tribunatu</span> <span class='ocrx_word' id='word_1_145' title='bbox 1691 1510 1815 1562; x_wconf 88' lang='lat' dir='ltr'>pro-</span> 
     </span>
    </p>

    <p class='ocr_par' dir='ltr' id='par_1_9' title="bbox 137 1560 1817 1912">
     <span class='ocr_line' id='line_1_22' title="bbox 137 1560 1813 1632; baseline 0.002 -22"><span class='ocrx_word' id='word_1_146' title='bbox 137 1579 178 1611; x_wconf 81' lang='lat'>20</span> <span class='ocrx_word' id='word_1_147' title='bbox 200 1561 495 1613; x_wconf 88' lang='lat' dir='ltr'>fusissimis</span> <span class='ocrx_word' id='word_1_148' title='bbox 535 1560 920 1630; x_wconf 84' lang='lat' dir='ltr'>largitionibus</span> <span class='ocrx_word' id='word_1_149' title='bbox 959 1562 1148 1613; x_wconf 88' lang='lat' dir='ltr'>fauore</span> <span class='ocrx_word' id='word_1_150' title='bbox 1183 1561 1370 1632; x_wconf 90' lang='lat' dir='ltr'>populi</span> <span class='ocrx_word' id='word_1_151' title='bbox 1409 1570 1672 1632; x_wconf 87' lang='lat' dir='ltr'>occupato</span> <span class='ocrx_word' id='word_1_152' title='bbox 1698 1580 1813 1614; x_wconf 87' lang='lat' dir='ltr'>rem</span> 
     </span>
     <span class='ocr_line' id='line_1_23' title="bbox 198 1631 1817 1702; baseline 0.001 -20"><span class='ocrx_word' id='word_1_153' title='bbox 198 1631 477 1702; x_wconf 87' lang='lat' dir='ltr'>publicam</span> <span class='ocrx_word' id='word_1_154' title='bbox 514 1649 830 1701; x_wconf 85' lang='lat' dir='ltr'>oppressam</span> <span class='ocrx_word' id='word_1_155' title='bbox 858 1639 1069 1683; x_wconf 87' lang='lat' dir='ltr'>teneret</span> <span class='ocrx_word' id='word_1_156' title='bbox 1093 1631 1384 1702; x_wconf 89' lang='lat' dir='ltr'>palamque</span> <span class='ocrx_word' id='word_1_157' title='bbox 1419 1632 1700 1685; x_wconf 84' lang='lat' dir='ltr'>dictitaret</span> <span class='ocrx_word' id='word_1_158' title='bbox 1734 1632 1817 1683; x_wconf 86' lang='lat' dir='ltr'>in-</span> 
     </span>
     <span class='ocr_line' id='line_1_24' title="bbox 199 1701 1814 1772; baseline -0.001 -18"><span class='ocrx_word' id='word_1_159' title='bbox 199 1711 470 1771; x_wconf 87' lang='lat' dir='ltr'>terempto</span> <span class='ocrx_word' id='word_1_160' title='bbox 510 1710 703 1754; x_wconf 89' lang='lat' dir='ltr'>senatu</span> <span class='ocrx_word' id='word_1_161' title='bbox 747 1702 930 1754; x_wconf 89' lang='lat' dir='ltr'>omnia</span> <span class='ocrx_word' id='word_1_162' title='bbox 966 1720 1063 1772; x_wconf 90' lang='lat' dir='ltr'>per</span> <span class='ocrx_word' id='word_1_163' title='bbox 1097 1701 1312 1772; x_wconf 90' lang='lat' dir='ltr'>plebem</span> <span class='ocrx_word' id='word_1_164' title='bbox 1350 1702 1442 1770; x_wconf 88' lang='lat' dir='ltr'>agi</span> <span class='ocrx_word' id='word_1_165' title='bbox 1477 1702 1706 1768; x_wconf 81' lang='lat' dir='ltr'>debere,</span> <span class='ocrx_word' id='word_1_166' title='bbox 1756 1702 1814 1753; x_wconf 90' lang='lat' dir='ltr'>in</span> 
     </span>
     <span class='ocr_line' id='line_1_25' title="bbox 201 1770 1816 1842; baseline 0 -19"><span class='ocrx_word' id='word_1_167' title='bbox 201 1771 394 1823; x_wconf 89' lang='lat' dir='ltr'>aedem</span> <span class='ocrx_word' id='word_1_168' title='bbox 421 1770 579 1824; x_wconf 87' lang='lat' dir='ltr'>Fidei</span> <span class='ocrx_word' id='word_1_169' title='bbox 614 1770 868 1841; x_wconf 88' lang='lat' dir='ltr'>publicae</span> <span class='ocrx_word' id='word_1_170' title='bbox 902 1772 1191 1825; x_wconf 90' lang='lat' dir='ltr'>conuocati</span> <span class='ocrx_word' id='word_1_171' title='bbox 1233 1773 1415 1842; x_wconf 88' lang='lat' dir='ltr'>patres</span> <span class='ocrx_word' id='word_1_172' title='bbox 1451 1771 1747 1842; x_wconf 85' lang='lat' dir='ltr'>conscripti</span> <span class='ocrx_word' id='word_1_173' title='bbox 1782 1789 1816 1823; x_wconf 84' lang='lat' dir='ltr'>a</span> 
     </span>
     <span class='ocr_line' id='line_1_26' title="bbox 202 1841 1817 1912; baseline 0.001 -19"><span class='ocrx_word' id='word_1_174' title='bbox 202 1842 423 1894; x_wconf 90' lang='lat' dir='ltr'>consule</span> <span class='ocrx_word' id='word_1_175' title='bbox 456 1842 639 1894; x_wconf 88' lang='lat' dir='ltr'>Mucio</span> <span class='ocrx_word' id='word_1_176' title='bbox 669 1841 951 1894; x_wconf 83' lang='lat' dir='ltr'>Scaeuola·</span> <span class='ocrx_word' id='word_1_177' title='bbox 1001 1842 1226 1894; x_wconf 88' lang='lat' dir='ltr'>uidnam</span> <span class='ocrx_word' id='word_1_178' title='bbox 1263 1842 1320 1892; x_wconf 90' lang='lat' dir='ltr'>in</span> <span class='ocrx_word' id='word_1_179' title='bbox 1356 1842 1455 1895; x_wconf 87' lang='lat' dir='ltr'>tali</span> <span class='ocrx_word' id='word_1_180' title='bbox 1489 1849 1817 1912; x_wconf 82' lang='lat' dir='ltr'>tempestate</span> 
     </span>
    </p>
   </div>
   <div class='ocr_carea' id='block_1_4' title="bbox 137 1911 1901 1982">
    <p class='ocr_par' dir='ltr' id='par_1_10' title="bbox 137 1911 1901 1982">
     <span class='ocr_line' id='line_1_27' title="bbox 137 1911 1901 1982; baseline 0.003 -21"><span class='ocrx_word' id='word_1_181' title='bbox 137 1930 178 1960; x_wconf 76' lang='lat'>25</span> <span class='ocrx_word' id='word_1_182' title='bbox 201 1911 515 1964; x_wconf 86' lang='lat' dir='ltr'>faciendum</span> <span class='ocrx_word' id='word_1_183' title='bbox 559 1923 705 1964; x_wconf 87' lang='lat' dir='ltr'>esset</span> <span class='ocrx_word' id='word_1_184' title='bbox 739 1912 982 1965; x_wconf 90' lang='lat' dir='ltr'>delibera</span> <span class='ocrx_word' id='word_1_185' title='bbox 1024 1920 1146 1978; x_wconf 83' lang='lat' dir='ltr'>ant,</span> <span class='ocrx_word' id='word_1_186' title='bbox 1197 1913 1515 1982; x_wconf 89' lang='lat' dir='ltr'>cunctisque</span> <span class='ocrx_word' id='word_1_187' title='bbox 1550 1911 1816 1964; x_wconf 88' lang='lat' dir='ltr'>censenti-</span> <span class='ocrx_word' id='word_1_188' title='bbox 1884 1952 1901 1966; x_wconf 86' lang='lat'><strong>.</strong></span> 
     </span>
    </p>
   </div>
   <div class='ocr_carea' id='block_1_5' title="bbox 200 1980 1893 2052">
    <p class='ocr_par' dir='ltr' id='par_1_11' title="bbox 200 1980 1893 2052">
     <span class='ocr_line' id='line_1_28' title="bbox 200 1980 1893 2052; baseline -0.002 -18"><span class='ocrx_word' id='word_1_189' title='bbox 200 1982 302 2034; x_wconf 87' lang='lat' dir='ltr'>bus</span> <span class='ocrx_word' id='word_1_190' title='bbox 330 1990 391 2034; x_wconf 89' lang='lat' dir='ltr'>ut</span> <span class='ocrx_word' id='word_1_191' title='bbox 418 1982 606 2034; x_wconf 88' lang='lat' dir='ltr'>consul</span> <span class='ocrx_word' id='word_1_192' title='bbox 634 1983 800 2034; x_wconf 89' lang='lat' dir='ltr'>armis</span> <span class='ocrx_word' id='word_1_193' title='bbox 823 2001 937 2034; x_wconf 88' lang='lat' dir='ltr'>rem</span> <span class='ocrx_word' id='word_1_194' title='bbox 957 1981 1232 2052; x_wconf 88' lang='lat' dir='ltr'>publicam</span> <span class='ocrx_word' id='word_1_195' title='bbox 1259 1990 1519 2047; x_wconf 82' lang='lat' dir='ltr'>tueretur,</span> <span class='ocrx_word' id='word_1_196' title='bbox 1549 1980 1815 2034; x_wconf 85' lang='lat' dir='ltr'>Scaeuola</span> <span class='ocrx_word' id='word_1_197' title='bbox 1887 2026 1893 2031; x_wconf 24' lang='lat' dir='ltr'>l</span> 
     </span>
    </p>
   </div>
   <div class='ocr_carea' id='block_1_6' title="bbox 87 2113 1821 2664">
    <p class='ocr_par' dir='ltr' id='par_1_12' title="bbox 87 2113 1821 2314">
     <span class='ocr_line' id='line_1_29' title="bbox 87 2113 1819 2173; baseline 0 -15"><span class='ocrx_word' id='word_1_198' title='bbox 87 2123 179 2158; x_wconf 76' lang='lat' dir='ltr'>Par.</span> <span class='ocrx_word' id='word_1_199' title='bbox 205 2121 333 2159; x_wconf 81' lang='lat' dir='ltr'>catus</span> <span class='ocrx_word' id='word_1_200' title='bbox 359 2115 525 2159; x_wconf 82' lang='lat' dir='ltr'>Brutus</span> <span class='ocrx_word' id='word_1_201' title='bbox 554 2114 798 2173; x_wconf 81' lang='lat' dir='ltr'>obiurgare</span> <span class='ocrx_word' id='word_1_202' title='bbox 826 2128 920 2159; x_wconf 84' lang='lat' dir='ltr'>eam</span> <span class='ocrx_word' id='word_1_203' title='bbox 948 2114 1122 2173; x_wconf 87' lang='lat' dir='ltr'>coepit,</span> <span class='ocrx_word' id='word_1_204' title='bbox 1163 2113 1284 2172; x_wconf 90' lang='lat' dir='ltr'>quod</span> <span class='ocrx_word' id='word_1_205' title='bbox 1310 2115 1511 2158; x_wconf 83' lang='lat' dir='ltr'>tonsoris</span> <span class='ocrx_word' id='word_1_206' title='bbox 1538 2113 1819 2173; x_wconf 81' lang='lat' dir='ltr'>praeripuis-</span> 
     </span>
     <span class='ocr_line' id='line_1_30' title="bbox 203 2179 1821 2244; baseline -0.001 -16"><span class='ocrx_word' id='word_1_207' title='bbox 203 2191 273 2228; x_wconf 85' lang='lat' dir='ltr'>set</span> <span class='ocrx_word' id='word_1_208' title='bbox 300 2184 514 2230; x_wconf 83' lang='lat' dir='ltr'>osficium.</span> <span class='ocrx_word' id='word_1_209' title='bbox 575 2185 647 2230; x_wconf 88' lang='lat' dir='ltr'>cui</span> <span class='ocrx_word' id='word_1_210' title='bbox 674 2183 749 2229; x_wconf 87' lang='lat' dir='ltr'>illa</span> <span class='ocrx_word' id='word_1_211' title='bbox 775 2179 1030 2244; x_wconf 73' lang='lat' dir='ltr'>‘experiri&#39;</span> <span class='ocrx_word' id='word_1_212' title='bbox 1059 2183 1206 2243; x_wconf 88' lang='lat' dir='ltr'>inquit</span> <span class='ocrx_word' id='word_1_213' title='bbox 1233 2183 1406 2234; x_wconf 79' lang='lat' dir='ltr'>‘uolui,</span> <span class='ocrx_word' id='word_1_214' title='bbox 1435 2184 1471 2227; x_wconf 90' lang='lat' dir='ltr'>si</span> <span class='ocrx_word' id='word_1_215' title='bbox 1502 2183 1579 2228; x_wconf 85' lang='lat' dir='ltr'>tibi</span> <span class='ocrx_word' id='word_1_216' title='bbox 1604 2184 1821 2243; x_wconf 84' lang='lat' dir='ltr'>proposi-</span> 
     </span>
     <span class='ocr_line' id='line_1_31' title="bbox 204 2252 1818 2314; baseline -0.001 -16"><span class='ocrx_word' id='word_1_217' title='bbox 204 2260 299 2298; x_wconf 86' lang='lat' dir='ltr'>tum</span> <span class='ocrx_word' id='word_1_218' title='bbox 345 2269 503 2314; x_wconf 83' lang='lat' dir='ltr'>parum</span> <span class='ocrx_word' id='word_1_219' title='bbox 550 2268 603 2300; x_wconf 86' lang='lat' dir='ltr'>ex</span> <span class='ocrx_word' id='word_1_220' title='bbox 639 2253 865 2299; x_wconf 80' lang='lat' dir='ltr'>sententia</span> <span class='ocrx_word' id='word_1_221' title='bbox 901 2252 1140 2304; x_wconf 83' lang='lat' dir='ltr'>cessisset,</span> <span class='ocrx_word' id='word_1_222' title='bbox 1192 2266 1325 2312; x_wconf 82' lang='lat' dir='ltr'>quam</span> <span class='ocrx_word' id='word_1_223' title='bbox 1366 2266 1510 2312; x_wconf 84' lang='lat' dir='ltr'>aequo</span> <span class='ocrx_word' id='word_1_224' title='bbox 1559 2254 1707 2298; x_wconf 82' lang='lat' dir='ltr'>animo</span> <span class='ocrx_word' id='word_1_225' title='bbox 1742 2265 1818 2297; x_wconf 82' lang='lat' dir='ltr'>me</span> 
     </span>
    </p>

    <p class='ocr_par' dir='ltr' id='par_1_13' title="bbox 138 2321 1820 2664">
     <span class='ocr_line' id='line_1_32' title="bbox 138 2321 1815 2384; baseline -0.002 -15"><span class='ocrx_word' id='word_1_226' title='bbox 138 2331 182 2363; x_wconf 85' lang='lat'>30</span> <span class='ocrx_word' id='word_1_227' title='bbox 205 2338 353 2369; x_wconf 85' lang='lat' dir='ltr'>essem</span> <span class='ocrx_word' id='word_1_228' title='bbox 399 2324 771 2384; x_wconf 81' lang='lat' dir='ltr'>interemptura&#39;.</span> <span class='ocrx_word' id='word_1_229' title='bbox 858 2326 925 2368; x_wconf 87' lang='lat'>16.</span> <span class='ocrx_word' id='word_1_230' title='bbox 976 2323 1084 2369; x_wconf 82' lang='lat' dir='ltr'>Cato</span> <span class='ocrx_word' id='word_1_231' title='bbox 1121 2325 1356 2369; x_wconf 85' lang='lat' dir='ltr'>censorius</span> <span class='ocrx_word' id='word_1_232' title='bbox 1392 2337 1493 2368; x_wconf 88' lang='lat' dir='ltr'>cum</span> <span class='ocrx_word' id='word_1_233' title='bbox 1529 2324 1569 2368; x_wconf 86' lang='lat' dir='ltr'>ei</span> <span class='ocrx_word' id='word_1_234' title='bbox 1614 2322 1658 2367; x_wconf 91' lang='lat' dir='ltr'>in</span> <span class='ocrx_word' id='word_1_235' title='bbox 1694 2321 1815 2367; x_wconf 85' lang='lat' dir='ltr'>bello</span> 
     </span>
     <span class='ocr_line' id='line_1_33' title="bbox 203 2392 1816 2454; baseline -0.002 -14"><span class='ocrx_word' id='word_1_236' title='bbox 203 2397 368 2454; x_wconf 80' lang='lat' dir='ltr'>uagina</span> <span class='ocrx_word' id='word_1_237' title='bbox 395 2395 573 2454; x_wconf 83' lang='lat' dir='ltr'>gladius</span> <span class='ocrx_word' id='word_1_238' title='bbox 600 2394 853 2443; x_wconf 82' lang='lat' dir='ltr'>excidisset,</span> <span class='ocrx_word' id='word_1_239' title='bbox 882 2393 1136 2439; x_wconf 85' lang='lat' dir='ltr'>subiectum</span> <span class='ocrx_word' id='word_1_240' title='bbox 1163 2393 1482 2453; x_wconf 81' lang='lat' dir='ltr'>proeliantium</span> <span class='ocrx_word' id='word_1_241' title='bbox 1511 2392 1648 2451; x_wconf 81' lang='lat' dir='ltr'>globo</span> <span class='ocrx_word' id='word_1_242' title='bbox 1674 2393 1816 2438; x_wconf 85' lang='lat' dir='ltr'>intre-</span> 
     </span>
     <span class='ocr_line' id='line_1_34' title="bbox 157 2463 1820 2525; baseline 0.001 -15"><span class='ocrx_word' id='word_1_243' title='bbox 157 2493 164 2498; x_wconf 91' lang='lat'><strong>·</strong></span> <span class='ocrx_word' id='word_1_244' title='bbox 203 2465 335 2525; x_wconf 85' lang='lat' dir='ltr'>pidus</span> <span class='ocrx_word' id='word_1_245' title='bbox 363 2464 566 2510; x_wconf 85' lang='lat' dir='ltr'>sustulit.</span> <span class='ocrx_word' id='word_1_246' title='bbox 618 2467 685 2508; x_wconf 87' lang='lat'>17.</span> <span class='ocrx_word' id='word_1_247' title='bbox 712 2463 821 2510; x_wconf 89' lang='lat' dir='ltr'>Cum</span> <span class='ocrx_word' id='word_1_248' title='bbox 843 2463 1149 2509; x_wconf 82' lang='lat' dir='ltr'>Ti.Graochus</span> <span class='ocrx_word' id='word_1_249' title='bbox 1176 2464 1320 2524; x_wconf 81' lang='lat' dir='ltr'>palam</span> <span class='ocrx_word' id='word_1_250' title='bbox 1349 2464 1523 2508; x_wconf 83' lang='lat' dir='ltr'>senatui</span> <span class='ocrx_word' id='word_1_251' title='bbox 1551 2464 1820 2511; x_wconf 39' lang='lat' dir='ltr'>minaretur*</span> 
     </span>
     <span class='ocr_line' id='line_1_35' title="bbox 203 2532 1813 2595; baseline -0.003 -14"><span class='ocrx_word' id='word_1_252' title='bbox 203 2534 551 2581; x_wconf 85' lang='lat' dir='ltr'>consulentibus</span> <span class='ocrx_word' id='word_1_253' title='bbox 594 2534 800 2595; x_wconf 81' lang='lat' dir='ltr'>patribus</span> <span class='ocrx_word' id='word_1_254' title='bbox 847 2533 900 2578; x_wconf 86' lang='lat' dir='ltr'>de</span> <span class='ocrx_word' id='word_1_255' title='bbox 945 2541 1067 2579; x_wconf 79' lang='lat' dir='ltr'>statu</span> <span class='ocrx_word' id='word_1_256' title='bbox 1113 2534 1178 2579; x_wconf 84' lang='lat' dir='ltr'>rei</span> <span class='ocrx_word' id='word_1_257' title='bbox 1220 2549 1267 2594; x_wconf 88' lang='lat' dir='ltr'>p.</span> <span class='ocrx_word' id='word_1_258' title='bbox 1311 2549 1363 2580; x_wconf 84' lang='lat' dir='ltr'>ac</span> <span class='ocrx_word' id='word_1_259' title='bbox 1404 2533 1460 2578; x_wconf 90' lang='lat' dir='ltr'>de</span> <span class='ocrx_word' id='word_1_260' title='bbox 1504 2532 1813 2578; x_wconf 82' lang='lat' dir='ltr'>interemendo</span> 
     </span>
     <span class='ocr_line' id='line_1_36' title="bbox 206 2603 1820 2664; baseline -0.003 -14"><span class='ocrx_word' id='word_1_261' title='bbox 206 2606 406 2651; x_wconf 83' lang='lat' dir='ltr'>Graccho</span> <span class='ocrx_word' id='word_1_262' title='bbox 445 2604 775 2664; x_wconf 83' lang='lat' dir='ltr'>cogitantibus,</span> <span class='ocrx_word' id='word_1_263' title='bbox 817 2603 1031 2650; x_wconf 81' lang='lat' dir='ltr'>Scaeuola</span> <span class='ocrx_word' id='word_1_264' title='bbox 1067 2603 1252 2664; x_wconf 82' lang='lat' dir='ltr'>negauit</span> <span class='ocrx_word' id='word_1_265' title='bbox 1290 2617 1338 2648; x_wconf 89' lang='lat' dir='ltr'>se</span> <span class='ocrx_word' id='word_1_266' title='bbox 1365 2603 1608 2664; x_wconf 80' lang='lat' dir='ltr'>quidquam</span> <span class='ocrx_word' id='word_1_267' title='bbox 1642 2603 1689 2647; x_wconf 91' lang='lat' dir='ltr'>ui</span> <span class='ocrx_word' id='word_1_268' title='bbox 1714 2614 1820 2646; x_wconf 77' lang='lat' dir='ltr'>esse</span> 
     </span>
    </p>
   </div>
   <div class='ocr_carea' id='block_1_7' title="bbox 206 2735 1815 2963">
    <p class='ocr_par' dir='ltr' id='par_1_14' title="bbox 206 2735 1815 2963">
     <span class='ocr_line' id='line_1_37' title="bbox 319 2735 1814 2794; baseline -0.003 -13"><span class='ocrx_word' id='word_1_269' title='bbox 319 2743 343 2781; x_wconf 79' lang='lat'>7</span> <span class='ocrx_word' id='word_1_270' title='bbox 371 2742 595 2793; x_wconf 84' lang='lat' dir='ltr'>progenia</span> <span class='ocrx_word' id='word_1_271' title='bbox 614 2735 672 2781; x_wconf 87' lang='lat' dir='ltr'>B&#39;</span> <span class='ocrx_word' id='word_1_272' title='bbox 731 2743 755 2781; x_wconf 88' lang='lat'>9</span> <span class='ocrx_word' id='word_1_273' title='bbox 784 2740 1048 2782; x_wconf 83' lang='lat' dir='ltr'>uehementi</span> <span class='ocrx_word' id='word_1_274' title='bbox 1077 2740 1263 2794; x_wconf 84' lang='lat' dir='ltr'>tragula</span> <span class='ocrx_word' id='word_1_275' title='bbox 1285 2741 1393 2781; x_wconf 79' lang='lat' dir='ltr'>coni.</span> <span class='ocrx_word' id='word_1_276' title='bbox 1416 2741 1458 2779; x_wconf 83' lang='lat' dir='ltr'>in</span> <span class='ocrx_word' id='word_1_277' title='bbox 1478 2751 1556 2791; x_wconf 70' lang='lat' dir='ltr'>my.</span> <span class='ocrx_word' id='word_1_278' title='bbox 1578 2738 1636 2789; x_wconf 91' lang='lat' dir='ltr'>B,</span> <span class='ocrx_word' id='word_1_279' title='bbox 1665 2749 1814 2777; x_wconf 82' lang='lat' dir='ltr'>reeen-</span> 
     </span>
     <span class='ocr_line' id='line_1_38' title="bbox 206 2792 1815 2858; baseline -0.004 -21"><span class='ocrx_word' id='word_1_280' title='bbox 206 2799 337 2838; x_wconf 81' lang='lat' dir='ltr'>tiores</span> <span class='ocrx_word' id='word_1_281' title='bbox 361 2803 602 2837; x_wconf 79' lang='lat' dir='ltr'>tentarunt:</span> <span class='ocrx_word' id='word_1_282' title='bbox 633 2797 859 2849; x_wconf 86' lang='lat' dir='ltr'>parmula,</span> <span class='ocrx_word' id='word_1_283' title='bbox 883 2797 1092 2849; x_wconf 82' lang='lat' dir='ltr'>sparulo,</span> <span class='ocrx_word' id='word_1_284' title='bbox 1115 2797 1380 2837; x_wconf 86' lang='lat' dir='ltr'>uehementi</span> <span class='ocrx_word' id='word_1_285' title='bbox 1401 2796 1520 2844; x_wconf 84' lang='lat' dir='ltr'>ictu,</span> <span class='ocrx_word' id='word_1_286' title='bbox 1544 2792 1815 2858; x_wconf 69' lang='lat' dir='ltr'>praeualido</span> 
     </span>
     <span class='ocr_line' id='line_1_39' title="bbox 207 2847 1798 2904; baseline -0.003 -12"><span class='ocrx_word' id='word_1_287' title='bbox 207 2850 452 2904; x_wconf 78' lang='lat' dir='ltr'>(Foertsclz)</span> <span class='ocrx_word' id='word_1_288' title='bbox 522 2854 574 2892; x_wconf 88' lang='lat'>14</span> <span class='ocrx_word' id='word_1_289' title='bbox 607 2855 733 2892; x_wconf 87' lang='lat' dir='ltr'>metu</span> <span class='ocrx_word' id='word_1_290' title='bbox 761 2852 804 2892; x_wconf 89' lang='lat' dir='ltr'><em>B</em></span> <span class='ocrx_word' id='word_1_291' title='bbox 834 2866 947 2893; x_wconf 83' lang='lat' dir='ltr'>corr.</span> <span class='ocrx_word' id='word_1_292' title='bbox 981 2866 1041 2893; x_wconf 81' lang='lat' dir='ltr'>eoe</span> <span class='ocrx_word' id='word_1_293' title='bbox 1067 2865 1139 2893; x_wconf 91' lang='lat' dir='ltr'>me</span> <span class='ocrx_word' id='word_1_294' title='bbox 1208 2852 1261 2892; x_wconf 82' lang='lat'>18</span> <span class='ocrx_word' id='word_1_295' title='bbox 1290 2851 1368 2903; x_wconf 89' lang='lat' dir='ltr'>qui</span> <span class='ocrx_word' id='word_1_296' title='bbox 1399 2849 1558 2890; x_wconf 81' lang='lat' dir='ltr'>eadem</span> <span class='ocrx_word' id='word_1_297' title='bbox 1588 2848 1725 2889; x_wconf 84' lang='lat' dir='ltr'>laude</span> <span class='ocrx_word' id='word_1_298' title='bbox 1755 2847 1798 2888; x_wconf 91' lang='lat' dir='ltr'><em>B</em></span> 
     </span>
     <span class='ocr_line' id='line_1_40' title="bbox 206 2906 1074 2963; baseline -0.001 -13"><span class='ocrx_word' id='word_1_299' title='bbox 206 2911 259 2950; x_wconf 85' lang='lat'>19</span> <span class='ocrx_word' id='word_1_300' title='bbox 281 2906 372 2963; x_wconf 84' lang='lat' dir='ltr'>Ti.]</span> <span class='ocrx_word' id='word_1_301' title='bbox 401 2912 446 2948; x_wconf 87' lang='lat' dir='ltr'>.t.</span> <span class='ocrx_word' id='word_1_302' title='bbox 467 2908 511 2948; x_wconf 91' lang='lat' dir='ltr'><em>B</em></span> <span class='ocrx_word' id='word_1_303' title='bbox 569 2909 624 2948; x_wconf 83' lang='lat'>20</span> <span class='ocrx_word' id='word_1_304' title='bbox 646 2912 877 2960; x_wconf 85' lang='lat' dir='ltr'>aucupato</span> <span class='ocrx_word' id='word_1_305' title='bbox 898 2909 1074 2961; x_wconf 80' lang='lat' dir='ltr'>Lipsius</span> 
     </span>
    </p>
   </div>
  </div>
 </body>
</html>
