1878 3100
710 142 1037 192 PRAEFATIO.
1160 195 1164 198 ,
1599 145 1691 191 XXI

62 287 285 352 scripsit,
311 286 384 334 sic
405 283 747 349 corrigendae
768 290 913 332 sunt:
941 284 973 330 4
997 281 1298 349 quicquidB
1322 282 1654 348 (nonBcorr.)
1683 281 1689 352 ff

65 374 96 421 5
138 371 496 420 beniuolentia
521 371 566 416 B
608 364 614 436 Ι
661 371 690 417 9
731 353 910 417 εοΙειῗὶἰ
935 371 982 414 Β
1022 367 1151 432 (add.
1195 385 1221 415 c
1258 371 1414 416 eadem
1442 366 1523 431 m.)
1570 364 1576 435 l
1626 371 1686 416 11

65 443 338 508 potestatis
361 444 418 499 B,
445 443 530 488 sed
552 440 872 505 posteritatis
901 455 1061 500 mar-90
1083 441 1128 485 B
1159 433 1167 505 1
1206 442 1268 487 17
1299 439 1432 487 duae
1459 442 1506 486 B
1526 456 1604 500 pr.
1628 457 1687 487 m.

64 521 119 561 ut
145 518 215 561 est
234 517 281 560 in
306 514 342 561 C
371 507 377 578 Ι
414 514 477 560 17
506 510 849 560 soldadicium
871 513 914 556 B
935 526 1013 570 pr.
1038 526 1098 558 m.
1120 512 1204 556 scd
1218 513 1380 557 littera
1407 512 1690 571 leoepuncla

67 583 155 647 (sic
178 587 277 631 sine
301 598 476 630 rasura
496 589 607 644 post
633 580 734 645 sol)
773 577 779 649 Ι
816 583 879 629 18
911 582 1268 645 experimento
1295 584 1332 627 B
1353 599 1434 641 pr.
1462 598 1519 628 m.
1554 580 1693 645 (satis

63 651 352 718 distincte!),
384 653 748 718 expedimento
778 656 823 700 B
848 668 970 700 corr.
1024 651 1176 715 Quod
1205 659 1374 700 autem
1400 653 1524 701 mihi
1550 653 1694 700 licuit

63 726 314 775 lectiones
342 724 546 784 codicis,
587 725 673 790 qui
700 731 915 788 propter
939 723 1102 771 multa
1130 740 1263 788 quae
1291 724 1340 770 in
1374 740 1432 771 eo
1463 731 1693 772 correcta

65 803 151 846 aut
177 797 231 845 in
257 795 424 845 lituris
453 797 644 860 scripta
671 802 790 842 sunt
815 794 956 842 haud
984 794 1151 842 facilis
1193 802 1269 842 est
1297 794 1363 842 ad
1392 794 1689 859 legendum,

63 868 222 916 multo
253 868 536 915 accuratius
560 883 711 931 quam
739 883 768 914 a
787 866 1028 929 Kempfio
1057 865 1247 912 factum
1276 872 1353 913 est
1381 865 1689 925 exscribere,

65 938 318 986 beneficio
359 938 734 1002 praefectorum
769 936 1115 984 bibliothecae
1142 937 1425 984 Bernensis
1456 937 1692 984 effectum

15 1023 17 1026 ·
67 1016 159 1069 est,
191 1010 278 1074 qui
303 1008 427 1056 mihi
453 1009 657 1071 roganti
679 1008 832 1055 facile
855 1014 1235 1067 concesserunt,
1265 1014 1319 1054 ut
1342 1007 1569 1056 codicem
1590 1008 1692 1073 pri-

64 1081 278 1127 marium
311 1079 644 1127 Monachium
681 1079 966 1142 perferrem
1014 1085 1065 1125 et
1105 1078 1223 1125 dum
1257 1077 1387 1126 liber
1425 1080 1565 1144 typis
1606 1095 1690 1127 ex-

63 1166 272 1215 pressus
303 1156 440 1197 esset
469 1149 605 1198 domi
630 1149 892 1197 haberem.
971 1148 1211 1198 Ceterum
1249 1165 1315 1196 ne
1351 1149 1502 1197 nimis
1532 1166 1692 1214 appa-

63 1227 202 1269 ratus
231 1220 392 1268 critici
418 1220 579 1268 moles
619 1219 971 1278 adcresceret,
1012 1237 1177 1283 pauca
1213 1219 1410 1267 leuiora
1445 1227 1496 1267 et
1531 1221 1692 1268 mani-

65 1292 200 1339 festa
226 1291 422 1356 primae
448 1307 629 1339 manus
657 1290 870 1350 menda,
918 1307 1049 1355 quae
1087 1292 1188 1338 alia
1223 1307 1378 1337 manu
1415 1291 1516 1338 iam
1551 1298 1692 1338 recte

64 1362 119 1410 in
140 1363 183 1410 B
207 1368 436 1410 correcta
462 1368 595 1421 sunt,
624 1362 746 1409 mihi
778 1361 1067 1410 omittenda
1096 1361 1399 1420 existimaui,
1431 1378 1542 1408 cum
1569 1362 1693 1409 satis

63 1432 330 1481 uideretur
341 1433 481 1492 talia,
507 1449 638 1497 quae
663 1433 830 1498 quiuis
853 1433 1004 1480 facile
1020 1431 1297 1480 emendare
1319 1438 1510 1497 posset,
1533 1433 1695 1480 semel

64 1503 119 1551 in
153 1502 383 1552 editione
410 1504 721 1568 Kempfiana
746 1503 914 1550 relata
943 1511 1164 1553 exstare.

136 1575 201 1622 In
227 1573 379 1622 rebus
409 1591 535 1639 quas
572 1581 763 1622 uocant
801 1574 1212 1639 orthographicis
1252 1575 1430 1638 paucis
1461 1575 1693 1638 exceptis

66 1645 345 1709 diligenter
380 1645 571 1692 retinui
604 1647 883 1710 scripturas
919 1645 1125 1693 Paridis
1182 1652 1232 1692 et
1268 1646 1464 1709 primae
1510 1661 1694 1693 manus

63 1715 374 1775 Beruensis,
419 1715 511 1763 sed
540 1732 744 1780 semper
770 1717 956 1779 scripsi
984 1717 1117 1763 Sulla
1143 1733 1236 1780 pro
1273 1719 1416 1776 sylla,
1455 1719 1695 1763 incolumis

68 1793 118 1834 et
153 1789 445 1833 incolumitas
483 1783 646 1848 (cuius
687 1787 800 1834 loco
838 1787 880 1833 B
911 1803 988 1849 pr.
1016 1803 1081 1833 m.
1119 1787 1426 1851 plerumque
1461 1790 1697 1833 incolomis

68 1863 119 1904 et
145 1859 435 1904 incolomitas
458 1855 643 1915 habet,
692 1873 790 1904 nec
816 1863 988 1904 tamen
1017 1873 1243 1920 semper,
1292 1864 1347 1903 ut
1376 1873 1440 1904 ex
1464 1857 1694 1921 Kempfii

67 1927 430 1975 commentario
471 1927 719 1987 conicias,
769 1927 915 1975 uelut
953 1928 1006 1986 2,
1040 1929 1130 1986 10,
1162 1929 1191 1975 3
1232 1933 1282 1973 et
1319 1928 1364 1986 5,
1398 1930 1451 1986 1,
1481 1928 1514 1973 4
1550 1934 1693 1975 recte

64 1997 224 2046 habet
249 2001 532 2052 incolumem,
563 1999 609 2056 8,
638 2000 700 2044 12
726 2004 853 2045 extr.
875 2001 1256 2055 incolumitatem,
1288 2005 1338 2045 et
1364 1999 1417 2045 in
1440 1998 1544 2045 leui
1566 1998 1692 2046 uitio

67 2070 114 2128 8,
145 2069 191 2127 5,
224 2071 291 2117 10
315 2070 510 2115 incolum
557 2085 650 2132 pro
677 2066 956 2131 incolzcmcss),
1008 2068 1201 2116 deinde
1240 2084 1381 2125 cena,
1426 2085 1558 2133 quae
1593 2086 1694 2117 uox

64 2139 119 2186 in
146 2139 189 2186 B
230 2145 280 2188 et
315 2154 430 2186 cena
480 2146 531 2187 et
565 2154 684 2210 egena
720 2140 911 2204 scripta
953 2147 1054 2199 est,
1103 2139 1197 2187 sed
1232 2157 1486 2204 nusquam
1521 2154 1694 2191 coena,-

67 2208 295 2275 denique
330 2211 384 2258 in
412 2211 585 2258 formis
613 2211 955 2274 perfectorum
981 2211 1138 2258 malui
1165 2210 1445 2259 secundam
1470 2227 1691 2270 manum,

68 2296 201 2345 quae
236 2281 540 2346 plerumque
567 2285 730 2341 petiit,
768 2284 908 2328 rediit
945 2288 995 2329 et
1034 2281 1220 2329 similia
1258 2282 1503 2340 correxit,
1544 2282 1693 2346 sequi

68 2367 222 2416 quam
277 2353 518 2416 primam,
576 2368 707 2417 quae
755 2352 1060 2417 plerumque
1113 2352 1328 2399 formam
1380 2359 1695 2400 contractam

63 2420 236 2470 habet.
311 2423 408 2470 His
445 2423 567 2471 solis
606 2423 835 2487 exeeptis
872 2424 915 2471 si
954 2423 1079 2487 quid
1115 2424 1171 2471 in
1208 2424 1289 2471 his
1324 2422 1476 2471 rebus
1516 2429 1696 2471 contra

64 2491 349 2540 Beruensis
376 2493 727 2541 testimonium
764 2493 1066 2541 mutandum
1085 2494 1278 2558 putaui,
1306 2495 1362 2541 in
1385 2500 1693 2541 commenta-

65 2561 143 2610 rio
173 2563 348 2610 critico
379 2562 680 2611 adnotatum
709 2572 802 2611 est.

208 2633 391 2681 Restat
429 2640 486 2682 ut
523 2634 853 2698 Rumpfio,
903 2635 990 2699 qui
1040 2634 1237 2698 aliquot
1274 2633 1471 2682 Valerii
1521 2649 1694 2682 emen-

68 2700 306 2752 dationes
343 2720 438 2768 per
472 2704 669 2752 litteras
704 2721 902 2751 mecum
938 2704 1356 2763 communicauit,
1404 2705 1693 2768 Iosepho

68 2773 224 2822 Stan
243 2791 424 2838 gero,
459 2775 545 2839 qui
575 2775 798 2839 exempli
826 2775 916 2834 sui,
947 2775 1002 2822 in
1031 2775 1171 2823 cuius
1198 2774 1513 2839 marginibus
1535 2776 1697 2823 multa

65 2843 352 2893 luculenter
391 2845 711 2905 emendauit,
755 2846 955 2909 copiam
982 2846 1105 2893 mihi
1145 2846 1291 2905 fecit,
1335 2846 1565 2911 denique
1593 2846 1694 2893 col-

66 2913 218 2978 leg'ae
253 2915 674 2976 familiarissimo,
717 2915 1038 2965 Gulielmo
1078 2915 1328 2977 Christ,
1371 2917 1458 2982 qui
1494 2917 1549 2964 in
1587 2932 1695 2964 cor-
