<?xml version="1.0" encoding="UTF-8"?>
<!DOCTYPE html PUBLIC "-//W3C//DTD XHTML 1.0 Transitional//EN"
    "http://www.w3.org/TR/xhtml1/DTD/xhtml1-transitional.dtd">
<html xmlns="http://www.w3.org/1999/xhtml" xml:lang="en" lang="en">
 <head>
  <title>
</title>
<meta http-equiv="Content-Type" content="text/html;charset=utf-8" />
  <meta name='ocr-system' content='tesseract 3.04.00' />
  <meta name='ocr-capabilities' content='ocr_page ocr_carea ocr_par ocr_line ocrx_word'/>
</head>
<body>
  <div class='ocr_page' id='page_1' title='image "./factorumetdictor00valeuoft_0043.png"; bbox 0 0 1872 3132; ppageno 0'>
   <div class='ocr_carea' id='block_1_1' title="bbox 375 96 1711 269">
    <p class='ocr_par' dir='ltr' id='par_1_1' title="bbox 375 96 1711 269">
     <span class='ocr_line' id='line_1_1' title="bbox 472 96 1711 163; baseline -0.002 -12"><span class='ocrx_word' id='word_1_1' title='bbox 472 105 591 151; x_wconf 80' lang='lat' dir='ltr'><strong>CAP.</strong></span> <span class='ocrx_word' id='word_1_2' title='bbox 618 105 649 156; x_wconf 90' lang='lat'>1,</span> <span class='ocrx_word' id='word_1_3' title='bbox 676 104 774 150; x_wconf 69' lang='lat' dir='ltr'>Exi.</span> <span class='ocrx_word' id='word_1_4' title='bbox 804 104 832 163; x_wconf 67' lang='lat' dir='ltr'>g</span> <span class='ocrx_word' id='word_1_5' title='bbox 859 105 999 148; x_wconf 82' lang='lat'>6—9.</span> <span class='ocrx_word' id='word_1_6' title='bbox 1038 103 1089 154; x_wconf 88' lang='lat'>11,</span> <span class='ocrx_word' id='word_1_7' title='bbox 1119 103 1146 162; x_wconf 67' lang='lat' dir='ltr'>g</span> <span class='ocrx_word' id='word_1_8' title='bbox 1179 105 1318 148; x_wconf 79' lang='lat'>1-5,</span> <span class='ocrx_word' id='word_1_9' title='bbox 1642 96 1711 148; x_wconf 82' lang='lat'>15</span> 
     </span>
     <span class='ocr_line' id='line_1_2' title="bbox 375 213 1412 269; baseline -0.004 -3"><span class='ocrx_word' id='word_1_10' title='bbox 375 213 450 266; x_wconf 89' lang='lat' dir='ltr'>II.</span> <span class='ocrx_word' id='word_1_11' title='bbox 495 216 591 266; x_wconf 84' lang='lat' dir='ltr'>DE</span> <span class='ocrx_word' id='word_1_12' title='bbox 623 214 982 264; x_wconf 77' lang='lat' dir='ltr'>SIMVLATA</span> <span class='ocrx_word' id='word_1_13' title='bbox 1018 213 1412 269; x_wconf 78' lang='lat' dir='ltr'><em>RELIGIONE.</em></span> 
     </span>
    </p>
   </div>
   <div class='ocr_carea' id='block_1_2' title="bbox 82 301 1827 1213">
    <p class='ocr_par' dir='ltr' id='par_1_2' title="bbox 84 301 1827 566">
     <span class='ocr_line' id='line_1_3' title="bbox 192 301 1827 363; baseline -0.001 -16"><span class='ocrx_word' id='word_1_14' title='bbox 192 306 234 351; x_wconf 88' lang='lat'>1.</span> <span class='ocrx_word' id='word_1_15' title='bbox 282 304 424 350; x_wconf 85' lang='lat' dir='ltr'>Numa</span> <span class='ocrx_word' id='word_1_16' title='bbox 458 302 734 363; x_wconf 87' lang='lat' dir='ltr'>Pompilius,</span> <span class='ocrx_word' id='word_1_17' title='bbox 778 310 830 347; x_wconf 89' lang='lat' dir='ltr'>ut</span> <span class='ocrx_word' id='word_1_18' title='bbox 870 301 1090 362; x_wconf 91' lang='lat' dir='ltr'>populum</span> <span class='ocrx_word' id='word_1_19' title='bbox 1126 302 1377 348; x_wconf 86' lang='lat' dir='ltr'>Romanum</span> <span class='ocrx_word' id='word_1_20' title='bbox 1415 303 1556 348; x_wconf 87' lang='lat' dir='ltr'>sacris</span> <span class='ocrx_word' id='word_1_21' title='bbox 1594 301 1708 348; x_wconf 88' lang='lat' dir='ltr'>obli·</span> <span class='ocrx_word' id='word_1_22' title='bbox 1732 318 1827 354; x_wconf 78' lang='lat' dir='ltr'>Par,</span> 
     </span>
     <span class='ocr_line' id='line_1_4' title="bbox 86 372 1708 436; baseline -0.002 -14"><span class='ocrx_word' id='word_1_23' title='bbox 86 383 240 436; x_wconf 84' lang='lat' dir='ltr'>garet,</span> <span class='ocrx_word' id='word_1_24' title='bbox 279 374 464 421; x_wconf 87' lang='lat' dir='ltr'>uolebat</span> <span class='ocrx_word' id='word_1_25' title='bbox 499 374 646 419; x_wconf 89' lang='lat' dir='ltr'>uideri</span> <span class='ocrx_word' id='word_1_26' title='bbox 683 372 768 419; x_wconf 79' lang='lat' dir='ltr'>sibi</span> <span class='ocrx_word' id='word_1_27' title='bbox 805 386 904 418; x_wconf 90' lang='lat' dir='ltr'>cum</span> <span class='ocrx_word' id='word_1_28' title='bbox 943 372 1024 418; x_wconf 88' lang='lat' dir='ltr'>dea</span> <span class='ocrx_word' id='word_1_29' title='bbox 1060 374 1252 432; x_wconf 83' lang='lat' dir='ltr'>Aegeria</span> <span class='ocrx_word' id='word_1_30' title='bbox 1290 386 1569 431; x_wconf 81' lang='lat' dir='ltr'>congressus</span> <span class='ocrx_word' id='word_1_31' title='bbox 1606 386 1708 419; x_wconf 91' lang='lat' dir='ltr'>esse</span> 
     </span>
     <span class='ocr_line' id='line_1_5' title="bbox 84 443 1741 507; baseline -0.001 -16"><span class='ocrx_word' id='word_1_32' title='bbox 84 452 358 496; x_wconf 91' lang='lat' dir='ltr'>nocturnos,</span> <span class='ocrx_word' id='word_1_33' title='bbox 387 447 576 505; x_wconf 89' lang='lat' dir='ltr'>eiusque</span> <span class='ocrx_word' id='word_1_34' title='bbox 602 445 779 490; x_wconf 87' lang='lat' dir='ltr'>monitu</span> <span class='ocrx_word' id='word_1_35' title='bbox 807 458 879 495; x_wconf 92' lang='lat' dir='ltr'>se,</span> <span class='ocrx_word' id='word_1_36' title='bbox 918 456 1033 503; x_wconf 90' lang='lat' dir='ltr'>quae</span> <span class='ocrx_word' id='word_1_37' title='bbox 1060 444 1374 503; x_wconf 88' lang='lat' dir='ltr'>acceptissima</span> <span class='ocrx_word' id='word_1_38' title='bbox 1401 443 1496 489; x_wconf 91' lang='lat' dir='ltr'>deis</span> <span class='ocrx_word' id='word_1_39' title='bbox 1524 443 1710 489; x_wconf 89' lang='lat' dir='ltr'>immor·</span> <span class='ocrx_word' id='word_1_40' title='bbox 1734 500 1741 507; x_wconf 32' lang='lat'>⁸</span> 
     </span>
     <span class='ocr_line' id='line_1_6' title="bbox 85 515 1756 566; baseline -0.003 -3"><span class='ocrx_word' id='word_1_41' title='bbox 85 517 250 563; x_wconf 89' lang='lat' dir='ltr'>talibus</span> <span class='ocrx_word' id='word_1_42' title='bbox 277 530 404 562; x_wconf 88' lang='lat' dir='ltr'>sacra</span> <span class='ocrx_word' id='word_1_43' title='bbox 432 515 609 566; x_wconf 86' lang='lat' dir='ltr'>forent,</span> <span class='ocrx_word' id='word_1_44' title='bbox 637 515 892 560; x_wconf 81' lang='lat' dir='ltr'>instituere.</span> <span class='ocrx_word' id='word_1_45' title='bbox 1729 526 1756 559; x_wconf 84' lang='lat'>5</span> 
     </span>
    </p>

    <p class='ocr_par' dir='ltr' id='par_1_3' title="bbox 82 585 1710 788">
     <span class='ocr_line' id='line_1_7' title="bbox 189 585 1709 647; baseline 0.001 -17"><span class='ocrx_word' id='word_1_46' title='bbox 189 591 229 633; x_wconf 82' lang='lat'>2.</span> <span class='ocrx_word' id='word_1_47' title='bbox 283 586 435 647; x_wconf 88' lang='lat' dir='ltr'>Scipio</span> <span class='ocrx_word' id='word_1_48' title='bbox 462 585 703 632; x_wconf 84' lang='lat' dir='ltr'>Africanus</span> <span class='ocrx_word' id='word_1_49' title='bbox 745 599 837 630; x_wconf 90' lang='lat' dir='ltr'>non</span> <span class='ocrx_word' id='word_1_50' title='bbox 877 591 980 630; x_wconf 90' lang='lat' dir='ltr'>ante</span> <span class='ocrx_word' id='word_1_51' title='bbox 1016 585 1070 630; x_wconf 90' lang='lat' dir='ltr'>ad</span> <span class='ocrx_word' id='word_1_52' title='bbox 1107 585 1288 645; x_wconf 82' lang='lat' dir='ltr'>negotia</span> <span class='ocrx_word' id='word_1_53' title='bbox 1316 587 1496 645; x_wconf 89' lang='lat' dir='ltr'>priuata</span> <span class='ocrx_word' id='word_1_54' title='bbox 1523 585 1597 631; x_wconf 91' lang='lat' dir='ltr'>uel</span> <span class='ocrx_word' id='word_1_55' title='bbox 1624 601 1709 647; x_wconf 90' lang='lat' dir='ltr'>pu-</span> 
     </span>
     <span class='ocr_line' id='line_1_8' title="bbox 83 655 1710 718; baseline -0.001 -15"><span class='ocrx_word' id='word_1_56' title='bbox 83 657 199 704; x_wconf 88' lang='lat' dir='ltr'>blica</span> <span class='ocrx_word' id='word_1_57' title='bbox 235 657 349 709; x_wconf 88' lang='lat' dir='ltr'>ibat,</span> <span class='ocrx_word' id='word_1_58' title='bbox 391 671 524 718; x_wconf 89' lang='lat' dir='ltr'>quam</span> <span class='ocrx_word' id='word_1_59' title='bbox 561 658 608 702; x_wconf 89' lang='lat' dir='ltr'>in</span> <span class='ocrx_word' id='word_1_60' title='bbox 634 656 748 703; x_wconf 90' lang='lat' dir='ltr'>cella</span> <span class='ocrx_word' id='word_1_61' title='bbox 773 656 896 702; x_wconf 91' lang='lat' dir='ltr'>Iouis</span> <span class='ocrx_word' id='word_1_62' title='bbox 923 655 1163 716; x_wconf 81' lang='lat' dir='ltr'>Capitolini</span> <span class='ocrx_word' id='word_1_63' title='bbox 1199 663 1405 702; x_wconf 89' lang='lat' dir='ltr'>moratus</span> <span class='ocrx_word' id='word_1_64' title='bbox 1433 657 1621 707; x_wconf 82' lang='lat' dir='ltr'>suisset,</span> <span class='ocrx_word' id='word_1_65' title='bbox 1662 662 1710 702; x_wconf 95' lang='lat' dir='ltr'>et</span> 
     </span>
     <span class='ocr_line' id='line_1_9' title="bbox 82 727 840 788; baseline -0.003 -14"><span class='ocrx_word' id='word_1_66' title='bbox 82 729 184 774; x_wconf 85' lang='lat' dir='ltr'>ideo</span> <span class='ocrx_word' id='word_1_67' title='bbox 209 729 318 775; x_wconf 91' lang='lat' dir='ltr'>Ioue</span> <span class='ocrx_word' id='word_1_68' title='bbox 344 727 527 788; x_wconf 83' lang='lat' dir='ltr'>genitus</span> <span class='ocrx_word' id='word_1_69' title='bbox 554 727 840 774; x_wconf 81' lang='lat' dir='ltr'>credebatur.</span> 
     </span>
    </p>

    <p class='ocr_par' dir='ltr' id='par_1_4' title="bbox 82 796 1776 1002">
     <span class='ocr_line' id='line_1_10' title="bbox 192 796 1706 859; baseline -0.001 -14"><span class='ocrx_word' id='word_1_70' title='bbox 192 802 230 845; x_wconf 86' lang='lat'>3.</span> <span class='ocrx_word' id='word_1_71' title='bbox 282 799 329 844; x_wconf 86' lang='lat' dir='ltr'>L.</span> <span class='ocrx_word' id='word_1_72' title='bbox 368 798 515 850; x_wconf 90' lang='lat' dir='ltr'>Sulla,</span> <span class='ocrx_word' id='word_1_73' title='bbox 570 800 781 859; x_wconf 89' lang='lat' dir='ltr'>quotiens</span> <span class='ocrx_word' id='word_1_74' title='bbox 829 796 1056 858; x_wconf 87' lang='lat' dir='ltr'>proelium</span> <span class='ocrx_word' id='word_1_75' title='bbox 1104 799 1389 844; x_wconf 77' lang='lat' dir='ltr'>committere</span> <span class='ocrx_word' id='word_1_76' title='bbox 1435 798 1706 849; x_wconf 80' lang='lat' dir='ltr'>destinabat,</span> 
     </span>
     <span class='ocr_line' id='line_1_11' title="bbox 82 869 1776 932; baseline -0.001 -16"><span class='ocrx_word' id='word_1_77' title='bbox 82 869 526 932; x_wconf 79' lang='lat' dir='ltr'>paruum·Apollinis</span> <span class='ocrx_word' id='word_1_78' title='bbox 555 871 735 929; x_wconf 81' lang='lat' dir='ltr'>signum</span> <span class='ocrx_word' id='word_1_79' title='bbox 763 869 945 929; x_wconf 83' lang='lat' dir='ltr'>Delphis</span> <span class='ocrx_word' id='word_1_80' title='bbox 983 869 1210 915; x_wconf 87' lang='lat' dir='ltr'>sublatum</span> <span class='ocrx_word' id='word_1_81' title='bbox 1238 870 1283 914; x_wconf 92' lang='lat' dir='ltr'>in</span> <span class='ocrx_word' id='word_1_82' title='bbox 1310 876 1562 930; x_wconf 90' lang='lat' dir='ltr'>conspectu</span> <span class='ocrx_word' id='word_1_83' title='bbox 1589 869 1705 914; x_wconf 84' lang='lat' dir='ltr'>mili·</span> <span class='ocrx_word' id='word_1_84' title='bbox 1731 882 1776 915; x_wconf 86' lang='lat'>10</span> 
     </span>
     <span class='ocr_line' id='line_1_12' title="bbox 84 940 1281 1002; baseline -0.002 -15"><span class='ocrx_word' id='word_1_85' title='bbox 84 947 180 987; x_wconf 91' lang='lat' dir='ltr'>tum</span> <span class='ocrx_word' id='word_1_86' title='bbox 206 941 457 1002; x_wconf 83' lang='lat' dir='ltr'>conplexus</span> <span class='ocrx_word' id='word_1_87' title='bbox 485 940 644 986; x_wconf 86' lang='lat' dir='ltr'>orabat</span> <span class='ocrx_word' id='word_1_88' title='bbox 671 942 737 985; x_wconf 91' lang='lat' dir='ltr'>uti</span> <span class='ocrx_word' id='word_1_89' title='bbox 764 941 992 1000; x_wconf 77' lang='lat' dir='ltr'>promissa</span> <span class='ocrx_word' id='word_1_90' title='bbox 1017 946 1281 986; x_wconf 76' lang='lat' dir='ltr'>maturaret.</span> 
     </span>
    </p>

    <p class='ocr_par' dir='ltr' id='par_1_5' title="bbox 82 1010 1708 1213">
     <span class='ocr_line' id='line_1_13' title="bbox 189 1010 1706 1071; baseline 0.001 -16"><span class='ocrx_word' id='word_1_91' title='bbox 189 1016 229 1056; x_wconf 77' lang='grc'>4.</span> <span class='ocrx_word' id='word_1_92' title='bbox 258 1011 307 1067; x_wconf 85' lang='lat' dir='ltr'>Q.</span> <span class='ocrx_word' id='word_1_93' title='bbox 323 1011 555 1057; x_wconf 89' lang='lat' dir='ltr'>Sertorius</span> <span class='ocrx_word' id='word_1_94' title='bbox 581 1025 662 1071; x_wconf 90' lang='lat' dir='ltr'>per</span> <span class='ocrx_word' id='word_1_95' title='bbox 690 1024 876 1071; x_wconf 90' lang='lat' dir='ltr'>asperos</span> <span class='ocrx_word' id='word_1_96' title='bbox 894 1010 1154 1057; x_wconf 82' lang='lat' dir='ltr'>Lusitaniae</span> <span class='ocrx_word' id='word_1_97' title='bbox 1181 1010 1322 1057; x_wconf 91' lang='lat' dir='ltr'>colles</span> <span class='ocrx_word' id='word_1_98' title='bbox 1349 1025 1531 1058; x_wconf 90' lang='lat' dir='ltr'>ceruam</span> <span class='ocrx_word' id='word_1_99' title='bbox 1557 1010 1706 1057; x_wconf 89' lang='lat' dir='ltr'>albam</span> 
     </span>
     <span class='ocr_line' id='line_1_14' title="bbox 83 1081 1708 1142; baseline 0.001 -16"><span class='ocrx_word' id='word_1_100' title='bbox 83 1082 312 1132; x_wconf 86' lang='lat' dir='ltr'>trahebat,</span> <span class='ocrx_word' id='word_1_101' title='bbox 363 1081 417 1127; x_wconf 87' lang='lat' dir='ltr'>ab</span> <span class='ocrx_word' id='word_1_102' title='bbox 454 1095 505 1126; x_wconf 87' lang='lat' dir='ltr'>ea</span> <span class='ocrx_word' id='word_1_103' title='bbox 543 1095 590 1126; x_wconf 90' lang='lat' dir='ltr'>se</span> <span class='ocrx_word' id='word_1_104' title='bbox 627 1095 846 1142; x_wconf 90' lang='lat' dir='ltr'>quaenam</span> <span class='ocrx_word' id='word_1_105' title='bbox 884 1088 962 1127; x_wconf 90' lang='lat' dir='ltr'>aut</span> <span class='ocrx_word' id='word_1_106' title='bbox 999 1082 1171 1141; x_wconf 77' lang='lat' dir='ltr'>agenda</span> <span class='ocrx_word' id='word_1_107' title='bbox 1211 1090 1288 1127; x_wconf 91' lang='lat' dir='ltr'>aut</span> <span class='ocrx_word' id='word_1_108' title='bbox 1330 1082 1513 1128; x_wconf 89' lang='lat' dir='ltr'>uitanda</span> <span class='ocrx_word' id='word_1_109' title='bbox 1551 1089 1708 1128; x_wconf 88' lang='lat' dir='ltr'>essent</span> 
     </span>
     <span class='ocr_line' id='line_1_15' title="bbox 82 1152 1409 1213; baseline -0.002 -15"><span class='ocrx_word' id='word_1_110' title='bbox 82 1153 345 1213; x_wconf 81' lang='lat' dir='ltr'>praedicans</span> <span class='ocrx_word' id='word_1_111' title='bbox 372 1152 622 1198; x_wconf 82' lang='lat' dir='ltr'>admoneri.</span> <span class='ocrx_word' id='word_1_112' title='bbox 1404 1166 1409 1167; x_wconf 46' lang='lat'><em>⁷</em></span> 
     </span>
    </p>
   </div>
   <div class='ocr_carea' id='block_1_3' title="bbox 81 1279 1823 1482">
    <p class='ocr_par' dir='ltr' id='par_1_6' title="bbox 81 1279 1823 1482">
     <span class='ocr_line' id='line_1_16' title="bbox 81 1279 1772 1340; baseline -0.002 -14"><span class='ocrx_word' id='word_1_113' title='bbox 81 1287 166 1326; x_wconf 87' lang='lat' dir='ltr'>rat.</span> <span class='ocrx_word' id='word_1_114' title='bbox 219 1294 412 1340; x_wconf 87' lang='lat' dir='ltr'>cumque</span> <span class='ocrx_word' id='word_1_115' title='bbox 440 1279 526 1325; x_wconf 91' lang='lat' dir='ltr'>iam</span> <span class='ocrx_word' id='word_1_116' title='bbox 554 1280 777 1325; x_wconf 87' lang='lat' dir='ltr'>humanae</span> <span class='ocrx_word' id='word_1_117' title='bbox 803 1279 926 1324; x_wconf 89' lang='lat' dir='ltr'>uires</span> <span class='ocrx_word' id='word_1_118' title='bbox 954 1281 1170 1324; x_wconf 85' lang='lat' dir='ltr'>resistere</span> <span class='ocrx_word' id='word_1_119' title='bbox 1198 1281 1234 1323; x_wconf 89' lang='lat' dir='ltr'>ei</span> <span class='ocrx_word' id='word_1_120' title='bbox 1266 1280 1449 1325; x_wconf 91' lang='lat' dir='ltr'>omnino</span> <span class='ocrx_word' id='word_1_121' title='bbox 1479 1294 1569 1325; x_wconf 92' lang='lat' dir='ltr'>non</span> <span class='ocrx_word' id='word_1_122' title='bbox 1598 1295 1703 1340; x_wconf 90' lang='lat' dir='ltr'>pos·</span> <span class='ocrx_word' id='word_1_123' title='bbox 1728 1291 1772 1324; x_wconf 88' lang='lat'>15</span> 
     </span>
     <span class='ocr_line' id='line_1_17' title="bbox 84 1333 1823 1412; baseline 0 -16"><span class='ocrx_word' id='word_1_124' title='bbox 84 1357 184 1396; x_wconf 88' lang='lat' dir='ltr'>sent</span> <span class='ocrx_word' id='word_1_125' title='bbox 219 1350 512 1411; x_wconf 85' lang='lat' dir='ltr'>cultoresque</span> <span class='ocrx_word' id='word_1_126' title='bbox 539 1350 628 1397; x_wconf 90' lang='lat' dir='ltr'>loci</span> <span class='ocrx_word' id='word_1_127' title='bbox 654 1351 709 1396; x_wconf 89' lang='lat' dir='ltr'>ad</span> <span class='ocrx_word' id='word_1_128' title='bbox 734 1350 989 1411; x_wconf 90' lang='lat' dir='ltr'>Apollinem</span> <span class='ocrx_word' id='word_1_129' title='bbox 1017 1350 1357 1410; x_wconf 84' lang='lat' dir='ltr'>confugissent,</span> <span class='ocrx_word' id='word_1_130' title='bbox 1403 1352 1641 1412; x_wconf 84' lang='lat' dir='ltr'>respondit</span> <span class='ocrx_word' id='word_1_131' title='bbox 1666 1350 1704 1408; x_wconf 83' lang='lat'>†</span> <span class='ocrx_word' id='word_1_132' title='bbox 1727 1333 1823 1377; x_wconf 76' lang='lat' dir='ltr'>Nep.</span> 
     </span>
     <span class='ocr_line' id='line_1_18' title="bbox 82 1420 1707 1482; baseline 0 -15"><span class='ocrx_word' id='word_1_133' title='bbox 82 1422 190 1468; x_wconf 90' lang='lat' dir='ltr'>deos</span> <span class='ocrx_word' id='word_1_134' title='bbox 227 1435 379 1468; x_wconf 90' lang='lat' dir='ltr'>secum</span> <span class='ocrx_word' id='word_1_135' title='bbox 419 1429 463 1467; x_wconf 92' lang='lat' dir='ltr'>et</span> <span class='ocrx_word' id='word_1_136' title='bbox 489 1422 699 1468; x_wconf 89' lang='lat' dir='ltr'>candidas</span> <span class='ocrx_word' id='word_1_137' title='bbox 727 1420 902 1482; x_wconf 89' lang='lat' dir='ltr'>puellas</span> <span class='ocrx_word' id='word_1_138' title='bbox 930 1421 1064 1467; x_wconf 88' lang='lat' dir='ltr'>Gallis</span> <span class='ocrx_word' id='word_1_139' title='bbox 1103 1430 1402 1482; x_wconf 84' lang='lat' dir='ltr'>pugnaturas.</span> <span class='ocrx_word' id='word_1_140' title='bbox 1457 1428 1551 1467; x_wconf 91' lang='lat' dir='ltr'>tum</span> <span class='ocrx_word' id='word_1_141' title='bbox 1589 1422 1707 1467; x_wconf 88' lang='lat' dir='ltr'>niui-</span> 
     </span>
    </p>
   </div>
   <div class='ocr_carea' id='block_1_4' title="bbox 285 1602 1495 1661">
    <p class='ocr_par' dir='ltr' id='par_1_7' title="bbox 285 1602 1495 1661">
     <span class='ocr_line' id='line_1_19' title="bbox 285 1602 1495 1661; baseline 0 -9"><span class='ocrx_word' id='word_1_142' title='bbox 285 1603 324 1661; x_wconf 82' lang='lat' dir='ltr'><em>Q</em></span> <span class='ocrx_word' id='word_1_143' title='bbox 338 1603 414 1652; x_wconf 89' lang='lat' dir='ltr'>VI</span> <span class='ocrx_word' id='word_1_144' title='bbox 444 1602 886 1653; x_wconf 80' lang='lat' dir='ltr'><em>RELIGIONEM</em></span> <span class='ocrx_word' id='word_1_145' title='bbox 917 1603 990 1651; x_wconf 87' lang='lat' dir='ltr'>SI</span> <span class='ocrx_word' id='word_1_146' title='bbox 989 1603 1042 1650; x_wconf 84' lang='lat' dir='ltr'><em>M</em></span> <span class='ocrx_word' id='word_1_147' title='bbox 1059 1603 1183 1651; x_wconf 82' lang='lat' dir='ltr'>VLA</span> <span class='ocrx_word' id='word_1_148' title='bbox 1199 1603 1333 1651; x_wconf 75' lang='lat' dir='ltr'>VEB</span> <span class='ocrx_word' id='word_1_149' title='bbox 1349 1605 1392 1651; x_wconf 91' lang='lat' dir='ltr'><em>V</em></span> <span class='ocrx_word' id='word_1_150' title='bbox 1390 1604 1441 1652; x_wconf 93' lang='lat' dir='ltr'><em>N</em></span> <span class='ocrx_word' id='word_1_151' title='bbox 1444 1603 1495 1652; x_wconf 87' lang='lat' dir='ltr'>T.</span> 
     </span>
    </p>
   </div>
   <div class='ocr_carea' id='block_1_5' title="bbox 22 1690 1853 2739">
    <p class='ocr_par' dir='ltr' id='par_1_8' title="bbox 78 1690 1779 2019">
     <span class='ocr_line' id='line_1_20' title="bbox 187 1690 1771 1751; baseline 0.001 -17"><span class='ocrx_word' id='word_1_152' title='bbox 187 1693 229 1735; x_wconf 91' lang='lat'>1.</span> <span class='ocrx_word' id='word_1_153' title='bbox 265 1690 404 1736; x_wconf 83' lang='lat' dir='ltr'>Numa</span> <span class='ocrx_word' id='word_1_154' title='bbox 431 1691 697 1751; x_wconf 88' lang='lat' dir='ltr'>Pompilius,</span> <span class='ocrx_word' id='word_1_155' title='bbox 725 1693 825 1737; x_wconf 85' lang='lat' dir='ltr'>cum</span> <span class='ocrx_word' id='word_1_156' title='bbox 854 1692 1062 1736; x_wconf 83' lang='lat' dir='ltr'>efferatos</span> <span class='ocrx_word' id='word_1_157' title='bbox 1090 1691 1284 1736; x_wconf 86' lang='lat' dir='ltr'>assiduis</span> <span class='ocrx_word' id='word_1_158' title='bbox 1313 1690 1444 1737; x_wconf 91' lang='lat' dir='ltr'>bellis</span> <span class='ocrx_word' id='word_1_159' title='bbox 1471 1692 1701 1738; x_wconf 87' lang='lat' dir='ltr'>Romanos</span> <span class='ocrx_word' id='word_1_160' title='bbox 1727 1702 1771 1734; x_wconf 79' lang='lat'>20</span> 
     </span>
     <span class='ocr_line' id='line_1_21' title="bbox 83 1761 1779 1827; baseline 0.001 -21"><span class='ocrx_word' id='word_1_161' title='bbox 83 1761 358 1811; x_wconf 84' lang='lat' dir='ltr'>aduerteret‚</span> <span class='ocrx_word' id='word_1_162' title='bbox 387 1761 543 1807; x_wconf 87' lang='lat' dir='ltr'>docuit</span> <span class='ocrx_word' id='word_1_163' title='bbox 572 1776 651 1807; x_wconf 91' lang='lat' dir='ltr'>eos</span> <span class='ocrx_word' id='word_1_164' title='bbox 680 1762 852 1827; x_wconf 66' lang='lat' dir='ltr'>cultum</span> <span class='ocrx_word' id='word_1_165' title='bbox 881 1762 1094 1807; x_wconf 88' lang='lat' dir='ltr'>deorum:</span> <span class='ocrx_word' id='word_1_166' title='bbox 1122 1768 1258 1820; x_wconf 85' lang='lat' dir='ltr'>atque</span> <span class='ocrx_word' id='word_1_167' title='bbox 1286 1762 1417 1812; x_wconf 90' lang='lat' dir='ltr'>idem,</span> <span class='ocrx_word' id='word_1_168' title='bbox 1446 1770 1497 1807; x_wconf 88' lang='lat' dir='ltr'>ut</span> <span class='ocrx_word' id='word_1_169' title='bbox 1524 1762 1704 1808; x_wconf 81' lang='lat' dir='ltr'>facilius</span> <span class='ocrx_word' id='word_1_170' title='bbox 1776 1792 1779 1793; x_wconf 26' lang='grc' dir='ltr'><em>ν</em></span> 
     </span>
     <span class='ocr_line' id='line_1_22' title="bbox 82 1831 1703 1892; baseline 0.001 -16"><span class='ocrx_word' id='word_1_171' title='bbox 82 1838 475 1882; x_wconf 84' lang='lat' dir='ltr'>mansuescerent,</span> <span class='ocrx_word' id='word_1_172' title='bbox 513 1831 719 1891; x_wconf 84' lang='lat' dir='ltr'>Egeriam</span> <span class='ocrx_word' id='word_1_173' title='bbox 749 1833 989 1892; x_wconf 85' lang='lat' dir='ltr'>nympham</span> <span class='ocrx_word' id='word_1_174' title='bbox 1031 1832 1073 1876; x_wconf 90' lang='lat' dir='ltr'>in</span> <span class='ocrx_word' id='word_1_175' title='bbox 1101 1832 1433 1878; x_wconf 87' lang='lat' dir='ltr'>consuetudine</span> <span class='ocrx_word' id='word_1_176' title='bbox 1460 1846 1509 1878; x_wconf 94' lang='lat' dir='ltr'>se</span> <span class='ocrx_word' id='word_1_177' title='bbox 1534 1833 1703 1878; x_wconf 89' lang='lat' dir='ltr'>habere</span> 
     </span>
     <span class='ocr_line' id='line_1_23' title="bbox 78 1901 1705 1963; baseline 0.001 -16"><span class='ocrx_word' id='word_1_178' title='bbox 78 1902 437 1963; x_wconf 88' lang='lat' dir='ltr'>praeceptricem</span> <span class='ocrx_word' id='word_1_179' title='bbox 475 1902 562 1947; x_wconf 92' lang='lat' dir='ltr'>sibi</span> <span class='ocrx_word' id='word_1_180' title='bbox 599 1901 839 1953; x_wconf 81' lang='lat' dir='ltr'>confinxit,</span> <span class='ocrx_word' id='word_1_181' title='bbox 895 1917 984 1963; x_wconf 91' lang='lat' dir='ltr'>quo</span> <span class='ocrx_word' id='word_1_182' title='bbox 1023 1904 1167 1948; x_wconf 85' lang='lat' dir='ltr'>maior</span> <span class='ocrx_word' id='word_1_183' title='bbox 1212 1903 1330 1963; x_wconf 85' lang='lat' dir='ltr'>apud</span> <span class='ocrx_word' id='word_1_184' title='bbox 1365 1903 1543 1949; x_wconf 79' lang='lat' dir='ltr'>seroces</span> <span class='ocrx_word' id='word_1_185' title='bbox 1580 1910 1705 1949; x_wconf 90' lang='lat' dir='ltr'>esset</span> 
     </span>
     <span class='ocr_line' id='line_1_24' title="bbox 79 1975 340 2019; baseline -0.004 0"><span class='ocrx_word' id='word_1_186' title='bbox 79 1975 340 2019; x_wconf 79' lang='lat' dir='ltr'>auctoritas.</span> 
     </span>
    </p>

    <p class='ocr_par' dir='ltr' id='par_1_9' title="bbox 80 2043 1770 2176">
     <span class='ocr_line' id='line_1_25' title="bbox 185 2043 1770 2107; baseline 0 -20"><span class='ocrx_word' id='word_1_187' title='bbox 185 2048 226 2088; x_wconf 82' lang='lat'>2.</span> <span class='ocrx_word' id='word_1_188' title='bbox 254 2043 406 2105; x_wconf 88' lang='lat' dir='ltr'>Scipio</span> <span class='ocrx_word' id='word_1_189' title='bbox 427 2043 666 2090; x_wconf 81' lang='lat' dir='ltr'>Africanus</span> <span class='ocrx_word' id='word_1_190' title='bbox 693 2058 840 2105; x_wconf 89' lang='lat' dir='ltr'>neque</span> <span class='ocrx_word' id='word_1_191' title='bbox 859 2044 1042 2105; x_wconf 89' lang='lat' dir='ltr'>publica</span> <span class='ocrx_word' id='word_1_192' title='bbox 1070 2059 1216 2105; x_wconf 88' lang='lat' dir='ltr'>neque</span> <span class='ocrx_word' id='word_1_193' title='bbox 1246 2047 1422 2106; x_wconf 84' lang='lat' dir='ltr'>priuata</span> <span class='ocrx_word' id='word_1_194' title='bbox 1449 2047 1576 2107; x_wconf 87' lang='lat' dir='ltr'>prius</span> <span class='ocrx_word' id='word_1_195' title='bbox 1605 2061 1701 2091; x_wconf 89' lang='lat' dir='ltr'>um-</span> <span class='ocrx_word' id='word_1_196' title='bbox 1726 2055 1770 2087; x_wconf 82' lang='lat'>25</span> 
     </span>
     <span class='ocr_line' id='line_1_26' title="bbox 80 2115 1704 2176; baseline 0.001 -16"><span class='ocrx_word' id='word_1_197' title='bbox 80 2128 212 2175; x_wconf 90' lang='lat' dir='ltr'>quam</span> <span class='ocrx_word' id='word_1_198' title='bbox 239 2115 392 2174; x_wconf 83' lang='lat' dir='ltr'>attigit</span> <span class='ocrx_word' id='word_1_199' title='bbox 419 2129 550 2175; x_wconf 88' lang='lat' dir='ltr'>quam</span> <span class='ocrx_word' id='word_1_200' title='bbox 579 2117 622 2160; x_wconf 89' lang='lat' dir='ltr'>in</span> <span class='ocrx_word' id='word_1_201' title='bbox 649 2115 762 2160; x_wconf 92' lang='lat' dir='ltr'>cella</span> <span class='ocrx_word' id='word_1_202' title='bbox 789 2115 909 2161; x_wconf 92' lang='lat' dir='ltr'>Iouis</span> <span class='ocrx_word' id='word_1_203' title='bbox 935 2115 1178 2176; x_wconf 87' lang='lat' dir='ltr'>Capitolini</span> <span class='ocrx_word' id='word_1_204' title='bbox 1217 2116 1472 2162; x_wconf 88' lang='lat' dir='ltr'>diutissime</span> <span class='ocrx_word' id='word_1_205' title='bbox 1502 2117 1704 2162; x_wconf 57' lang='lat' dir='ltr'>morare*-</span> 
     </span>
    </p>

    <p class='ocr_par' dir='ltr' id='par_1_10' title="bbox 42 2185 1026 2247">
     <span class='ocr_line' id='line_1_27' title="bbox 42 2185 1026 2247; baseline 0.001 -16"><span class='ocrx_word' id='word_1_206' title='bbox 42 2228 45 2231; x_wconf 8' lang='grc' dir='ltr'><strong>ᾗ</strong></span> <span class='ocrx_word' id='word_1_207' title='bbox 85 2191 174 2236; x_wconf 87' lang='lat' dir='ltr'>tur,</span> <span class='ocrx_word' id='word_1_208' title='bbox 203 2192 442 2246; x_wconf 87' lang='lat' dir='ltr'>antequam</span> <span class='ocrx_word' id='word_1_209' title='bbox 470 2185 705 2231; x_wconf 89' lang='lat' dir='ltr'>uideretur</span> <span class='ocrx_word' id='word_1_210' title='bbox 732 2202 755 2232; x_wconf 90' lang='lat' dir='ltr'>a</span> <span class='ocrx_word' id='word_1_211' title='bbox 785 2201 1026 2247; x_wconf 90' lang='lat' dir='ltr'>quoquam.</span> 
     </span>
    </p>

    <p class='ocr_par' dir='ltr' id='par_1_11' title="bbox 79 2245 1702 2390">
     <span class='ocr_line' id='line_1_28' title="bbox 185 2245 1702 2319; baseline 0.003 -19"><span class='ocrx_word' id='word_1_212' title='bbox 185 2258 227 2302; x_wconf 88' lang='lat'>3.</span> <span class='ocrx_word' id='word_1_213' title='bbox 280 2245 403 2302; x_wconf 79' lang='lat' dir='ltr'>Sulla</span> <span class='ocrx_word' id='word_1_214' title='bbox 439 2257 750 2317; x_wconf 87' lang='lat' dir='ltr'>proeliaturus</span> <span class='ocrx_word' id='word_1_215' title='bbox 788 2258 1081 2303; x_wconf 84' lang='lat' dir='ltr'>simulacrum</span> <span class='ocrx_word' id='word_1_216' title='bbox 1108 2256 1332 2318; x_wconf 85' lang='lat' dir='ltr'>Apollinis</span> <span class='ocrx_word' id='word_1_217' title='bbox 1359 2257 1542 2319; x_wconf 88' lang='lat' dir='ltr'>Delphis</span> <span class='ocrx_word' id='word_1_218' title='bbox 1580 2258 1702 2304; x_wconf 83' lang='lat' dir='ltr'>abla-</span> 
     </span>
     <span class='ocr_line' id='line_1_29' title="bbox 79 2319 1702 2390; baseline 0.002 -19"><span class='ocrx_word' id='word_1_219' title='bbox 79 2331 175 2372; x_wconf 88' lang='lat' dir='ltr'>tum</span> <span class='ocrx_word' id='word_1_220' title='bbox 202 2319 472 2388; x_wconf 81' lang='lat' dir='ltr'>suppliciter</span> <span class='ocrx_word' id='word_1_221' title='bbox 499 2327 656 2373; x_wconf 87' lang='lat' dir='ltr'>orabat</span> <span class='ocrx_word' id='word_1_222' title='bbox 683 2329 728 2373; x_wconf 89' lang='lat' dir='ltr'>in</span> <span class='ocrx_word' id='word_1_223' title='bbox 749 2336 999 2388; x_wconf 83' lang='lat' dir='ltr'>conspectu</span> <span class='ocrx_word' id='word_1_224' title='bbox 1030 2329 1221 2385; x_wconf 81' lang='lat' dir='ltr'>militum</span> <span class='ocrx_word' id='word_1_225' title='bbox 1249 2336 1300 2374; x_wconf 93' lang='lat' dir='ltr'>ut</span> <span class='ocrx_word' id='word_1_226' title='bbox 1321 2331 1542 2389; x_wconf 90' lang='lat' dir='ltr'>promissa</span> <span class='ocrx_word' id='word_1_227' title='bbox 1570 2344 1702 2390; x_wconf 87' lang='lat' dir='ltr'>prae-</span> 
     </span>
    </p>

    <p class='ocr_par' dir='ltr' id='par_1_12' title="bbox 20 2390 1853 2600">
     <span class='ocr_line' id='line_1_30' title="bbox 23 2390 1853 2458; baseline 0.002 -16"><span class='ocrx_word' id='word_1_228' title='bbox 23 2399 25 2401; x_wconf 82' lang='grc'><strong>’</strong></span> <span class='ocrx_word' id='word_1_229' title='bbox 79 2403 244 2448; x_wconf 88' lang='lat' dir='ltr'>staret,</span> <span class='ocrx_word' id='word_1_230' title='bbox 274 2397 603 2458; x_wconf 85' lang='lat' dir='ltr'>uidebaturque</span> <span class='ocrx_word' id='word_1_231' title='bbox 630 2400 743 2443; x_wconf 90' lang='lat' dir='ltr'>mire</span> <span class='ocrx_word' id='word_1_232' title='bbox 770 2390 836 2444; x_wconf 75' lang='lat' dir='ltr'>ad</span> <span class='ocrx_word' id='word_1_233' title='bbox 859 2399 1024 2445; x_wconf 87' lang='lat' dir='ltr'>bellum</span> <span class='ocrx_word' id='word_1_234' title='bbox 1054 2400 1215 2445; x_wconf 85' lang='lat' dir='ltr'>fretus.</span> <span class='ocrx_word' id='word_1_235' title='bbox 1724 2410 1768 2440; x_wconf 87' lang='lat'>30</span> <span class='ocrx_word' id='word_1_236' title='bbox 1835 2428 1853 2440; x_wconf 50' lang='grc' dir='ltr'><em>κ</em></span> 
     </span>
     <span class='ocr_line' id='line_1_31' title="bbox 185 2467 1699 2527; baseline 0.003 -17.509"><span class='ocrx_word' id='word_1_237' title='bbox 185 2470 225 2511; x_wconf 87' lang='grc'>4.</span> <span class='ocrx_word' id='word_1_238' title='bbox 277 2467 434 2527; x_wconf 86' lang='lat' dir='ltr'>Syram</span> <span class='ocrx_word' id='word_1_239' title='bbox 462 2468 697 2514; x_wconf 88' lang='lat' dir='ltr'>mulierem</span> <span class='ocrx_word' id='word_1_240' title='bbox 725 2469 891 2515; x_wconf 90' lang='lat' dir='ltr'>Marius</span> <span class='ocrx_word' id='word_1_241' title='bbox 929 2471 974 2515; x_wconf 90' lang='lat' dir='ltr'>in</span> <span class='ocrx_word' id='word_1_242' title='bbox 1003 2472 1166 2516; x_wconf 88' lang='lat' dir='ltr'>castris</span> <span class='ocrx_word' id='word_1_243' title='bbox 1194 2470 1388 2516; x_wconf 88' lang='lat' dir='ltr'>habebat</span> <span class='ocrx_word' id='word_1_244' title='bbox 1417 2470 1699 2519; x_wconf 87' lang='lat' dir='ltr'>sacricolam,</span> 
     </span>
     <span class='ocr_line' id='line_1_32' title="bbox 28 2538 1322 2600; baseline 0.002 -18"><span class='ocrx_word' id='word_1_245' title='bbox 28 2546 51 2577; x_wconf 27' lang='lat'>{⁷</span> <span class='ocrx_word' id='word_1_246' title='bbox 78 2550 131 2582; x_wconf 84' lang='lat' dir='ltr'>ex</span> <span class='ocrx_word' id='word_1_247' title='bbox 157 2538 285 2583; x_wconf 86' lang='lat' dir='ltr'>cuius</span> <span class='ocrx_word' id='word_1_248' title='bbox 313 2552 359 2583; x_wconf 88' lang='lat' dir='ltr'>se</span> <span class='ocrx_word' id='word_1_249' title='bbox 388 2540 659 2585; x_wconf 90' lang='lat' dir='ltr'>auctoritate</span> <span class='ocrx_word' id='word_1_250' title='bbox 686 2541 918 2586; x_wconf 87' lang='lat' dir='ltr'>asserebat</span> <span class='ocrx_word' id='word_1_251' title='bbox 947 2543 1093 2586; x_wconf 90' lang='lat' dir='ltr'>omnia</span> <span class='ocrx_word' id='word_1_252' title='bbox 1121 2541 1322 2600; x_wconf 71' lang='lat' dir='ltr'>aggredi.</span> 
     </span>
    </p>

    <p class='ocr_par' dir='ltr' id='par_1_13' title="bbox 22 2607 1700 2739">
     <span class='ocr_line' id='line_1_33' title="bbox 183 2607 1700 2670; baseline 0.001 -17"><span class='ocrx_word' id='word_1_253' title='bbox 183 2612 223 2652; x_wconf 85' lang='lat'>5.</span> <span class='ocrx_word' id='word_1_254' title='bbox 277 2607 508 2654; x_wconf 85' lang='lat' dir='ltr'>Sertorius</span> <span class='ocrx_word' id='word_1_255' title='bbox 556 2609 601 2654; x_wconf 90' lang='lat' dir='ltr'>in</span> <span class='ocrx_word' id='word_1_256' title='bbox 646 2612 847 2656; x_wconf 85' lang='lat' dir='ltr'>exercitu</span> <span class='ocrx_word' id='word_1_257' title='bbox 882 2611 1083 2670; x_wconf 88' lang='lat' dir='ltr'>Hispano</span> <span class='ocrx_word' id='word_1_258' title='bbox 1123 2611 1266 2656; x_wconf 85' lang='lat' dir='ltr'>albam</span> <span class='ocrx_word' id='word_1_259' title='bbox 1308 2624 1487 2655; x_wconf 89' lang='lat' dir='ltr'>ceruam</span> <span class='ocrx_word' id='word_1_260' title='bbox 1525 2610 1700 2661; x_wconf 87' lang='lat' dir='ltr'>habuit,</span> 
     </span>
     <span class='ocr_line' id='line_1_34' title="bbox 22 2680 1268 2739; baseline 0.002 -16"><span class='ocrx_word' id='word_1_261' title='bbox 22 2687 24 2689; x_wconf 75' lang='grc'><strong><em>’</em></strong></span> <span class='ocrx_word' id='word_1_262' title='bbox 80 2691 213 2738; x_wconf 80' lang='lat' dir='ltr'>quam</span> <span class='ocrx_word' id='word_1_263' title='bbox 240 2681 471 2739; x_wconf 85' lang='lat' dir='ltr'>persuasit</span> <span class='ocrx_word' id='word_1_264' title='bbox 498 2680 701 2726; x_wconf 88' lang='lat' dir='ltr'>barbaris</span> <span class='ocrx_word' id='word_1_265' title='bbox 728 2681 1013 2726; x_wconf 78' lang='lat' dir='ltr'>monitricein</span> <span class='ocrx_word' id='word_1_266' title='bbox 1043 2681 1126 2726; x_wconf 88' lang='lat' dir='ltr'>sibi</span> <span class='ocrx_word' id='word_1_267' title='bbox 1154 2694 1268 2726; x_wconf 85' lang='lat' dir='ltr'>esse.</span> 
     </span>
    </p>
   </div>
   <div class='ocr_carea' id='block_1_6' title="bbox 20 2788 1737 2982">
    <p class='ocr_par' dir='ltr' id='par_1_14' title="bbox 20 2788 1737 2982">
     <span class='ocr_line' id='line_1_35' title="bbox 23 2788 1694 2862; baseline 0.002 -20"><span class='ocrx_word' id='word_1_268' title='bbox 23 2847 51 2862; x_wconf 62' lang='lat'>,—</span> <span class='ocrx_word' id='word_1_269' title='bbox 193 2803 246 2842; x_wconf 85' lang='grc'><strong>16</strong></span> <span class='ocrx_word' id='word_1_270' title='bbox 277 2803 570 2856; x_wconf 76' lang='lat' dir='ltr'>cfifugissent</span> <span class='ocrx_word' id='word_1_271' title='bbox 602 2804 635 2844; x_wconf 88' lang='lat' dir='ltr'><em>C</em></span> <span class='ocrx_word' id='word_1_272' title='bbox 702 2806 752 2844; x_wconf 81' lang='lat'>17</span> <span class='ocrx_word' id='word_1_273' title='bbox 785 2803 892 2844; x_wconf 85' lang='lat' dir='ltr'>deos</span> <span class='ocrx_word' id='word_1_274' title='bbox 926 2801 1108 2857; x_wconf 80' lang='lat' dir='ltr'>secum]</span> <span class='ocrx_word' id='word_1_275' title='bbox 1143 2805 1217 2845; x_wconf 86' lang='lat' dir='ltr'>dei</span> <span class='ocrx_word' id='word_1_276' title='bbox 1247 2804 1464 2845; x_wconf 85' lang='lat' dir='ltr'>sacerdos</span> <span class='ocrx_word' id='word_1_277' title='bbox 1497 2788 1638 2845; x_wconf 71' lang='lat' dir='ltr'>Clzrz&#39;sc</span> <span class='ocrx_word' id='word_1_278' title='bbox 1674 2803 1694 2859; x_wconf 72' lang='grc' dir='ltr'>Η</span> 
     </span>
     <span class='ocr_line' id='line_1_36' title="bbox 75 2857 1699 2913; baseline 0.002 -15.869"><span class='ocrx_word' id='word_1_279' title='bbox 75 2857 463 2907; x_wconf 73' lang='lat' dir='ltr'>fort.cumGallis</span> <span class='ocrx_word' id='word_1_280' title='bbox 522 2862 576 2901; x_wconf 82' lang='lat'>20</span> <span class='ocrx_word' id='word_1_281' title='bbox 594 2861 839 2913; x_wconf 87' lang='lat' dir='ltr'>popiliusC</span> <span class='ocrx_word' id='word_1_282' title='bbox 896 2863 947 2900; x_wconf 74' lang='lat'>21</span> <span class='ocrx_word' id='word_1_283' title='bbox 969 2861 1468 2902; x_wconf 75' lang='lat' dir='ltr'>animaduerteretMai</span> <span class='ocrx_word' id='word_1_284' title='bbox 1524 2864 1699 2901; x_wconf 67' lang='grc'><strong>22001]-</strong></span> 
     </span>
     <span class='ocr_line' id='line_1_37' title="bbox 20 2914 1737 2982; baseline 0.003 -30"><span class='ocrx_word' id='word_1_285' title='bbox 20 2922 30 2955; x_wconf 71' lang='lat'>1</span> <span class='ocrx_word' id='word_1_286' title='bbox 79 2914 319 2955; x_wconf 52' lang='lat' dir='ltr'>suetudine</span> <span class='ocrx_word' id='word_1_287' title='bbox 339 2916 371 2955; x_wconf 81' lang='lat' dir='ltr'><em>C</em></span> <span class='ocrx_word' id='word_1_288' title='bbox 428 2919 481 2956; x_wconf 77' lang='lat'>23</span> <span class='ocrx_word' id='word_1_289' title='bbox 503 2915 737 2958; x_wconf 81' lang='lat' dir='ltr'>confixitC</span> <span class='ocrx_word' id='word_1_290' title='bbox 793 2919 847 2958; x_wconf 86' lang='lat'>30</span> <span class='ocrx_word' id='word_1_291' title='bbox 868 2916 925 2957; x_wconf 85' lang='lat' dir='ltr'>ad</span> <span class='ocrx_word' id='word_1_292' title='bbox 940 2917 1115 2958; x_wconf 86' lang='lat' dir='ltr'>bellum</span> <span class='ocrx_word' id='word_1_293' title='bbox 1135 2932 1233 2959; x_wconf 76' lang='lat' dir='ltr'>nos:</span> <span class='ocrx_word' id='word_1_294' title='bbox 1252 2918 1425 2959; x_wconf 91' lang='lat' dir='ltr'>bellum</span> <span class='ocrx_word' id='word_1_295' title='bbox 1449 2918 1490 2965; x_wconf 79' lang='lat' dir='ltr'>G,</span> <span class='ocrx_word' id='word_1_296' title='bbox 1510 2918 1701 2958; x_wconf 81' lang='lat' dir='ltr'>illoMaz‘</span> <span class='ocrx_word' id='word_1_297' title='bbox 1720 2968 1737 2982; x_wconf 48' lang='grc' dir='ltr'><strong><em>ο</em></strong></span> 
     </span>
    </p>
   </div>
  </div>
 </body>
</html>
