1924 3152
700 158 818 206 CAP.
845 159 903 212 v,
943 158 974 219 3
1003 162 1140 206 1—6.
1636 155 1740 209 195

108 269 315 341 coepit,
350 278 415 323 ut
441 267 650 322 scilicet
684 278 1003 339 praeturam
1026 267 1222 321 melius
1248 267 1504 321 Africani
1537 286 1736 322 memo·
1813 295 1827 331 .·

106 342 222 395 riae
258 339 587 393 concederet
621 357 786 410 quam
825 339 933 393 sibi
967 339 1294 394 uindicaret.
1370 341 1406 406 †
1429 357 1530 392 nec
1563 339 1737 392 maxi-

107 431 259 464 mum
285 429 406 465 esse
429 409 795 464 uerecundiae
815 411 1072 480 pretium.
1114 410 1298 481 Scipio
1323 417 1457 463 tunc
1474 410 1738 463 honorem

108 483 212 537 ade
253 491 340 536 tus
368 489 478 548 est,
518 481 624 534 etsi
649 479 893 533 Cicereio
920 482 1097 550 magis
1124 480 1389 550 gratulati
1414 489 1558 534 sunt.

212 501 263 606 Ξ.
315 554 401 605 Ac
423 570 491 605 ne
518 552 767 622 protinus
795 551 1034 604 comitiis
1062 551 1324 606 abeamus
1339 593 1354 619 ,
1391 551 1735 606 consulatum
1757 567 1780 601 5

105 631 297 695 petens
323 622 388 676 L.
419 621 681 690 Crassus,
719 640 843 675 cum
869 623 1114 676 omnium
1141 623 1560 677 candidatorum
1585 642 1738 677 more

105 697 309 748 circum
352 693 533 748 forum
570 692 807 765 supplex
851 693 1056 765 populo
1100 694 1183 746 ire
1217 702 1532 764 cogeretur,
1583 713 1739 746 num-

106 784 270 838 quam
314 765 519 818 adduci
560 765 744 836 potuit
787 773 850 818 ut
891 765 950 818 id
992 773 1283 836 praesente
1327 765 1395 832 Q.
1443 763 1733 831 Scaeuola,

107 836 437 907 grauissimo
466 843 520 889 et
546 835 953 907 sapientissimo
979 835 1119 905 uiro,
1149 854 1333 890 socero
1362 854 1477 904 suc,
1506 836 1732 890 faceret.

106 908 294 978 itaque
318 907 555 976 rogabat
581 926 703 959 eum
726 913 788 960 ut
813 925 846 959 a
873 925 958 975 se,
997 907 1128 960 dum
1152 908 1372 979 ineptae
1399 908 1478 960 rei
1505 907 1733 960 inserui-
1757 922 1802 959 10

103 988 206 1046 ret,
236 977 571 1044 discederet,
599 978 864 1031 maiorem
887 978 1280 1032 uerecundiam
1305 979 1590 1049 dignitatis
1619 979 1735 1032 eius

105 1067 273 1121 quam
299 1048 568 1102 candidae
593 1058 756 1118 togae
783 1067 913 1102 suae
938 1058 1246 1120 respectum
1274 1068 1462 1120 agens,

212 1119 264 1174 5.
297 1120 588 1190 Pompeius
616 1127 801 1172 autem
818 1119 1055 1190 Magnus
1078 1120 1399 1174 Pharsalica
1418 1122 1533 1174 acie
1552 1121 1734 1174 uictus

104 1211 137 1245 a
156 1191 414 1257 Caesare,
442 1208 567 1242 cum
592 1199 813 1261 postero
842 1190 930 1244 die
949 1191 1235 1244 Larissam
1260 1193 1494 1245 intraret
1520 1191 1732 1263 oppidi-

103 1281 209 1333 que
243 1259 391 1313 illius
427 1260 716 1313 uniuersus
743 1260 980 1332 populus
1018 1263 1240 1316 obuiam
1277 1264 1326 1316 ei
1351 1263 1730 1334 processisset,
1756 1277 1806 1309 151
1848 1315 1851 1318 ,

105 1334 238 1385 ‘ite'
277 1333 458 1403 inquit
491 1334 576 1384 ‘et
601 1331 754 1385 istud
782 1333 1027 1386 officium
1050 1342 1328 1404 praestate
1355 1335 1602 1387 uictori'.
1656 1332 1733 1385 di-

102 1422 282 1457 cerem
304 1421 416 1457 non
435 1402 636 1472 dignus
663 1404 757 1474 qui
781 1403 1110 1471 uinceretur,
1137 1404 1244 1457 nisi
1271 1424 1303 1457 a
1324 1406 1561 1459 Caesare
1588 1412 1736 1457 esset

104 1481 424 1546 superatuS,
460 1482 606 1527 certe
640 1474 924 1528 modestus
959 1475 1017 1526 in
1054 1474 1390 1529 calamitate:
1439 1493 1568 1528 nam
1604 1475 1736 1546 quia

103 1545 494 1615 dignitatesua
511 1546 593 1598 uti
610 1545 722 1598 iam
741 1565 853 1600 non
866 1554 1100 1617 poterat,
1127 1565 1259 1600 usus
1282 1557 1368 1601 est
1383 1546 1735 1600 uerecundia.

209 1615 259 1668 6.
326 1615 506 1682 Quam
548 1618 903 1688 praecipuam
945 1616 1002 1669 in
1046 1617 1190 1671 Gaio
1272 1636 1451 1689 uoque
1496 1616 1733 1672 Caesare
1756 1634 1803 1665 20

102 1685 277 1739 fuisse
313 1694 367 1738 et
392 1705 556 1758 saepe
581 1706 807 1741 numero
845 1689 1102 1759 apparuit
1136 1697 1190 1741 et
1215 1709 1250 1741 u
1275 1689 1439 1742 timus
1469 1689 1586 1741 eius
1615 1688 1732 1742 dies

105 1755 455 1827 significauit.
511 1757 866 1827 conpluribus
895 1759 1039 1811 enim
1065 1759 1464 1829 parricidarum
1488 1759 1729 1812 uiolatus

102 1827 458 1881 mucronibus
493 1827 636 1880 inter
669 1828 853 1898 ipsum
887 1828 1027 1881 illud
1061 1837 1276 1900 tempus
1293 1870 1306 1896 ,
1358 1849 1468 1901 quo
1508 1829 1733 1882 diuinus

103 1898 329 1970 spiritus
368 1897 587 1952 mortali
624 1899 1039 1952 discernebatur
1077 1918 1109 1951 a
1146 1916 1400 1971 corpore,
1451 1918 1520 1952 ne
1554 1900 1733 1952 tribus

102 2059 199 2092 rem
226 2047 325 2092 eius
352 2059 488 2106 agere
515 2047 681 2107 coepit.
744 2051 785 2091 4.
821 2046 869 2092 L.
898 2046 1088 2094 Crassus
1124 2048 1412 2094 consulatum
1438 2054 1601 2110 petens
1630 2061 1728 2094 ora·
1752 2061 1794 2095 25

101 2117 172 2163 uit
198 2130 407 2163 socerum
434 2131 567 2162 suum
589 2116 854 2164 Scaeuolam
880 2125 933 2164 ut
959 2133 984 2165 a
1005 2132 1067 2170 se,
1096 2119 1202 2164 dum
1228 2119 1495 2166 consulatus
1514 2119 1727 2180 petitioni
1752 2103 1852 2138 Par.

101 2187 383 2240 deseruiret,
413 2188 694 2235 discederet:
736 2203 790 2236 eo
818 2191 938 2235 enim
963 2196 1205 2250 praesente
1232 2204 1359 2236 more
1387 2190 1728 2237 candidatorum

102 2260 221 2305 circa
246 2258 399 2305 sorum
426 2259 678 2320 supplicem
715 2274 810 2306 non
837 2262 1024 2315 iturum.
1087 2263 1127 2306 5.
1163 2261 1407 2322 Pompeius
1432 2260 1620 2322 Magnus
1645 2260 1727 2308 Pa-

101 2329 375 2390 laepharsali
410 2332 564 2376 uictus
590 2345 693 2377 cum
719 2333 917 2378 intraret
942 2331 1192 2383 Larissam,
1233 2331 1414 2378 obuiam
1441 2331 1527 2378 sibi
1552 2332 1726 2393 populo

104 2408 322 2452 exeunte,
367 2399 382 2422 ³
401 2400 491 2446 ite'
538 2401 688 2462 inquit
735 2402 748 2424 ‘
766 2409 813 2448 et
856 2403 945 2449 hoc
988 2401 1191 2448 officium
1234 2410 1464 2463 praestate
1508 2403 1722 2450 uictori'.
1748 2417 1791 2451 30

102 2473 144 2515 6.
184 2469 230 2514 C.
258 2469 421 2516 Caesar
446 2485 550 2516 cum
578 2472 725 2518 tribus
763 2481 809 2519 et
835 2473 1002 2533 uiginti
1028 2473 1176 2534 plagis
1211 2474 1564 2525 confoderetur,
1601 2481 1728 2520 utra-

105 2554 193 2599 que
220 2554 354 2586 manu
383 2547 535 2600 togam
562 2542 771 2594 demisit,
808 2550 861 2589 ut
887 2544 1078 2590 inferior
1114 2559 1221 2605 pars
1248 2552 1369 2591 tecta
1405 2543 1724 2591 collaberetur.

219 2694 240 2732 1
263 2696 485 2745 praetura
506 2692 549 2732 B
617 2694 642 2732 2
670 2706 757 2735 nec
778 2694 983 2736 maximfi
1004 2695 1053 2736 e“e
1074 2696 1129 2744 Β,
1162 2709 1251 2737 nec
1272 2696 1465 2744 minimii
1485 2696 1509 2738 ὅ
1537 2697 1586 2745 b,·
1615 2698 1723 2749 fort.

60 2756 77 2767 '
101 2761 247 2802 neges
268 2750 818 2802 maximum—pretium?
877 2754 905 2792 4
926 2753 1018 2793 etsi
1036 2753 1244 2794 Foertselz
1264 2750 1335 2802 II,
1357 2756 1438 2795 28:
1470 2753 1552 2795 sed
1572 2754 1612 2794 si
1631 2754 1675 2795 B
1701 2752 1720 2807 ΙΙ

101 2806 250 2859 magis
268 2805 492 2860 gratulati
503 2806 662 2848 Aldus:
686 2808 835 2861 magis
850 2808 1093 2849 tratuslati
1109 2808 1152 2849 B
1213 2811 1236 2850 7
1252 2811 1523 2864 neutiquam
1539 2809 1727 2865 Stanyer

104 2863 158 2903 10
186 2862 444 2904 deseruiret
463 2864 505 2903 P
571 2865 620 2903 11
654 2864 719 2904 ei:
754 2862 801 2916 (i.
825 2878 861 2906 e.
895 2864 1010 2918 eius)
1041 2865 1085 2906 B
1105 2868 1148 2907 in
1169 2879 1257 2908 ras.
1329 2869 1380 2908 12
1410 2871 1652 2921 respectu*
1682 2865 1725 2906 B

104 2919 157 2959 13
177 2919 412 2972 pai-salica
433 2913 502 2967 B',
533 2919 640 2972 pale
662 2921 875 2974 pharsali
893 2923 935 2962 P
990 2924 1045 2962 22
1065 2922 1334 2965 uolneratus
1356 2923 1642 2965 Kellerbauer

217 2977 271 3016 27
294 2975 579 3023 deseruisset
596 2972 650 3017 V'
670 2975 688 3032 Η
712 2975 786 3032 eo]
803 2982 850 3020 et
864 2979 906 3020 V
937 2979 991 3020 28
1002 2979 1110 3033 pale
1122 2980 1334 3034 pharsali
1352 2981 1399 3020 V
1421 2983 1475 3023 32
1491 2978 1733 3033 1811113ἰῄῙῖ

1361 3050 1469 3102 13*
