1936 3120
270 0 289 10 ι
308 0 317 12 z
341 3 343 5 .
375 0 382 10 ‹
398 0 402 7 r
419 7 422 17 2
438 0 784 35 ussrffflq’uffwvvqff
799 0 1124 42 “st—wssf
1154 3 1239 27 μιν,
1271 12 1274 14 .
1328 7 1335 15 2

791 31 794 34 '
870 28 873 33 ¹
932 35 935 39 ·
1022 33 1028 42 ι
1058 33 1062 35 “
1174 31 1197 44 ’.υ
1375 37 1382 45 -

1451 65 1468 78 ι.
1503 55 1699 79 ‹—
1733 52 1829 84 ,δῖ’
1911 74 1936 85 κ,

1551 85 1680 116 *qa-2>
1716 108 1719 114 .
1795 85 1823 91 .-
1864 92 1866 94 ,

249 73 381 171 4264
935 122 1034 170 tm.
1074 122 1176 171 vm.

361 231 441 282 11.
483 229 591 283 Sed
619 231 801 283 nescio
841 248 910 284 an
935 232 1288 301 praecipuum
1314 230 1377 285 L.
1406 230 1581 286 Marci
1613 233 1861 289 inusitati

251 300 465 353 decoris
516 299 853 371 exemplum,
943 319 1067 353 uem
1114 302 1354 372 equitem
1397 301 1702 357 Romanum
1751 303 1860 359 duo

251 369 551 435 exercitus,
590 371 650 422 P.
690 379 744 424 et
781 370 878 424 Cn.
960 370 1234 441 cipionum
1271 371 1493 425 interitu
1525 373 1863 446 uictoriaque

249 438 580 492 Hannibalis
608 440 852 507 lacerati,
881 440 1074 494 ducem
1095 440 1362 511 legerunt,
1390 461 1496 513 quo
1517 450 1759 515 tempore
1780 462 1863 497 sa-

207 529 226 563 5
250 509 333 561 lus
371 527 555 562 eorum
592 511 648 562 in
685 509 906 564 ultimas
945 513 1225 581 angustias
1255 511 1492 566 deducta
1515 513 1726 567 nullum
1751 532 1861 567 am-

248 579 443 633 bitioni
468 579 645 633 locum
671 580 1032 652 relinquebat.

360 650 442 702 12.
504 650 702 705 Merito
752 652 995 705 uirorum
1045 653 1547 707 commemorationi
1599 653 1859 725 Sulpicia,

250 720 409 773 Serui
435 721 709 774 Paterculi
744 721 883 788 filia,
923 722 989 788 Q.
1016 721 1178 774 Fului
1205 722 1391 776 Flacci
1417 741 1583 790 uxor,
1611 724 1861 779 adicitur.

249 809 413 861 quae,
463 809 585 844 cum
621 801 842 845 senatus
879 792 1034 846 libris
1071 792 1356 863 Sibyllinis
1394 811 1492 863 per
1527 792 1861 848 decemuiros

186 881 226 914 10
250 862 508 932 inspectis
547 863 848 915 censuisset
887 871 949 915 ut
975 863 1202 916 Veneris
1230 863 1606 917 Verticordiae
1643 863 1863 917 simula·

250 950 402 984 crum
430 942 859 999 consecraretur,
889 951 993 1003 quo
1020 932 1236 986 facilius
1256 934 1531 1003 uirginum
1552 933 1863 987 mulierum-

251 1021 355 1073 que
381 1021 531 1054 mens
560 1022 592 1055 a
618 1003 846 1055 libidine
872 1004 943 1056 ad
978 1002 1300 1074 pudicitiam
1336 1011 1769 1072 conuerteretur,
1810 1013 1863 1058 et

251 1091 319 1125 ex
356 1073 606 1126 omnibus
643 1074 903 1127 matronis
932 1074 1176 1140 centuni,
1214 1093 1283 1126 ex
1320 1082 1536 1127 centum
1561 1082 1744 1128 autem
1771 1074 1861 1127 de-

251 1161 370 1195 cem
397 1151 541 1196 sorte
569 1143 764 1197 ductae
794 1144 861 1196 de
891 1145 1237 1196 sanctissima
1262 1144 1468 1196 femina
1492 1143 1755 1198 iudicium
1783 1145 1861 1196 fa-

191 1230 228 1266 15
251 1221 451 1279 cerent‚
481 1214 690 1267 cunctis
719 1215 974 1266 castitate
1000 1213 1247 1284 praelata
1273 1222 1373 1267 est.

359 1287 479 1336 Ext.
515 1285 561 1335 1.
602 1285 854 1337 Ceterum
891 1285 1019 1355 quia
1056 1284 1170 1337 sine
1207 1284 1318 1336 ulla
1353 1284 1723 1338 deminutione
1759 1283 1864 1337 Ro-

250 1372 444 1407 manae
472 1354 774 1407 maiestatis
803 1363 993 1407 extera
1019 1373 1124 1424 quo
1164 1373 1232 1406 ue
1259 1354 1500 1423 insignia
1519 1353 1714 1424 respici
1742 1372 1861 1424 pos-

252 1432 396 1491 sunt,
425 1424 496 1476 ad
523 1443 588 1476 ea
614 1424 1098 1493 transgrediemur.
1130 1374 1497 1494 quthagorae
1523 1430 1678 1476 tanta
1703 1442 1863 1476 uene-

251 1496 392 1547 ratio
421 1493 490 1547 ab
519 1494 859 1547 auditoribus
895 1494 1102 1547 tributa
1128 1502 1237 1560 est,
1276 1501 1336 1546 ut
1362 1511 1500 1575 quae
1529 1495 1598 1546 ab
1626 1511 1687 1546 eo
1715 1511 1862 1546 acce-

188 1583 229 1617 eo
251 1572 446 1636 perant
472 1565 527 1615 in
554 1564 979 1634 disputationem
1001 1563 1269 1616 deducere
1290 1565 1443 1615 netas
1462 1562 1862 1616 existimarent:

251 1635 383 1705 quin
411 1635 574 1687 etiam
601 1633 932 1704 interpellati
958 1633 1029 1686 ad
1056 1633 1392 1686 reddendam
1412 1651 1634 1686 causam
1653 1633 1757 1687 hoc
1783 1652 1865 1686 so-

251 1705 363 1757 lum
398 1723 484 1757 res
530 1704 836 1769 ondcbant,
881 1705 1061 1774 ipsum
1108 1704 1333 1756 dixisse.
1408 1722 1496 1755 ma
1573 1722 1636 1756 us
1673 1702 1863 1770 honos7

252 1775 348 1828 sed
371 1724 557 1828 scholia
578 1782 760 1828 tenus:
791 1774 887 1827 illa
907 1774 1123 1827 urbium
1145 1774 1418 1843 suffragiis
1440 1774 1510 1827 tri
1552 1780 1662 1826 uta.
1703 1773 1863 1826 enixo

253 1846 602 1899 Crotoniatae
639 1845 820 1898 studio
858 1845 927 1898 ab
957 1863 1019 1899 eo
1058 1845 1336 1915 petierunt
1361 1853 1422 1897 ut
1447 1851 1694 1897 senatum
1722 1844 1864 1925 ipso·

187 1935 227 1968 25
251 1935 398 1983 rum,
428 1917 520 1986 qui
547 1915 694 1967 mille
721 1915 1001 1968 hominum
1026 1934 1250 1968 numero
1279 1914 1592 1980 constabat,
1621 1913 1863 1967 consssiis

255 1987 368 2038 suis
395 1987 476 2038 uti
503 1993 806 2056 pateretur,
846 1985 1369 2056 opulentissimaque
1395 1984 1591 2037 ciuitas
1619 1991 1733 2037 tam
1759 1983 1864 2036 fre-

137 2137 228 2174 Par.
254 2134 443 2193 pecunia
472 2133 723 2178 reuertenti
751 2138 936 2177 senatus
964 2139 1009 2177 et
1038 2131 1233 2191 populus
1271 2137 1453 2191 praesto
1482 2130 1581 2175 suit.
1658 2131 1724 2174 12.
1766 2128 1866 2174 Sul-

253 2204 393 2263 picia,
434 2203 526 2248 Ser.
557 2201 778 2247 Paterculi
807 2201 908 2251 filia,
938 2202 989 2257 Q.
1017 2201 1145 2246 Fului
1174 2215 1300 2251 uxor,
1330 2214 1382 2245 ex
1410 2198 1617 2245 omnibus
1644 2201 1864 2245 matronis

263 2298 315 2304 —
351 2279 531 2318 centum
565 2279 715 2318 autem
752 2278 797 2316 et
830 2271 986 2317 decem
1025 2271 1068 2315 in
1105 2277 1276 2316 sortem
1313 2275 1532 2316 uenerant
1565 2294 1625 2302 --
1657 2270 1865 2315 castitate

191 2350 232 2384 30
256 2342 457 2404 praelata
485 2348 569 2393 est,
602 2349 651 2387 ut
678 2341 864 2387 Veneris
892 2341 1180 2387 Verticordac
1209 2341 1495 2387 simulacrum
1525 2346 1829 2386 consecraret.

364 2417 402 2459 1.
441 2413 724 2474 Pythagorae
763 2419 885 2458 tanta
921 2412 1157 2458 ueneratio
1185 2410 1240 2457 ab
1268 2411 1550 2457 auditoribus
1589 2409 1755 2456 tributa
1782 2415 1865 2460 est,

258 2490 308 2530 ut
337 2498 452 2544 quae
479 2483 533 2529 ab
562 2498 616 2529 eo
644 2489 935 2543 acceperant,
975 2483 1017 2527 in
1045 2482 1402 2542 disputationem
1438 2495 1530 2527 non
1566 2480 1865 2526 adducerent:

260 2555 368 2615 quin
405 2555 538 2600 etiam
582 2553 859 2614 interpellati
898 2553 952 2598 ad
990 2552 1239 2598 reddendas
1268 2566 1452 2603 causas,
1489 2551 1576 2597 hoc
1612 2548 1758 2597 solum
1797 2563 1867 2594 re·

378 2693 398 2731 l
422 2691 719 2745 praecipuum
742 2691 804 2731 sit
826 2690 848 2730 b
909 2690 934 2730 8
959 2689 1186 2730 addicitur
1206 2690 1262 2739 B,
1288 2688 1531 2731 adducitur
1551 2688 1574 2729 b
1642 2688 1668 2728 9
1690 2684 1866 2740 sybilli-

263 2746 334 2787 nis
359 2746 397 2786 B
461 2750 512 2788 10
533 2746 825 2788 uerticordae
849 2746 913 2787 Pb
986 2748 1036 2787 13
1061 2749 1212 2787 autem
1234 2746 1275 2786 B
1296 2759 1408 2787 corr.
1432 2758 1491 2787 ex
1513 2746 1593 2786 aut
1662 2743 1713 2783 16
1736 2741 1867 2782 dimi·

262 2803 454 2843 nutione
476 2795 531 2842 B'
594 2805 643 2844 17
667 2805 849 2843 exterra
870 2797 926 2843 B'
988 2804 1038 2843 18
1061 2801 1453 2856 transgrediamur
1473 2802 1575 2843 dett.
1653 2798 1708 2840 20
1729 2796 1868 2839 dedu-

264 2861 422 2900 cerent
444 2859 515 2899 fas
540 2853 594 2898 B'
652 2861 706 2900 26
729 2857 969 2912 frequente
990 2858 1031 2898 B
1555 2878 1560 2883 ·

374 2915 427 2955 28
452 2913 522 2967 Q.]
548 2928 666 2967 quae
697 2915 742 2954 V
