1924 3152
500 155 503 156 γ
575 121 693 168 CAP.
720 121 824 173 Vlll,
856 120 885 180 S
911 123 1054 167 6-8,
1092 120 1188 166 Ext.
1216 120 1246 180 S
1274 123 1314 165 1.
1341 125 1382 167 2.
1691 114 1793 167 159

166 250 289 285 meo
317 229 389 284 ad
415 238 644 283 externa
668 229 778 281 iam
804 227 990 282 delabi
1015 228 1347 300 permittam.
1386 245 1617 298 quorum
1644 227 1790 298 prin-

166 302 408 374 cipatum
443 309 628 355 teneat
653 300 928 366 BlassiuS,
965 300 1119 352 cuius
1158 299 1470 354 constantia
1503 297 1638 351 nihil
1671 317 1793 369 per-

166 372 422 427 tinacius.
498 370 778 441 Salapiam
828 370 973 422 enim
1023 371 1261 441 patriam
1311 388 1468 423 suam
1516 367 1792 440 praesidio

166 443 372 497 Punico
409 450 729 513 occupatam
762 441 1022 494 Romanis
1062 441 1288 512 cupiens
1323 441 1643 507 restituere,
1679 439 1793 494 Da-

169 516 334 580 sium,
375 513 642 566 acerrimo
679 512 861 565 studio
898 527 1083 564 secum
1116 512 1174 564 in
1209 511 1685 565 administratione
1712 510 1792 563 rei
1815 526 1836 559 5

205 583 418 638 ublicae
454 583 814 636 dissidentem
849 591 904 636 et
940 582 1180 654 alioquin
1215 591 1333 637 toto
1370 584 1549 636 animo
1585 584 1793 636 Hanni-

165 604 308 710 balis
347 654 622 708 amicitiae
646 663 967 722 uacantem,
1014 654 1130 707 sine
1195 673 1264 707 uo
1301 654 1644 726 propositum
1670 671 1793 706 con-

167 725 348 779 silium
382 728 574 797 peragi
607 743 718 777 non
743 733 987 796 poterat,
1026 726 1098 778 ad
1123 674 1268 794 idlem
1297 744 1433 796 opus
1471 725 1793 794 adgredien-

167 798 300 850 dum
335 796 540 850 maiore
575 797 877 867 cupiditate
913 815 1077 868 quam
1124 815 1219 867 spe
1257 796 1488 849 certiore
1525 803 1794 867 temptare

167 887 333 921 ausus
361 876 460 921 est.
500 869 594 939 qui
619 868 867 939 protinus
896 885 1203 920 sermonem
1230 868 1365 935 eius,
1395 867 1624 920 adiectis
1654 885 1794 937 quae
1817 882 1858 915 10

171 948 225 992 et
261 939 442 1010 ipsum
485 938 1004 992 commendatiorem
1049 946 1102 991 et
1145 938 1427 991 inimicum
1472 937 1795 992 inuisiorem

167 1010 385 1063 factura
410 1009 768 1076 uidebantur,
798 1009 1103 1063 Hannibali
1129 1008 1357 1063 rettulit.
1410 1028 1442 1061 a
1469 1027 1573 1081 quo
1602 1010 1794 1062 adesse

167 1080 304 1133 iussi
331 1087 475 1147 sunt,
501 1088 563 1132 ut
589 1079 731 1133 alter
751 1081 958 1132 crimen
982 1080 1259 1151 probaret,
1289 1079 1425 1133 alter
1451 1079 1792 1133 defenderet.

167 1161 410 1205 ceterum
434 1169 546 1204 cum
573 1170 671 1221 pro
700 1150 962 1204 tribunali
987 1171 1073 1204 res
1103 1159 1383 1221 gereretur
1409 1160 1463 1204 et
1525 1151 1795 1204 uaestioni

165 1221 247 1275 illi
273 1223 512 1275 omnium
538 1220 679 1274 oculi
705 1231 890 1275 essent
916 1223 1129 1290 intenti,
1160 1223 1289 1276 dum
1318 1221 1467 1275 aliud
1519 1230 1636 1275 orte
1664 1223 1791 1275 cite-
1817 1236 1859 1270 15

166 1293 328 1347 rioris
356 1311 518 1345 curae
553 1293 834 1363 negotium
870 1300 1165 1361 tractatur,
1203 1293 1454 1346 Blassius
1489 1292 1649 1346 uultu
1684 1293 1792 1346 dis-

169 1362 462 1417 simulante
499 1382 563 1416 ac
597 1383 734 1417 uoce
777 1364 1069 1418 summissa
1108 1383 1327 1417 monere
1353 1365 1588 1417 Dasium
1615 1364 1794 1435 coepit

166 1442 228 1488 ut
260 1434 630 1488 Romanorum
664 1436 847 1506 potius
885 1454 1049 1507 quam
1084 1436 1637 1505 Karthaginiensium
1670 1454 1792 1506 par-

166 1515 248 1560 tes
285 1505 516 1559 foueret.
579 1507 854 1560 enimuero
882 1515 1010 1560 tunc
1043 1506 1134 1559 ille
1161 1506 1465 1578 proclamat
1502 1525 1558 1559 se
1585 1507 1643 1558 in
1668 1524 1792 1559 con-

168 1585 363 1647 spectu
398 1577 551 1629 ducis
590 1578 854 1630 aduersus
894 1580 1015 1630 eum
1053 1577 1357 1632 sollicitari.
1409 1577 1557 1649 quod
1584 1578 1712 1648 quia
1738 1585 1792 1630 et
1815 1591 1856 1623 20

167 1646 489 1700 incredibile
531 1649 952 1702 existimabatur
997 1657 1050 1702 et
1085 1648 1156 1701 ad
1200 1651 1362 1701 unius
1397 1656 1608 1702 tantum
1643 1648 1791 1701 auris

167 1724 551 1788 penetrauerat
597 1727 650 1771 et
684 1718 995 1771 iactabatur
1031 1720 1099 1772 ab
1139 1720 1387 1786 inimico,
1440 1719 1645 1771 ueritas
1683 1718 1791 1770 fide

168 1788 363 1840 caruit.
415 1786 513 1839 sed
546 1807 657 1842 non
681 1789 758 1840 ita
783 1789 954 1842 multo
981 1799 1107 1859 post
1133 1790 1337 1842 Blassii
1364 1789 1502 1841 mira
1539 1797 1791 1842 constan-

168 1859 247 1911 tia
271 1858 506 1910 Dasium
550 1859 620 1911 ad
656 1878 714 1911 se
750 1860 921 1912 traxit
947 1859 1316 1931 Marcelloque
1354 1868 1406 1912 et
1434 1858 1711 1930 Salapiam
1738 1867 1792 1911 et

168 1929 493 2000 quingentos
518 1929 804 1997 Numidas,
834 1932 928 2001 qui
947 1931 1002 1982 in
1023 1950 1087 1983 ea
1108 1930 1392 1983 custodiae
1419 1949 1587 1983 causa
1614 1938 1789 1996 erant,
1815 1943 1857 1977 25

166 1999 413 2052 tradidit.

274 2071 326 2122 2.
368 2070 611 2124 Phocion
637 2089 796 2137 uero,
834 2090 957 2124 cum
985 2071 1349 2131 Athenienses
1378 2091 1492 2124 rem
1527 2071 1687 2124 aliter
1714 2079 1791 2122 at-

168 2160 273 2212 que
319 2141 438 2212 ipse
488 2151 736 2195 suaserat
785 2161 1045 2213 prospere
1096 2143 1596 2208 administrassent,
1653 2143 1788 2194 adeo

166 2230 525 2282 perseuerans
546 2214 849 2266 sententiae
870 2233 1000 2266 suae
1019 2223 1394 2285 propugnator
1420 2214 1621 2280 extitit,
1648 2222 1709 2266 ut
1733 2212 1792 2263 in

166 2283 420 2336 contione
444 2282 640 2336 laetari
673 2284 895 2354 quidem
922 2303 979 2337 se
1008 2304 1267 2338 successu
1294 2305 1506 2351 eorum,
1543 2284 1642 2337 sed
1668 2302 1790 2336 con·
1814 2298 1855 2330 30

168 2352 350 2404 silium
383 2361 566 2405 tamen
600 2373 758 2406 suum
801 2354 1082 2426 aliquanto
1119 2356 1312 2408 melius
1348 2357 1522 2408 fuisse
1566 2355 1788 2407 diceret.

168 2441 280 2476 non
315 2423 459 2474 enim
496 2423 782 2477 damnauit
818 2426 967 2495 quod
1003 2434 1149 2478 recte
1186 2427 1429 2492 uiderat,
1482 2427 1611 2496 quia
1646 2423 1791 2495 quod

168 2491 308 2544 alius
354 2491 496 2544 male
533 2493 881 2548 consuluerat
914 2496 1053 2548 bene
1091 2506 1359 2564 cesserat,
1405 2495 1617 2548 felicius
1653 2495 1791 2547 illud

168 2562 510 2629 existimanS,
537 2563 640 2616 hoc
666 2565 984 2634 sapientius,
1026 2575 1080 2620 et
1106 2585 1236 2620 sane
1256 2566 1523 2620 blandum
1549 2566 1792 2618 animum

285 2708 307 2746 1
331 2707 423 2747 iam
444 2707 486 2746 B
509 2720 621 2748 corr.
646 2720 668 2747 e
690 2711 800 2746 tam·
844 2710 869 2748 3
887 2708 1114 2761 selapiam
1129 2711 1172 2750 in
1188 2712 1315 2750 litura
1331 2710 1373 2749 B
1435 2711 1487 2750 14
1510 2709 1611 2750 cum
1634 2723 1710 2751 om.
1734 2702 1790 2749 B'

171 2764 223 2803 19
262 2767 559 2816 conspectum
590 2756 643 2803 B'
719 2765 772 2804 22
812 2765 1047 2805 ictabatur
1076 2766 1138 2814 B,
1179 2766 1446 2807 dictabatur
1475 2766 1498 2806 b
1573 2767 1629 2807 24
1667 2766 1792 2807 sela-

168 2821 293 2872 piam
314 2820 357 2860 B
416 2822 469 2861 29
500 2819 809 2873 perseuerani
841 2819 938 2873 (sed
956 2821 981 2863 ’ἶ
1006 2823 1048 2862 in
1070 2823 1179 2875 ras.)
1202 2823 1245 2862 B
1278 2822 1603 2876 (perseuerans
1624 2823 1667 2863 B
1687 2821 1787 2874 my.)

168 2877 224 2916 33
253 2880 464 2928 gesserat
491 2877 534 2916 B
601 2878 656 2918 34
687 2877 828 2917 etiam
850 2890 961 2918 sane
984 2878 1039 2930 B,
1073 2893 1147 2920 em.
1170 2880 1339 2932 Kempf
1360 2882 1454 2923 coll.
1484 2882 1523 2927 4,
1549 2881 1586 2928 1,
1616 2879 1723 2922 Eme.
1748 2880 1788 2921 9.

168 2933 209 2978 5,
232 2933 274 2979 2,
295 2934 335 2975 8.
369 2936 408 2982 5,
431 2935 470 2981 2,
494 2932 548 2973 E.
572 2935 613 2977 4.
648 2936 684 2982 6,
710 2936 749 2982 3,
774 2936 813 2977 9.
848 2938 883 2982 7,
907 2937 948 2983 2,
972 2936 1012 2977 1.
1718 2927 1734 2941 ⁸
