<?xml version="1.0" encoding="UTF-8"?>
<!DOCTYPE html PUBLIC "-//W3C//DTD XHTML 1.0 Transitional//EN"
    "http://www.w3.org/TR/xhtml1/DTD/xhtml1-transitional.dtd">
<html xmlns="http://www.w3.org/1999/xhtml" xml:lang="en" lang="en">
 <head>
  <title>
</title>
<meta http-equiv="Content-Type" content="text/html;charset=utf-8" />
  <meta name='ocr-system' content='tesseract 3.04.00' />
  <meta name='ocr-capabilities' content='ocr_page ocr_carea ocr_par ocr_line ocrx_word'/>
</head>
<body>
  <div class='ocr_page' id='page_1' title='image "./factorumetdictor00valeuoft_0459.png"; bbox 0 0 1936 3120; ppageno 0'>
   <div class='ocr_carea' id='block_1_1' title="bbox 17 0 734 116">
    <p class='ocr_par' dir='ltr' id='par_1_1' title="bbox 17 0 734 116">
     <span class='ocr_line' id='line_1_1' title="bbox 17 0 734 116; baseline 0 3004"><span class='ocrx_word' id='word_1_1' title='bbox 17 0 734 116; x_wconf 95' lang='lat' dir='ltr'> </span> 
     </span>
    </p>
   </div>
   <div class='ocr_carea' id='block_1_2' title="bbox 0 2932 106 3120">
    <p class='ocr_par' dir='ltr' id='par_1_2' title="bbox 0 2932 106 3120">
     <span class='ocr_line' id='line_1_2' title="bbox 0 2932 9 3008; baseline 0 -5"><span class='ocrx_word' id='word_1_2' title='bbox 0 2932 9 3008; x_wconf 65' lang='grc' dir='ltr'><em>ξ</em></span> 
     </span>
     <span class='ocr_line' id='line_1_3' title="bbox 0 3007 106 3120; baseline -0.16 1"><span class='ocrx_word' id='word_1_3' title='bbox 0 3007 39 3120; x_wconf 73' lang='grc' dir='ltr'>ἰ,</span> <span class='ocrx_word' id='word_1_4' title='bbox 102 3101 106 3104; x_wconf 18' lang='lat'><strong>⁴</strong></span> 
     </span>
    </p>
   </div>
   <div class='ocr_carea' id='block_1_3' title="bbox 1612 136 1638 145">
    <p class='ocr_par' dir='ltr' id='par_1_3' title="bbox 1612 136 1638 145">
     <span class='ocr_line' id='line_1_4' title="bbox 1612 136 1638 145; baseline 0 -2"><span class='ocrx_word' id='word_1_5' title='bbox 1612 136 1638 145; x_wconf 49' lang='lat' dir='ltr'>x</span> 
     </span>
    </p>
   </div>
   <div class='ocr_carea' id='block_1_4' title="bbox 746 147 1764 210">
    <p class='ocr_par' dir='ltr' id='par_1_4' title="bbox 746 147 1764 210">
     <span class='ocr_line' id='line_1_5' title="bbox 746 147 1764 210; baseline 0.003 -12"><span class='ocrx_word' id='word_1_6' title='bbox 746 151 866 198; x_wconf 83' lang='lat' dir='ltr'>CAP.</span> <span class='ocrx_word' id='word_1_7' title='bbox 891 151 923 203; x_wconf 84' lang='lat'>1,</span> <span class='ocrx_word' id='word_1_8' title='bbox 941 151 992 210; x_wconf 6' lang='lat' dir='ltr'>*ag</span> <span class='ocrx_word' id='word_1_9' title='bbox 1019 153 1159 198; x_wconf 83' lang='lat'><strong>3—6.</strong></span> <span class='ocrx_word' id='word_1_10' title='bbox 1662 147 1764 203; x_wconf 80' lang='lat'>431</span> 
     </span>
    </p>
   </div>
   <div class='ocr_carea' id='block_1_5' title="bbox 106 258 1767 330">
    <p class='ocr_par' dir='ltr' id='par_1_5' title="bbox 106 258 1767 330">
     <span class='ocr_line' id='line_1_6' title="bbox 106 258 1767 330; baseline 0.003 -20"><span class='ocrx_word' id='word_1_11' title='bbox 106 314 111 319; x_wconf 82' lang='lat'><strong>.</strong></span> <span class='ocrx_word' id='word_1_12' title='bbox 143 258 446 327; x_wconf 86' lang='lat' dir='ltr'>gustiorem</span> <span class='ocrx_word' id='word_1_13' title='bbox 472 261 508 326; x_wconf 86' lang='lat'>†</span> <span class='ocrx_word' id='word_1_14' title='bbox 533 277 698 330; x_wconf 89' lang='lat' dir='ltr'>quam</span> <span class='ocrx_word' id='word_1_15' title='bbox 732 259 1159 312; x_wconf 83' lang='lat' dir='ltr'>introduxerunt</span> <span class='ocrx_word' id='word_1_16' title='bbox 1193 266 1359 329; x_wconf 86' lang='lat' dir='ltr'>atque</span> <span class='ocrx_word' id='word_1_17' title='bbox 1395 260 1705 315; x_wconf 82' lang='lat' dir='ltr'>inchoatam</span> <span class='ocrx_word' id='word_1_18' title='bbox 1734 281 1767 315; x_wconf 87' lang='lat' dir='ltr'>a</span> 
     </span>
    </p>
   </div>
   <div class='ocr_carea' id='block_1_6' title="bbox 135 328 1806 612">
    <p class='ocr_par' dir='ltr' id='par_1_6' title="bbox 142 328 1765 471">
     <span class='ocr_line' id='line_1_7' title="bbox 144 328 1765 400; baseline 0.004 -20"><span class='ocrx_word' id='word_1_19' title='bbox 144 346 202 381; x_wconf 89' lang='lat' dir='ltr'>se</span> <span class='ocrx_word' id='word_1_20' title='bbox 228 329 503 382; x_wconf 86' lang='lat' dir='ltr'>lautitiam</span> <span class='ocrx_word' id='word_1_21' title='bbox 527 330 766 400; x_wconf 84' lang='lat' dir='ltr'>posteris</span> <span class='ocrx_word' id='word_1_22' title='bbox 792 328 1099 400; x_wconf 82' lang='lat' dir='ltr'>relinquere</span> <span class='ocrx_word' id='word_1_23' title='bbox 1121 348 1284 400; x_wconf 88' lang='lat' dir='ltr'>quam</span> <span class='ocrx_word' id='word_1_24' title='bbox 1301 348 1333 382; x_wconf 92' lang='lat' dir='ltr'>a</span> <span class='ocrx_word' id='word_1_25' title='bbox 1353 331 1652 391; x_wconf 87' lang='lat' dir='ltr'>maioribus</span> <span class='ocrx_word' id='word_1_26' title='bbox 1680 351 1765 386; x_wconf 87' lang='lat' dir='ltr'>ac-</span> 
     </span>
     <span class='ocr_line' id='line_1_8' title="bbox 142 399 1399 471; baseline 0.002 -20"><span class='ocrx_word' id='word_1_27' title='bbox 142 406 360 471; x_wconf 78' lang='lat' dir='ltr'>ceptam</span> <span class='ocrx_word' id='word_1_28' title='bbox 386 400 782 453; x_wconf 80' lang='lat' dir='ltr'>continentiam</span> <span class='ocrx_word' id='word_1_29' title='bbox 807 401 1042 452; x_wconf 89' lang='lat' dir='ltr'>retinere</span> <span class='ocrx_word' id='word_1_30' title='bbox 1067 399 1399 454; x_wconf 81' lang='lat' dir='ltr'>maluerunt.</span> 
     </span>
    </p>

    <p class='ocr_par' dir='ltr' id='par_1_7' title="bbox 135 469 1806 612">
     <span class='ocr_line' id='line_1_9' title="bbox 248 469 1764 544; baseline 0.002 -21"><span class='ocrx_word' id='word_1_31' title='bbox 248 469 300 523; x_wconf 85' lang='lat'>5.</span> <span class='ocrx_word' id='word_1_32' title='bbox 342 469 493 537; x_wconf 75' lang='lat' dir='ltr'>Quid</span> <span class='ocrx_word' id='word_1_33' title='bbox 519 470 664 522; x_wconf 91' lang='lat' dir='ltr'>enim</span> <span class='ocrx_word' id='word_1_34' title='bbox 691 470 798 524; x_wconf 92' lang='lat' dir='ltr'>sibi</span> <span class='ocrx_word' id='word_1_35' title='bbox 823 469 1000 524; x_wconf 87' lang='lat' dir='ltr'>uoluit</span> <span class='ocrx_word' id='word_1_36' title='bbox 1024 471 1215 541; x_wconf 90' lang='lat' dir='ltr'>prince</span> <span class='ocrx_word' id='word_1_37' title='bbox 1259 489 1283 523; x_wconf 89' lang='lat' dir='ltr'>s</span> <span class='ocrx_word' id='word_1_38' title='bbox 1312 490 1532 524; x_wconf 85' lang='lat' dir='ltr'>suorum</span> <span class='ocrx_word' id='word_1_39' title='bbox 1558 479 1764 544; x_wconf 88' lang='lat' dir='ltr'>tempo-</span> 
     </span>
     <span class='ocr_line' id='line_1_10' title="bbox 135 539 1806 612; baseline 0.001 -20"><span class='ocrx_word' id='word_1_40' title='bbox 135 542 262 593; x_wconf 73' lang='lat' dir='ltr'>&#39;rum</span> <span class='ocrx_word' id='word_1_41' title='bbox 287 539 546 593; x_wconf 83' lang='lat' dir='ltr'>Metellus</span> <span class='ocrx_word' id='word_1_42' title='bbox 573 540 707 593; x_wconf 90' lang='lat' dir='ltr'>Pius</span> <span class='ocrx_word' id='word_1_43' title='bbox 746 549 903 608; x_wconf 85' lang='lat' dir='ltr'>tunc,</span> <span class='ocrx_word' id='word_1_44' title='bbox 940 560 1067 595; x_wconf 91' lang='lat' dir='ltr'>cum</span> <span class='ocrx_word' id='word_1_45' title='bbox 1102 542 1160 593; x_wconf 92' lang='lat' dir='ltr'>in</span> <span class='ocrx_word' id='word_1_46' title='bbox 1243 542 1458 612; x_wconf 88' lang='lat' dir='ltr'>ispania</span> <span class='ocrx_word' id='word_1_47' title='bbox 1492 542 1761 597; x_wconf 85' lang='lat' dir='ltr'>aduentus</span> <span class='ocrx_word' id='word_1_48' title='bbox 1785 555 1806 593; x_wconf 75' lang='lat' dir='ltr'>s</span> 
     </span>
    </p>
   </div>
   <div class='ocr_carea' id='block_1_7' title="bbox 66 610 1763 734">
    <p class='ocr_par' dir='ltr' id='par_1_8' title="bbox 66 610 1763 734">
     <span class='ocr_line' id='line_1_11' title="bbox 66 610 1763 734; baseline 0.002 -71"><span class='ocrx_word' id='word_1_49' title='bbox 66 666 72 671; x_wconf 68' lang='grc'>,</span> <span class='ocrx_word' id='word_1_50' title='bbox 142 611 377 677; x_wconf 57' lang='grc' dir='ltr'>εηοεμῖο</span> <span class='ocrx_word' id='word_1_51' title='bbox 414 610 729 682; x_wconf 83' lang='lat' dir='ltr'>hospitibus</span> <span class='ocrx_word' id='word_1_52' title='bbox 770 612 880 664; x_wconf 87' lang='lat' dir='ltr'>aris</span> <span class='ocrx_word' id='word_1_53' title='bbox 918 620 973 665; x_wconf 88' lang='lat' dir='ltr'>et</span> <span class='ocrx_word' id='word_1_54' title='bbox 1012 619 1133 665; x_wconf 85' lang='lat' dir='ltr'>ture</span> <span class='ocrx_word' id='word_1_55' title='bbox 1177 613 1358 684; x_wconf 82' lang='lat' dir='ltr'>excipi</span> <span class='ocrx_word' id='word_1_56' title='bbox 1401 613 1763 734; x_wconf 77' lang='lat' dir='ltr'>patiebatur?</span> 
     </span>
    </p>
   </div>
   <div class='ocr_carea' id='block_1_8' title="bbox 136 681 1826 1812">
    <p class='ocr_par' dir='ltr' id='par_1_9' title="bbox 136 681 1826 1584">
     <span class='ocr_line' id='line_1_12' title="bbox 140 681 1761 754; baseline 0.002 -20"><span class='ocrx_word' id='word_1_57' title='bbox 140 699 259 734; x_wconf 90' lang='lat' dir='ltr'>cum</span> <span class='ocrx_word' id='word_1_58' title='bbox 286 681 548 744; x_wconf 79' lang='lat' dir='ltr'>Attalicis</span> <span class='ocrx_word' id='word_1_59' title='bbox 581 681 787 736; x_wconf 89' lang='lat' dir='ltr'>aulaeis</span> <span class='ocrx_word' id='word_1_60' title='bbox 825 690 1100 736; x_wconf 86' lang='lat' dir='ltr'>contectos</span> <span class='ocrx_word' id='word_1_61' title='bbox 1137 684 1376 754; x_wconf 88' lang='lat' dir='ltr'>parietes</span> <span class='ocrx_word' id='word_1_62' title='bbox 1426 691 1549 736; x_wconf 80' lang='lat' dir='ltr'>aeto</span> <span class='ocrx_word' id='word_1_63' title='bbox 1578 686 1761 739; x_wconf 86' lang='lat' dir='ltr'>animo</span> 
     </span>
     <span class='ocr_line' id='line_1_13' title="bbox 139 753 1760 826; baseline 0.002 -23"><span class='ocrx_word' id='word_1_64' title='bbox 139 753 497 806; x_wconf 74' lang='lat' dir='ltr'>intuebatur?</span> <span class='ocrx_word' id='word_1_65' title='bbox 557 770 681 805; x_wconf 91' lang='lat' dir='ltr'>cum</span> <span class='ocrx_word' id='word_1_66' title='bbox 726 753 1040 807; x_wconf 89' lang='lat' dir='ltr'>inmanibus</span> <span class='ocrx_word' id='word_1_67' title='bbox 1086 753 1261 824; x_wconf 89' lang='lat' dir='ltr'>epulis</span> <span class='ocrx_word' id='word_1_68' title='bbox 1307 755 1760 826; x_wconf 89' lang='lat' dir='ltr'>apparatissimos</span> 
     </span>
     <span class='ocr_line' id='line_1_14' title="bbox 138 822 1763 895; baseline 0.002 -21"><span class='ocrx_word' id='word_1_69' title='bbox 138 823 417 894; x_wconf 91' lang='lat' dir='ltr'>interponi</span> <span class='ocrx_word' id='word_1_70' title='bbox 441 822 598 876; x_wconf 84' lang='lat' dir='ltr'>ludos</span> <span class='ocrx_word' id='word_1_71' title='bbox 628 823 883 877; x_wconf 80' lang='lat' dir='ltr'>sinebat?</span> <span class='ocrx_word' id='word_1_72' title='bbox 924 842 1048 876; x_wconf 90' lang='lat' dir='ltr'>cum</span> <span class='ocrx_word' id='word_1_73' title='bbox 1074 825 1318 895; x_wconf 89' lang='lat' dir='ltr'>palmata</span> <span class='ocrx_word' id='word_1_74' title='bbox 1336 832 1490 878; x_wconf 89' lang='lat' dir='ltr'>ueste</span> <span class='ocrx_word' id='word_1_75' title='bbox 1512 826 1763 878; x_wconf 88' lang='lat' dir='ltr'>conuiuia</span> 
     </span>
     <span class='ocr_line' id='line_1_15' title="bbox 140 891 1826 965; baseline 0.005 -20"><span class='ocrx_word' id='word_1_76' title='bbox 140 891 458 948; x_wconf 86' lang='lat' dir='ltr'>celebrabat</span> <span class='ocrx_word' id='word_1_77' title='bbox 492 893 867 965; x_wconf 89' lang='lat' dir='ltr'>demissasque</span> <span class='ocrx_word' id='word_1_78' title='bbox 903 894 1251 949; x_wconf 89' lang='lat' dir='ltr'>lacunaribus</span> <span class='ocrx_word' id='word_1_79' title='bbox 1299 914 1492 948; x_wconf 89' lang='lat' dir='ltr'>aureas</span> <span class='ocrx_word' id='word_1_80' title='bbox 1531 910 1826 954; x_wconf 73' lang='lat' dir='ltr'>eoronasim</span> 
     </span>
     <span class='ocr_line' id='line_1_16' title="bbox 139 963 1763 1036; baseline 0.002 -20"><span class='ocrx_word' id='word_1_81' title='bbox 139 963 291 1018; x_wconf 88' lang='lat' dir='ltr'>uelut</span> <span class='ocrx_word' id='word_1_82' title='bbox 318 963 538 1018; x_wconf 90' lang='lat' dir='ltr'>caelesti</span> <span class='ocrx_word' id='word_1_83' title='bbox 565 966 744 1036; x_wconf 89' lang='lat' dir='ltr'>capite</span> <span class='ocrx_word' id='word_1_84' title='bbox 770 965 1111 1036; x_wconf 79' lang='lat' dir='ltr'>recipiebat?</span> <span class='ocrx_word' id='word_1_85' title='bbox 1168 975 1223 1020; x_wconf 91' lang='lat' dir='ltr'>et</span> <span class='ocrx_word' id='word_1_86' title='bbox 1248 966 1346 1020; x_wconf 90' lang='lat' dir='ltr'>ubi</span> <span class='ocrx_word' id='word_1_87' title='bbox 1371 967 1517 1020; x_wconf 83' lang='lat' dir='ltr'>ista?</span> <span class='ocrx_word' id='word_1_88' title='bbox 1569 985 1677 1019; x_wconf 91' lang='lat' dir='ltr'>non</span> <span class='ocrx_word' id='word_1_89' title='bbox 1703 967 1763 1019; x_wconf 89' lang='lat' dir='ltr'>in</span> 
     </span>
     <span class='ocr_line' id='line_1_17' title="bbox 139 1035 1763 1108; baseline 0.001 -20"><span class='ocrx_word' id='word_1_90' title='bbox 139 1036 378 1089; x_wconf 83' lang='lat' dir='ltr'>Graecia</span> <span class='ocrx_word' id='word_1_91' title='bbox 401 1054 578 1106; x_wconf 90' lang='lat' dir='ltr'>neque</span> <span class='ocrx_word' id='word_1_92' title='bbox 603 1036 659 1087; x_wconf 90' lang='lat' dir='ltr'>in</span> <span class='ocrx_word' id='word_1_93' title='bbox 674 1037 829 1100; x_wconf 86' lang='lat' dir='ltr'>Asia,</span> <span class='ocrx_word' id='word_1_94' title='bbox 857 1055 1087 1106; x_wconf 87' lang='lat' dir='ltr'>quarum</span> <span class='ocrx_word' id='word_1_95' title='bbox 1107 1035 1327 1089; x_wconf 83' lang='lat' dir='ltr'>luxuria</span> <span class='ocrx_word' id='word_1_96' title='bbox 1348 1037 1614 1092; x_wconf 86' lang='lat' dir='ltr'>seueritas</span> <span class='ocrx_word' id='word_1_97' title='bbox 1640 1037 1763 1108; x_wconf 87' lang='lat' dir='ltr'>ipsa</span> 
     </span>
     <span class='ocr_line' id='line_1_18' title="bbox 140 1105 1762 1178; baseline 0.001 -20"><span class='ocrx_word' id='word_1_98' title='bbox 140 1108 416 1178; x_wconf 87' lang='lat' dir='ltr'>corrumpi</span> <span class='ocrx_word' id='word_1_99' title='bbox 442 1113 686 1177; x_wconf 80' lang='lat' dir='ltr'>poterat⁷</span> <span class='ocrx_word' id='word_1_100' title='bbox 716 1105 814 1159; x_wconf 84' lang='lat' dir='ltr'>sed</span> <span class='ocrx_word' id='word_1_101' title='bbox 838 1106 894 1159; x_wconf 90' lang='lat' dir='ltr'>in</span> <span class='ocrx_word' id='word_1_102' title='bbox 919 1107 1143 1160; x_wconf 90' lang='lat' dir='ltr'>horrida</span> <span class='ocrx_word' id='word_1_103' title='bbox 1170 1115 1224 1160; x_wconf 92' lang='lat' dir='ltr'>et</span> <span class='ocrx_word' id='word_1_104' title='bbox 1249 1107 1513 1161; x_wconf 90' lang='lat' dir='ltr'>bellicosa</span> <span class='ocrx_word' id='word_1_105' title='bbox 1537 1109 1762 1178; x_wconf 85' lang='lat' dir='ltr'>prouin-</span> 
     </span>
     <span class='ocr_line' id='line_1_19' title="bbox 139 1177 1760 1249; baseline 0 -19"><span class='ocrx_word' id='word_1_106' title='bbox 139 1178 240 1245; x_wconf 85' lang='lat' dir='ltr'>cia,</span> <span class='ocrx_word' id='word_1_107' title='bbox 269 1196 394 1230; x_wconf 91' lang='lat' dir='ltr'>cum</span> <span class='ocrx_word' id='word_1_108' title='bbox 418 1179 747 1249; x_wconf 87' lang='lat' dir='ltr'>praesertim</span> <span class='ocrx_word' id='word_1_109' title='bbox 774 1178 1074 1230; x_wconf 88' lang='lat' dir='ltr'>acerrimus</span> <span class='ocrx_word' id='word_1_110' title='bbox 1100 1177 1298 1245; x_wconf 84' lang='lat' dir='ltr'>hostis,</span> <span class='ocrx_word' id='word_1_111' title='bbox 1325 1178 1626 1245; x_wconf 78' lang='lat' dir='ltr'>Sertorius,</span> <span class='ocrx_word' id='word_1_112' title='bbox 1655 1179 1760 1231; x_wconf 87' lang='lat' dir='ltr'>Ro-</span> 
     </span>
     <span class='ocr_line' id='line_1_20' title="bbox 138 1247 1825 1320; baseline 0.001 -20"><span class='ocrx_word' id='word_1_113' title='bbox 138 1265 439 1301; x_wconf 87' lang='lat' dir='ltr'>manorum</span> <span class='ocrx_word' id='word_1_114' title='bbox 476 1249 819 1301; x_wconf 81' lang='lat' dir='ltr'>exercituum</span> <span class='ocrx_word' id='word_1_115' title='bbox 875 1247 1062 1302; x_wconf 90' lang='lat' dir='ltr'>oculos</span> <span class='ocrx_word' id='word_1_116' title='bbox 1107 1249 1389 1301; x_wconf 89' lang='lat' dir='ltr'>Lusitanis</span> <span class='ocrx_word' id='word_1_117' title='bbox 1436 1248 1556 1302; x_wconf 90' lang='lat' dir='ltr'>telis</span> <span class='ocrx_word' id='word_1_118' title='bbox 1604 1267 1758 1320; x_wconf 88' lang='lat' dir='ltr'>prae-</span> <span class='ocrx_word' id='word_1_119' title='bbox 1783 1262 1825 1297; x_wconf 79' lang='lat'>15</span> 
     </span>
     <span class='ocr_line' id='line_1_21' title="bbox 139 1317 1762 1389; baseline -0.001 -18"><span class='ocrx_word' id='word_1_120' title='bbox 139 1319 459 1388; x_wconf 87' lang='lat' dir='ltr'>stringeret:</span> <span class='ocrx_word' id='word_1_121' title='bbox 502 1318 641 1372; x_wconf 86' lang='lat' dir='ltr'>adeo</span> <span class='ocrx_word' id='word_1_122' title='bbox 669 1317 751 1370; x_wconf 91' lang='lat' dir='ltr'>illi</span> <span class='ocrx_word' id='word_1_123' title='bbox 778 1319 951 1389; x_wconf 86' lang='lat' dir='ltr'>patris</span> <span class='ocrx_word' id='word_1_124' title='bbox 980 1319 1064 1370; x_wconf 89' lang='lat' dir='ltr'>sui</span> <span class='ocrx_word' id='word_1_125' title='bbox 1091 1318 1386 1372; x_wconf 86' lang='lat' dir='ltr'>Numidica</span> <span class='ocrx_word' id='word_1_126' title='bbox 1412 1327 1593 1372; x_wconf 86' lang='lat' dir='ltr'>castra</span> <span class='ocrx_word' id='word_1_127' title='bbox 1619 1320 1762 1373; x_wconf 83' lang='lat' dir='ltr'>exci-</span> 
     </span>
     <span class='ocr_line' id='line_1_22' title="bbox 138 1388 1760 1461; baseline -0.001 -19"><span class='ocrx_word' id='word_1_128' title='bbox 138 1388 351 1442; x_wconf 86' lang='lat' dir='ltr'>derant.</span> <span class='ocrx_word' id='word_1_129' title='bbox 412 1397 568 1461; x_wconf 87' lang='lat' dir='ltr'>patet</span> <span class='ocrx_word' id='word_1_130' title='bbox 594 1390 764 1459; x_wconf 86' lang='lat' dir='ltr'>igitur</span> <span class='ocrx_word' id='word_1_131' title='bbox 826 1407 954 1442; x_wconf 86' lang='lat' dir='ltr'>uam</span> <span class='ocrx_word' id='word_1_132' title='bbox 981 1389 1147 1442; x_wconf 90' lang='lat' dir='ltr'>celeri</span> <span class='ocrx_word' id='word_1_133' title='bbox 1173 1391 1411 1442; x_wconf 85' lang='lat' dir='ltr'>transitu</span> <span class='ocrx_word' id='word_1_134' title='bbox 1436 1389 1656 1442; x_wconf 80' lang='lat' dir='ltr'>luxuria</span> <span class='ocrx_word' id='word_1_135' title='bbox 1682 1389 1760 1442; x_wconf 85' lang='lat' dir='ltr'>af-</span> 
     </span>
     <span class='ocr_line' id='line_1_23' title="bbox 136 1458 1758 1531; baseline 0 -19"><span class='ocrx_word' id='word_1_136' title='bbox 136 1458 385 1513; x_wconf 83' lang='lat' dir='ltr'>fluxerit:</span> <span class='ocrx_word' id='word_1_137' title='bbox 426 1478 555 1512; x_wconf 90' lang='lat' dir='ltr'>nam</span> <span class='ocrx_word' id='word_1_138' title='bbox 581 1461 735 1513; x_wconf 89' lang='lat' dir='ltr'>cuius</span> <span class='ocrx_word' id='word_1_139' title='bbox 763 1478 794 1512; x_wconf 89' lang='lat' dir='ltr'>a</span> <span class='ocrx_word' id='word_1_140' title='bbox 836 1459 1136 1513; x_wconf 87' lang='lat' dir='ltr'>ulescentia</span> <span class='ocrx_word' id='word_1_141' title='bbox 1155 1462 1365 1531; x_wconf 87' lang='lat' dir='ltr'>priscos</span> <span class='ocrx_word' id='word_1_142' title='bbox 1392 1479 1572 1514; x_wconf 87' lang='lat' dir='ltr'>mores</span> <span class='ocrx_word' id='word_1_143' title='bbox 1598 1459 1758 1527; x_wconf 80' lang='lat' dir='ltr'>uidit,</span> 
     </span>
     <span class='ocr_line' id='line_1_24' title="bbox 139 1538 874 1584; baseline 0.001 -1"><span class='ocrx_word' id='word_1_144' title='bbox 139 1538 390 1583; x_wconf 87' lang='lat' dir='ltr'>senectus</span> <span class='ocrx_word' id='word_1_145' title='bbox 418 1548 591 1583; x_wconf 92' lang='lat' dir='ltr'>nouos</span> <span class='ocrx_word' id='word_1_146' title='bbox 620 1548 746 1584; x_wconf 89' lang='lat' dir='ltr'>orsa</span> <span class='ocrx_word' id='word_1_147' title='bbox 773 1539 874 1584; x_wconf 86' lang='lat' dir='ltr'>est.</span> 
     </span>
    </p>

    <p class='ocr_par' dir='ltr' id='par_1_10' title="bbox 137 1599 1823 1812">
     <span class='ocr_line' id='line_1_25' title="bbox 244 1599 1823 1668; baseline 0.001 -15"><span class='ocrx_word' id='word_1_148' title='bbox 244 1601 294 1653; x_wconf 90' lang='grc'>6.</span> <span class='ocrx_word' id='word_1_149' title='bbox 337 1599 653 1653; x_wconf 82' lang='lat' dir='ltr'>Consimilis</span> <span class='ocrx_word' id='word_1_150' title='bbox 691 1601 924 1653; x_wconf 86' lang='lat' dir='ltr'>mutatio</span> <span class='ocrx_word' id='word_1_151' title='bbox 951 1601 1008 1651; x_wconf 92' lang='lat' dir='ltr'>in</span> <span class='ocrx_word' id='word_1_152' title='bbox 1035 1600 1197 1653; x_wconf 87' lang='lat' dir='ltr'>domo</span> <span class='ocrx_word' id='word_1_153' title='bbox 1226 1600 1524 1654; x_wconf 84' lang='lat' dir='ltr'>Curionum</span> <span class='ocrx_word' id='word_1_154' title='bbox 1551 1601 1756 1668; x_wconf 75' lang='lat' dir='ltr'>extitit,</span> <span class='ocrx_word' id='word_1_155' title='bbox 1782 1616 1823 1648; x_wconf 80' lang='lat'>20</span> 
     </span>
     <span class='ocr_line' id='line_1_26' title="bbox 139 1670 1757 1741; baseline -0.001 -18"><span class='ocrx_word' id='word_1_156' title='bbox 139 1671 186 1723; x_wconf 90' lang='lat' dir='ltr'>si</span> <span class='ocrx_word' id='word_1_157' title='bbox 214 1670 434 1741; x_wconf 85' lang='lat' dir='ltr'>quidem</span> <span class='ocrx_word' id='word_1_158' title='bbox 471 1670 654 1726; x_wconf 89' lang='lat' dir='ltr'>forum</span> <span class='ocrx_word' id='word_1_159' title='bbox 688 1679 936 1723; x_wconf 90' lang='lat' dir='ltr'>nostrum</span> <span class='ocrx_word' id='word_1_160' title='bbox 963 1678 1016 1722; x_wconf 92' lang='lat' dir='ltr'>et</span> <span class='ocrx_word' id='word_1_161' title='bbox 1041 1671 1214 1740; x_wconf 84' lang='lat' dir='ltr'>patris</span> <span class='ocrx_word' id='word_1_162' title='bbox 1252 1672 1643 1738; x_wconf 81' lang='lat' dir='ltr'>grauissimum</span> <span class='ocrx_word' id='word_1_163' title='bbox 1671 1690 1757 1722; x_wconf 92' lang='lat' dir='ltr'>su-</span> 
     </span>
     <span class='ocr_line' id='line_1_27' title="bbox 137 1740 1756 1812; baseline -0.001 -19"><span class='ocrx_word' id='word_1_164' title='bbox 137 1740 426 1812; x_wconf 91' lang='lat' dir='ltr'>percilium</span> <span class='ocrx_word' id='word_1_165' title='bbox 463 1750 518 1794; x_wconf 86' lang='lat' dir='ltr'>et</span> <span class='ocrx_word' id='word_1_166' title='bbox 564 1740 664 1792; x_wconf 89' lang='lat' dir='ltr'>filii</span> <span class='ocrx_word' id='word_1_167' title='bbox 706 1741 1000 1806; x_wconf 76' lang='lat' dir='ltr'>sescenties</span> <span class='ocrx_word' id='word_1_168' title='bbox 1047 1741 1358 1793; x_wconf 87' lang='lat' dir='ltr'>sestertium</span> <span class='ocrx_word' id='word_1_169' title='bbox 1401 1741 1542 1792; x_wconf 88' lang='lat' dir='ltr'>aeris</span> <span class='ocrx_word' id='word_1_170' title='bbox 1589 1740 1756 1791; x_wconf 90' lang='lat' dir='ltr'>alieni</span> 
     </span>
    </p>
   </div>
   <div class='ocr_carea' id='block_1_9' title="bbox 136 1885 1868 2372">
    <p class='ocr_par' dir='ltr' id='par_1_11' title="bbox 136 1885 1868 2372">
     <span class='ocr_line' id='line_1_28' title="bbox 138 1885 1868 1948; baseline -0.005 -14"><span class='ocrx_word' id='word_1_171' title='bbox 138 1890 249 1940; x_wconf 85' lang='lat' dir='ltr'>emi,</span> <span class='ocrx_word' id='word_1_172' title='bbox 278 1902 333 1934; x_wconf 86' lang='lat' dir='ltr'>an</span> <span class='ocrx_word' id='word_1_173' title='bbox 361 1895 436 1939; x_wconf 88' lang='lat' dir='ltr'>tu,</span> <span class='ocrx_word' id='word_1_174' title='bbox 466 1889 543 1948; x_wconf 87' lang='lat' dir='ltr'>qui</span> <span class='ocrx_word' id='word_1_175' title='bbox 572 1888 727 1933; x_wconf 84' lang='lat' dir='ltr'>decem</span> <span class='ocrx_word' id='word_1_176' title='bbox 754 1886 1096 1932; x_wconf 82' lang='lat' dir='ltr'>arbuscularum</span> <span class='ocrx_word' id='word_1_177' title='bbox 1123 1886 1326 1932; x_wconf 81' lang='lat' dir='ltr'>umbram</span> <span class='ocrx_word' id='word_1_178' title='bbox 1360 1885 1444 1931; x_wconf 86' lang='lat' dir='ltr'>HS.</span> <span class='ocrx_word' id='word_1_179' title='bbox 1472 1886 1583 1931; x_wconf 86' lang='lat' dir='ltr'>XXX</span> <span class='ocrx_word' id='word_1_180' title='bbox 1618 1886 1754 1930; x_wconf 84' lang='lat' dir='ltr'>aesti-</span> <span class='ocrx_word' id='word_1_181' title='bbox 1780 1891 1868 1927; x_wconf 55' lang='lat' dir='ltr'>Par„</span> 
     </span>
     <span class='ocr_line' id='line_1_29' title="bbox 137 1955 1755 2017; baseline -0.002 -12"><span class='ocrx_word' id='word_1_182' title='bbox 137 1959 294 2005; x_wconf 83' lang='lat' dir='ltr'>mas?&#39;</span> <span class='ocrx_word' id='word_1_183' title='bbox 371 1963 412 2003; x_wconf 84' lang='lat'>5.</span> <span class='ocrx_word' id='word_1_184' title='bbox 452 1958 662 2004; x_wconf 76' lang='lat' dir='ltr'>Metellus</span> <span class='ocrx_word' id='word_1_185' title='bbox 695 1958 803 2003; x_wconf 90' lang='lat' dir='ltr'>Pius</span> <span class='ocrx_word' id='word_1_186' title='bbox 840 1971 940 2002; x_wconf 88' lang='lat' dir='ltr'>cum</span> <span class='ocrx_word' id='word_1_187' title='bbox 967 1959 1013 2002; x_wconf 90' lang='lat' dir='ltr'>in</span> <span class='ocrx_word' id='word_1_188' title='bbox 1040 1957 1302 2017; x_wconf 81' lang='lat' dir='ltr'>Hispaniam</span> <span class='ocrx_word' id='word_1_189' title='bbox 1328 1958 1556 2007; x_wconf 86' lang='lat' dir='ltr'>uenisset,</span> <span class='ocrx_word' id='word_1_190' title='bbox 1594 1955 1647 2000; x_wconf 81' lang='lat' dir='ltr'>ab</span> <span class='ocrx_word' id='word_1_191' title='bbox 1675 1956 1755 2001; x_wconf 85' lang='lat' dir='ltr'>ho-</span> 
     </span>
     <span class='ocr_line' id='line_1_30' title="bbox 137 2027 1817 2091; baseline -0.003 -16"><span class='ocrx_word' id='word_1_192' title='bbox 137 2029 336 2091; x_wconf 85' lang='lat' dir='ltr'>spitibus</span> <span class='ocrx_word' id='word_1_193' title='bbox 365 2036 465 2075; x_wconf 89' lang='lat' dir='ltr'>ture</span> <span class='ocrx_word' id='word_1_194' title='bbox 487 2043 535 2075; x_wconf 85' lang='lat' dir='ltr'>se</span> <span class='ocrx_word' id='word_1_195' title='bbox 564 2035 609 2075; x_wconf 89' lang='lat' dir='ltr'>et</span> <span class='ocrx_word' id='word_1_196' title='bbox 636 2030 725 2074; x_wconf 84' lang='lat' dir='ltr'>aris</span> <span class='ocrx_word' id='word_1_197' title='bbox 754 2029 899 2088; x_wconf 82' lang='lat' dir='ltr'>excipi</span> <span class='ocrx_word' id='word_1_198' title='bbox 920 2027 1190 2088; x_wconf 81' lang='lat' dir='ltr'>patiebatur,</span> <span class='ocrx_word' id='word_1_199' title='bbox 1218 2027 1387 2073; x_wconf 81' lang='lat' dir='ltr'>aulaeis</span> <span class='ocrx_word' id='word_1_200' title='bbox 1414 2032 1650 2072; x_wconf 87' lang='lat' dir='ltr'>contectos</span> <span class='ocrx_word' id='word_1_201' title='bbox 1677 2040 1754 2086; x_wconf 85' lang='lat' dir='ltr'>pa·</span> <span class='ocrx_word' id='word_1_202' title='bbox 1777 2033 1817 2084; x_wconf 58' lang='lat'>25</span> 
     </span>
     <span class='ocr_line' id='line_1_31' title="bbox 137 2097 1756 2159; baseline -0.004 -12"><span class='ocrx_word' id='word_1_203' title='bbox 137 2103 279 2147; x_wconf 85' lang='lat' dir='ltr'>rietes</span> <span class='ocrx_word' id='word_1_204' title='bbox 300 2100 428 2151; x_wconf 80' lang='lat' dir='ltr'>laeto</span> <span class='ocrx_word' id='word_1_205' title='bbox 455 2100 606 2145; x_wconf 83' lang='lat' dir='ltr'>animo</span> <span class='ocrx_word' id='word_1_206' title='bbox 634 2099 912 2150; x_wconf 80' lang='lat' dir='ltr'>intuebatur,</span> <span class='ocrx_word' id='word_1_207' title='bbox 941 2098 1205 2159; x_wconf 83' lang='lat' dir='ltr'>ingentibus</span> <span class='ocrx_word' id='word_1_208' title='bbox 1234 2097 1381 2158; x_wconf 90' lang='lat' dir='ltr'>epulis</span> <span class='ocrx_word' id='word_1_209' title='bbox 1407 2097 1540 2143; x_wconf 89' lang='lat' dir='ltr'>ludos</span> <span class='ocrx_word' id='word_1_210' title='bbox 1568 2098 1756 2157; x_wconf 82' lang='lat' dir='ltr'>inpone—</span> 
     </span>
     <span class='ocr_line' id='line_1_32' title="bbox 136 2168 1756 2231; baseline -0.004 -13"><span class='ocrx_word' id='word_1_211' title='bbox 136 2171 240 2223; x_wconf 84' lang='lat' dir='ltr'>bat,</span> <span class='ocrx_word' id='word_1_212' title='bbox 278 2185 380 2218; x_wconf 88' lang='lat' dir='ltr'>cum</span> <span class='ocrx_word' id='word_1_213' title='bbox 406 2170 759 2231; x_wconf 72' lang='lat' dir='ltr'>palmata,ueste</span> <span class='ocrx_word' id='word_1_214' title='bbox 787 2171 999 2216; x_wconf 85' lang='lat' dir='ltr'>conuiuia</span> <span class='ocrx_word' id='word_1_215' title='bbox 1026 2169 1305 2220; x_wconf 81' lang='lat' dir='ltr'>celebrabat,</span> <span class='ocrx_word' id='word_1_216' title='bbox 1334 2169 1550 2214; x_wconf 84' lang='lat' dir='ltr'>demissas</span> <span class='ocrx_word' id='word_1_217' title='bbox 1577 2168 1756 2213; x_wconf 81' lang='lat' dir='ltr'>lacuna—</span> 
     </span>
     <span class='ocr_line' id='line_1_33' title="bbox 138 2238 1756 2300; baseline -0.004 -12"><span class='ocrx_word' id='word_1_218' title='bbox 138 2243 267 2288; x_wconf 87' lang='lat' dir='ltr'>ribus</span> <span class='ocrx_word' id='word_1_219' title='bbox 294 2255 454 2287; x_wconf 84' lang='lat' dir='ltr'>aureas</span> <span class='ocrx_word' id='word_1_220' title='bbox 483 2255 675 2287; x_wconf 80' lang='lat' dir='ltr'>coronas</span> <span class='ocrx_word' id='word_1_221' title='bbox 703 2241 831 2286; x_wconf 89' lang='lat' dir='ltr'>uelut</span> <span class='ocrx_word' id='word_1_222' title='bbox 858 2241 1043 2286; x_wconf 83' lang='lat' dir='ltr'>caelesti</span> <span class='ocrx_word' id='word_1_223' title='bbox 1064 2240 1211 2300; x_wconf 78' lang='lat' dir='ltr'>capite</span> <span class='ocrx_word' id='word_1_224' title='bbox 1232 2238 1493 2300; x_wconf 85' lang='lat' dir='ltr'>recipiebat.</span> <span class='ocrx_word' id='word_1_225' title='bbox 1533 2241 1572 2282; x_wconf 88' lang='grc'>6.</span> <span class='ocrx_word' id='word_1_226' title='bbox 1590 2238 1756 2283; x_wconf 86' lang='lat' dir='ltr'>Domus</span> 
     </span>
     <span class='ocr_line' id='line_1_34' title="bbox 138 2309 1755 2372; baseline -0.004 -14"><span class='ocrx_word' id='word_1_227' title='bbox 138 2312 389 2359; x_wconf 84' lang='lat' dir='ltr'>Curionum</span> <span class='ocrx_word' id='word_1_228' title='bbox 416 2313 479 2357; x_wconf 86' lang='lat' dir='ltr'>ita</span> <span class='ocrx_word' id='word_1_229' title='bbox 505 2312 817 2372; x_wconf 82' lang='lat' dir='ltr'>degenerauit,</span> <span class='ocrx_word' id='word_1_230' title='bbox 846 2318 896 2357; x_wconf 83' lang='lat' dir='ltr'>ut</span> <span class='ocrx_word' id='word_1_231' title='bbox 922 2311 1004 2356; x_wconf 90' lang='lat' dir='ltr'>HS.</span> <span class='ocrx_word' id='word_1_232' title='bbox 1026 2311 1091 2356; x_wconf 89' lang='lat' dir='ltr'>DC</span> <span class='ocrx_word' id='word_1_233' title='bbox 1113 2312 1232 2356; x_wconf 82' lang='lat' dir='ltr'>aeris</span> <span class='ocrx_word' id='word_1_234' title='bbox 1261 2310 1394 2356; x_wconf 82' lang='lat' dir='ltr'>alieni</span> <span class='ocrx_word' id='word_1_235' title='bbox 1421 2309 1622 2359; x_wconf 81' lang='lat' dir='ltr'>haberet,</span> <span class='ocrx_word' id='word_1_236' title='bbox 1649 2322 1755 2353; x_wconf 87' lang='lat' dir='ltr'>con—</span> 
     </span>
    </p>
   </div>
   <div class='ocr_carea' id='block_1_10' title="bbox 135 2444 1754 2898">
    <p class='ocr_par' dir='ltr' id='par_1_12' title="bbox 135 2444 1754 2898">
     <span class='ocr_line' id='line_1_35' title="bbox 259 2444 1754 2500; baseline -0.003 -12"><span class='ocrx_word' id='word_1_237' title='bbox 259 2451 280 2488; x_wconf 92' lang='lat'>1</span> <span class='ocrx_word' id='word_1_238' title='bbox 323 2461 460 2500; x_wconf 90' lang='lat' dir='ltr'>quam</span> <span class='ocrx_word' id='word_1_239' title='bbox 491 2449 611 2495; x_wconf 79' lang='lat' dir='ltr'>libri;</span> <span class='ocrx_word' id='word_1_240' title='bbox 642 2449 788 2488; x_wconf 87' lang='lat' dir='ltr'>uitam</span> <span class='ocrx_word' id='word_1_241' title='bbox 817 2448 1026 2488; x_wconf 73' lang='lat' dir='ltr'>Foertsclz</span> <span class='ocrx_word' id='word_1_242' title='bbox 1046 2448 1086 2494; x_wconf 90' lang='lat' dir='ltr'>I,</span> <span class='ocrx_word' id='word_1_243' title='bbox 1112 2450 1181 2495; x_wconf 88' lang='lat'>27,</span> <span class='ocrx_word' id='word_1_244' title='bbox 1213 2460 1307 2487; x_wconf 89' lang='lat' dir='ltr'>rem</span> <span class='ocrx_word' id='word_1_245' title='bbox 1332 2459 1467 2497; x_wconf 89' lang='lat' dir='ltr'>quam</span> <span class='ocrx_word' id='word_1_246' title='bbox 1490 2444 1754 2485; x_wconf 80' lang='lat' dir='ltr'>introduxe-</span> 
     </span>
     <span class='ocr_line' id='line_1_36' title="bbox 136 2500 1752 2556; baseline -0.004 -11"><span class='ocrx_word' id='word_1_247' title='bbox 136 2509 257 2546; x_wconf 88' lang='lat' dir='ltr'>runt.</span> <span class='ocrx_word' id='word_1_248' title='bbox 308 2504 451 2556; x_wconf 92' lang='lat' dir='ltr'>Atqui</span> <span class='ocrx_word' id='word_1_249' title='bbox 478 2506 587 2545; x_wconf 84' lang='lat' dir='ltr'>idem</span> <span class='ocrx_word' id='word_1_250' title='bbox 608 2504 640 2543; x_wconf 95' lang='lat' dir='ltr'><em>I</em></span> <span class='ocrx_word' id='word_1_251' title='bbox 645 2504 679 2552; x_wconf 87' lang='lat' dir='ltr'>l,</span> <span class='ocrx_word' id='word_1_252' title='bbox 706 2506 786 2548; x_wconf 62' lang='lat'>3&amp;</span> <span class='ocrx_word' id='word_1_253' title='bbox 820 2516 926 2556; x_wconf 84' lang='lat' dir='ltr'>ang.</span> <span class='ocrx_word' id='word_1_254' title='bbox 956 2503 1094 2542; x_wconf 83' lang='lat' dir='ltr'>ritum</span> <span class='ocrx_word' id='word_1_255' title='bbox 1126 2502 1211 2553; x_wconf 79' lang='lat' dir='ltr'>(uel</span> <span class='ocrx_word' id='word_1_256' title='bbox 1238 2500 1460 2551; x_wconf 85' lang='lat' dir='ltr'>habitum)</span> <span class='ocrx_word' id='word_1_257' title='bbox 1490 2500 1752 2540; x_wconf 83' lang='lat' dir='ltr'>introduxe-</span> 
     </span>
     <span class='ocr_line' id='line_1_37' title="bbox 137 2556 1751 2614; baseline -0.004 -12"><span class='ocrx_word' id='word_1_258' title='bbox 137 2566 243 2603; x_wconf 86' lang='lat' dir='ltr'>runt</span> <span class='ocrx_word' id='word_1_259' title='bbox 273 2562 352 2614; x_wconf 91' lang='lat' dir='ltr'>qui</span> <span class='ocrx_word' id='word_1_260' title='bbox 382 2561 647 2601; x_wconf 90' lang='lat' dir='ltr'>inchoatam</span> <span class='ocrx_word' id='word_1_261' title='bbox 678 2565 758 2600; x_wconf 82' lang='lat' dir='ltr'>etc.</span> <span class='ocrx_word' id='word_1_262' title='bbox 789 2560 953 2606; x_wconf 70' lang='lat' dir='ltr'>Periz„</span> <span class='ocrx_word' id='word_1_263' title='bbox 983 2560 1089 2610; x_wconf 81' lang='lat' dir='ltr'>fort.</span> <span class='ocrx_word' id='word_1_264' title='bbox 1122 2571 1226 2610; x_wconf 85' lang='lat' dir='ltr'>ang.</span> <span class='ocrx_word' id='word_1_265' title='bbox 1258 2570 1461 2597; x_wconf 86' lang='lat' dir='ltr'>normam</span> <span class='ocrx_word' id='word_1_266' title='bbox 1490 2556 1751 2596; x_wconf 84' lang='lat' dir='ltr'>introduxe-</span> 
     </span>
     <span class='ocr_line' id='line_1_38' title="bbox 137 2613 1753 2669; baseline -0.006 -9"><span class='ocrx_word' id='word_1_267' title='bbox 137 2619 265 2660; x_wconf 87' lang='lat' dir='ltr'>rant!</span> <span class='ocrx_word' id='word_1_268' title='bbox 299 2618 431 2669; x_wconf 83' lang='lat' dir='ltr'>atqui</span> <span class='ocrx_word' id='word_1_269' title='bbox 454 2622 535 2659; x_wconf 82' lang='lat' dir='ltr'>etc.</span> <span class='ocrx_word' id='word_1_270' title='bbox 631 2618 655 2656; x_wconf 86' lang='grc'>’7</span> <span class='ocrx_word' id='word_1_271' title='bbox 688 2615 897 2655; x_wconf 87' lang='lat' dir='ltr'>attalicis</span> <span class='ocrx_word' id='word_1_272' title='bbox 922 2619 967 2654; x_wconf 90' lang='lat' dir='ltr'>et</span> <span class='ocrx_word' id='word_1_273' title='bbox 989 2614 1136 2654; x_wconf 90' lang='lat' dir='ltr'>auleis</span> <span class='ocrx_word' id='word_1_274' title='bbox 1158 2614 1224 2661; x_wconf 89' lang='lat' dir='ltr'>B;</span> <span class='ocrx_word' id='word_1_275' title='bbox 1257 2617 1302 2654; x_wconf 85' lang='lat' dir='ltr'>et</span> <span class='ocrx_word' id='word_1_276' title='bbox 1323 2613 1443 2653; x_wconf 79' lang='lat' dir='ltr'>abest</span> <span class='ocrx_word' id='word_1_277' title='bbox 1463 2626 1489 2652; x_wconf 85' lang='lat' dir='ltr'>a</span> <span class='ocrx_word' id='word_1_278' title='bbox 1517 2613 1641 2658; x_wconf 84' lang='lat' dir='ltr'>Vat.‚·</span> <span class='ocrx_word' id='word_1_279' title='bbox 1669 2624 1753 2663; x_wconf 83' lang='lat' dir='ltr'>per·</span> 
     </span>
     <span class='ocr_line' id='line_1_39' title="bbox 137 2669 1752 2721; baseline -0.006 -5"><span class='ocrx_word' id='word_1_280' title='bbox 137 2689 288 2717; x_wconf 80' lang='lat' dir='ltr'>nonum</span> <span class='ocrx_word' id='word_1_281' title='bbox 319 2675 427 2715; x_wconf 84' lang='lat' dir='ltr'>enim</span> <span class='ocrx_word' id='word_1_282' title='bbox 457 2673 604 2714; x_wconf 80' lang='lat' dir='ltr'>librum</span> <span class='ocrx_word' id='word_1_283' title='bbox 635 2677 677 2712; x_wconf 81' lang='lat' dir='ltr'>in</span> <span class='ocrx_word' id='word_1_284' title='bbox 706 2672 915 2712; x_wconf 80' lang='lat' dir='ltr'>Vaticano</span> <span class='ocrx_word' id='word_1_285' title='bbox 938 2672 1114 2711; x_wconf 81' lang='lat' dir='ltr'>Paridis</span> <span class='ocrx_word' id='word_1_286' title='bbox 1142 2683 1286 2710; x_wconf 77' lang='lat' dir='ltr'>manus</span> <span class='ocrx_word' id='word_1_287' title='bbox 1311 2670 1531 2721; x_wconf 79' lang='lat' dir='ltr'>posterior</span> <span class='ocrx_word' id='word_1_288' title='bbox 1553 2669 1752 2721; x_wconf 79' lang='lat' dir='ltr'>quosdam</span> 
     </span>
     <span class='ocr_line' id='line_1_40' title="bbox 138 2724 1750 2783; baseline -0.006 -10"><span class='ocrx_word' id='word_1_289' title='bbox 138 2734 255 2774; x_wconf 80' lang='lat' dir='ltr'>locos</span> <span class='ocrx_word' id='word_1_290' title='bbox 277 2744 336 2772; x_wconf 78' lang='lat' dir='ltr'>ex</span> <span class='ocrx_word' id='word_1_291' title='bbox 357 2732 450 2783; x_wconf 85' lang='lat' dir='ltr'>ipso</span> <span class='ocrx_word' id='word_1_292' title='bbox 479 2730 655 2770; x_wconf 81' lang='lat' dir='ltr'>Valerio</span> <span class='ocrx_word' id='word_1_293' title='bbox 677 2729 892 2781; x_wconf 79' lang='lat' dir='ltr'>suppleuit</span> <span class='ocrx_word' id='word_1_294' title='bbox 913 2733 988 2768; x_wconf 78' lang='lat' dir='ltr'>aut</span> <span class='ocrx_word' id='word_1_295' title='bbox 1008 2728 1226 2774; x_wconf 80' lang='lat' dir='ltr'>dilatauit,</span> <span class='ocrx_word' id='word_1_296' title='bbox 1249 2725 1355 2767; x_wconf 84' lang='lat' dir='ltr'>libro</span> <span class='ocrx_word' id='word_1_297' title='bbox 1377 2727 1449 2765; x_wconf 82' lang='lat' dir='ltr'>illa</span> <span class='ocrx_word' id='word_1_298' title='bbox 1470 2724 1603 2765; x_wconf 84' lang='lat' dir='ltr'>bonae</span> <span class='ocrx_word' id='word_1_299' title='bbox 1626 2729 1750 2764; x_wconf 85' lang='lat' dir='ltr'>notae</span> 
     </span>
     <span class='ocr_line' id='line_1_41' title="bbox 135 2778 1750 2836; baseline -0.006 -7"><span class='ocrx_word' id='word_1_300' title='bbox 135 2801 238 2836; x_wconf 76' lang='lat' dir='ltr'>usa;</span> <span class='ocrx_word' id='word_1_301' title='bbox 267 2789 344 2829; x_wconf 77' lang='lat' dir='ltr'>has</span> <span class='ocrx_word' id='word_1_302' title='bbox 366 2788 568 2828; x_wconf 75' lang='lat' dir='ltr'>lectiones</span> <span class='ocrx_word' id='word_1_303' title='bbox 587 2787 655 2825; x_wconf 79' lang='lat' dir='ltr'>Du</span> <span class='ocrx_word' id='word_1_304' title='bbox 676 2785 783 2826; x_wconf 77' lang='lat' dir='ltr'>Rieu</span> <span class='ocrx_word' id='word_1_305' title='bbox 804 2789 1003 2825; x_wconf 79' lang='lat' dir='ltr'>accurate</span> <span class='ocrx_word' id='word_1_306' title='bbox 1025 2784 1228 2823; x_wconf 82' lang='lat' dir='ltr'>indicauit</span> <span class='ocrx_word' id='word_1_307' title='bbox 1311 2784 1363 2822; x_wconf 90' lang='grc'>10</span> <span class='ocrx_word' id='word_1_308' title='bbox 1384 2781 1686 2832; x_wconf 84' lang='lat' dir='ltr'>dimissasque</span> <span class='ocrx_word' id='word_1_309' title='bbox 1709 2778 1750 2818; x_wconf 91' lang='lat' dir='ltr'><em>B</em></span> 
     </span>
     <span class='ocr_line' id='line_1_42' title="bbox 139 2837 1750 2898; baseline -0.008 -12"><span class='ocrx_word' id='word_1_310' title='bbox 139 2846 191 2885; x_wconf 92' lang='lat'>11</span> <span class='ocrx_word' id='word_1_311' title='bbox 217 2844 436 2886; x_wconf 87' lang='lat' dir='ltr'>caelestis</span> <span class='ocrx_word' id='word_1_312' title='bbox 456 2842 665 2884; x_wconf 77' lang='lat' dir='ltr'>Foertsclz</span> <span class='ocrx_word' id='word_1_313' title='bbox 685 2841 754 2889; x_wconf 93' lang='lat' dir='ltr'>II,</span> <span class='ocrx_word' id='word_1_314' title='bbox 781 2843 837 2882; x_wconf 83' lang='lat'>39</span> <span class='ocrx_word' id='word_1_315' title='bbox 898 2841 950 2880; x_wconf 87' lang='lat'>15</span> <span class='ocrx_word' id='word_1_316' title='bbox 972 2839 1302 2898; x_wconf 69' lang='lat' dir='ltr'>prestringeret</span> <span class='ocrx_word' id='word_1_317' title='bbox 1322 2837 1386 2877; x_wconf 83' lang='lat' dir='ltr'>B:</span> <span class='ocrx_word' id='word_1_318' title='bbox 1418 2838 1750 2890; x_wconf 84' lang='lat' dir='ltr'>perstringeret</span> 
     </span>
    </p>
   </div>
   <div class='ocr_carea' id='block_1_11' title="bbox 139 2902 1208 3009">
    <p class='ocr_par' dir='ltr' id='par_1_13' title="bbox 139 2902 1208 3009">
     <span class='ocr_line' id='line_1_43' title="bbox 139 2902 1208 3009; baseline -0.007 -10"><span class='ocrx_word' id='word_1_319' title='bbox 139 2902 312 3000; x_wconf 40' lang='lat' dir='ltr'>‘habeti</span> <span class='ocrx_word' id='word_1_320' title='bbox 330 2911 446 2999; x_wconf 58' lang='grc' dir='ltr'>ἰῖιινηο</span> <span class='ocrx_word' id='word_1_321' title='bbox 468 2956 789 3009; x_wconf 88' lang='lat' dir='ltr'>interponebat</span> <span class='ocrx_word' id='word_1_322' title='bbox 848 2955 901 2995; x_wconf 81' lang='lat'>27</span> <span class='ocrx_word' id='word_1_323' title='bbox 924 2953 1135 2994; x_wconf 87' lang='lat' dir='ltr'>dimissas</span> <span class='ocrx_word' id='word_1_324' title='bbox 1165 2951 1208 2992; x_wconf 90' lang='lat' dir='ltr'><em>V</em></span> 
     </span>
    </p>
   </div>
  </div>
 </body>
</html>
