1924 3152
703 6 711 14 .«
735 0 1199 38 r-.„}2-1.;‘-;,>J'‡eq=hs2wj'''‘PWW'T”
1223 16 1237 28 1
1269 4 1341 37 ,ϊ-,Ῐ

1498 62 1503 71 n
1562 67 1568 74 1
1610 61 1614 63 “
1704 60 1715 63 ’”
1752 60 1757 62 ‚

155 133 261 186 332
853 139 950 184 Llss.
981 138 1063 184 Vll.

158 243 462 298 cumferret.
503 243 648 313 quod
666 254 726 296 ut
746 244 952 297 factum
976 245 1382 315 animaduertit,
1411 250 1611 318 ‘cogita
1624 267 1773 302 1111110

158 321 366 366 ’tecum'
405 314 583 383 inquit
622 320 816 384 ‘quam
853 314 1012 367 multi
1050 315 1224 369 luctus
1264 318 1366 370 sub
1399 318 1484 370 his
1521 320 1677 372 tectis
1715 328 1775 372 et

158 384 283 435 olim
311 384 516 435 fuerint
543 385 782 438 et'hodie
818 394 1109 439 uersentur
1135 395 1189 440 et
1214 387 1626 458 insequentibus
1655 407 1770 442 sae-

157 453 292 506 culis
325 454 433 506 sint
459 453 790 523 habitaturi,
820 474 883 508 ac
907 458 1062 509 mitte
1089 457 1400 510 mortalium
1426 459 1774 513 incommoda

114 549 133 580 5
157 533 435 594 tamquam
460 526 682 596 propria
709 526 946 579 deflere'.
1023 546 1130 597 qua
1156 528 1520 582 consolatione
1550 529 1767 583 demon-

159 595 354 647 strauit
397 595 561 648 urbes
608 615 726 648 esse
776 596 1135 649 humanarum
1181 598 1419 652 cladium
1469 607 1771 670 consaepta

157 665 487 717 miseranda.
564 666 706 718 idem
744 668 956 733 aiebat,
1004 669 1051 719 si
1086 669 1142 719 in
1174 688 1343 720 unum
1380 669 1559 723 locum
1584 671 1767 722 cuncti

156 734 299 787 mala
326 754 426 788 sua
453 736 835 804 contulissent,
875 737 1119 789 futurum
1145 747 1205 790 ut
1230 740 1452 809 propria
1478 741 1769 810 deportare

149 807 376 858 domum
411 825 575 877 quam
613 826 680 859 ex
717 809 991 859 communi
1026 809 1370 861 miseriarum
1416 827 1609 862 aceruo
1647 828 1767 880 por-

97 902 132 932 10
157 877 361 928 tionem
388 895 543 928 suam
570 876 713 929 ferre
738 878 978 930 mallent.
1029 897 1135 949 quo
1163 878 1457 948 colligebat
1480 897 1588 932 non
1615 897 1768 950 opor·

156 957 270 1000 tere
296 965 394 998 nos
423 965 559 1017 quae
586 947 815 1001 fortuito
843 948 1119 1018 patiamur
1143 951 1470 1020 praecipuae
1498 958 1551 1003 et
1577 949 1769 1003 intole-

155 1016 345 1070 rabilis
375 1017 754 1070 amaritudinis
782 1018 1045 1071 iudicare.
1616 1018 1623 1023 ’

262 1088 310 1139 3.
352 1088 482 1140 Bias
511 1096 719 1152 autem,
758 1108 881 1141 cum
906 1091 1143 1160 patriam
1182 1090 1295 1142 eius
1325 1091 1556 1144 Prienen
1580 1090 1765 1144 hostes

155 1157 515 1225 inuasissent,
557 1159 835 1226 omnibus,
864 1177 998 1231 quos
1025 1161 1186 1212 modo
1213 1161 1445 1214 saeuitia
1469 1160 1599 1215 belli
1623 1161 1769 1214 inco·

93 1251 132 1283 15
156 1227 326 1279 lumcs
356 1229 507 1281 abire
535 1248 697 1298 passa
717 1231 917 1297 fuerat,
944 1231 1307 1300 pretiosarum
1328 1251 1511 1283 rerum
1531 1230 1770 1301 pondere

159 1299 368 1350 onustis
414 1299 779 1368 fugientibus,
827 1301 1192 1369 interrogatus
1239 1301 1372 1371 quid
1415 1301 1492 1353 ita
1527 1301 1661 1352 nihil
1698 1320 1768 1353 ex

154 1369 311 1421 bonis
340 1369 451 1420 suis
481 1388 664 1421 secum
691 1370 883 1436 ferret,
925 1375 1046 1438 ‘ego
1074 1379 1223 1422 uero'
1252 1372 1428 1441 inquit
1455 1372 1617 1424 ‘bona
1642 1389 1764 1422 mea

154 1457 365 1490 mecum
390 1446 586 1508 porto'.
649 1448 868 1509 pectore
894 1441 1037 1492 enim
1064 1439 1160 1492 illa
1185 1441 1457 1509 gestabat,
1485 1460 1592 1493 non
1619 1459 1766 1493 ume-

154 1509 246 1575 ris,
275 1527 374 1560 nec
401 1508 573 1561 oculis
600 1510 850 1576 uisenda,
881 1510 975 1562 sed
1004 1511 1344 1563 aestimanda
1369 1512 1568 1564 animo·
1627 1530 1767 1581 quae

91 1602 132 1634 20
158 1578 433 1632 domicilio
469 1581 662 1631 mentis
699 1580 911 1633 inclusa
945 1599 1044 1633 1100
1079 1581 1386 1634 mortalium
1419 1599 1519 1633 1100
1545 1582 1766 1634 deorum

154 1650 407 1702 manibus
434 1649 758 1702 labefactari
795 1660 1024 1721 queunt,
1063 1659 1116 1703 et
1147 1659 1207 1703 ut
1236 1652 1582 1704 manentibus
1614 1669 1766 1722 prae-

155 1727 239 1772 sto
269 1728 412 1786 sunt,
440 1720 519 1771 ita
545 1721 818 1788 fugientes
847 1740 953 1773 non
982 1722 1256 1774 deserunt.

259 1790 310 1842 4.
331 1791 449 1843 Iam
463 1789 708 1843 Platonis
732 1793 916 1844 uerbis
936 1791 1216 1858 adstricta,
1243 1791 1339 1844 sed
1359 1810 1522 1844 sensu
1539 1810 1766 1862 praeua-

152 1861 267 1913 lens
297 1861 593 1927 sententia,
634 1861 726 1932 qui
753 1870 868 1915 tum
895 1862 1109 1915 demum
1134 1863 1357 1915 beatum
1385 1871 1656 1916 terrarum
1682 1880 1764 1914 or·

90 1954 130 1986 25
153 1932 279 1984 bem
304 1931 551 1983 futurum
576 1932 933 2001 praedicauit,
969 1951 1090 1985 cum
1118 1942 1211 1986 aut
1239 1933 1511 2003 sapientes
1538 1950 1767 2001 regnare

154 2010 247 2053 aut
271 2019 426 2070 reges
455 2020 646 2071 sapere
673 2004 998 2071 coepissent.
1584 2019 1586 2022 ·

41 2164 130 2196 Par.
158 2147 278 2206 quod
321 2155 372 2191 111
418 2147 582 2191 sactum
630 2148 970 2197 animaduertit,
1019 2146 1201 2206 ‘cogita
1237 2163 1356 2193 nunc
1393 2147 1568 2192 tecum'
1613 2147 1763 2206 inquit

156 2215 309 2276 ‘quam
338 2216 467 2261 111111ιί
496 2216 647 2262 luctus
677 2217 759 2261 suh
787 2217 858 2262 his
886 2224 930 2261 01
958 2218 1063 2262 olim
1094 2217 1262 2262 fuerint
1290 2225 1334 2262 et
1362 2217 1494 2263 hodie
1520 2223 1766 2262 uersentur

155 2293 199 2332 et
237 2285 584 2346 insequentibus
623 2287 814 2332 saeculis
855 2288 948 2332 sint
985 2288 1140 2333 futuri.
1218 2291 1255 2332 3.
1295 2288 1394 2332 Bias
1419 2287 1580 2333 Priene
1617 2294 1763 2346 capta,

89 2376 131 2408 30
156 2356 364 2402 omnibus
403 2357 581 2402 onustis
619 2357 927 2416 fugientibus,
975 2358 1282 2418 interrogatus
1321 2357 1429 2418 quid
1465 2358 1526 2402 ita
1561 2356 1672 2402 nihil
1709 2371 1763 2402 ex

156 2427 286 2472 bonis
314 2428 406 2472 suis
434 2441 588 2473 secum
616 2427 772 2479 ferret,
803 2429 908 2488 ‘ego
923 2426 1055 2472 uero'
1086 2429 1234 2488 inquit
1262 2428 1400 2474 ‘bona
1414 2441 1586 2489 1110011111
1616 2429 1762 2473 omnia

155 2497 293 2543 ser-0².
369 2501 409 2542 4.
447 2497 575 2543 Plato
614 2504 707 2542 111111
747 2499 928 2544 demum
963 2499 1146 2544 beatum
1174 2498 1329 2544 orbem
1359 2499 1559 2543 futurum
1588 2497 1762 2557 praedi·

154 2568 297 2619 cahat,
327 2582 428 2614 eum
456 2575 534 2614 aut
561 2570 790 2628 sapientes
818 2581 1010 2629 regirare
1037 2575 1114 2615 aut
1135 2582 1271 2628 reges
1300 2575 1460 2629 sapere
1488 2568 1758 2628 coepissent.

266 2707 291 2745 3
315 2708 362 2745 et
381 2704 516 2746 hodie
539 2707 580 2745 P
596 2719 656 2745 m:
689 2709 735 2746 et
755 2705 981 2758 hodieque
1003 2706 1044 2746 B
1083 2702 1102 2759 Η
1143 2709 1188 2746 et
1212 2706 1270 2745 P.-
1302 2719 1379 2746 om.
1403 2705 1456 2752 B,
1478 2703 1762 2755 insequenti-

151 2763 287 2812 busq.
310 2761 333 2800 b
411 2763 438 2800 4
457 2761 663 2802 habituri
684 2755 739 2802 B'
817 2763 842 2802 5
866 2762 1184 2803 consulatione
1206 2761 1248 2801 B
1326 2763 1351 2802 6
1375 2763 1591 2812 consepta
1612 2751 1675 2824 B'·
1734 2759 1759 2798 8

40 2858 70 2891 >3
152 2817 335 2871 propria
354 2817 396 2856 B
440 2820 490 2883 1¹0
514 2818 770 2899 colligabat
790 2812 847 2858 B'
889 2820 939 2858 11
963 2818 1125 2860 sortito
1148 2819 1255 2859 coni.
1273 2818 1449 2869 Lipsius
1487 2817 1541 2856 23
1565 2818 1762 2855 astricta

7 2955 10 2958 ·
153 2874 177 2913 b
237 2873 922 2983 238pf12222‘131iii1‘3'fguertantur
950 2931 992 2970 V
1307 2901 1310 2903 -
