1924 3152
209 116 327 170 ‘230
931 121 1030 166 Llss.
1069 121 1118 168 V.

220 229 478 299 gionibus
517 227 628 279 suis
665 234 956 296 patronum
983 229 1213 282 salutari
1246 227 1447 297 uoluit,
1486 249 1550 292 ac
1585 231 1832 302 deposito

220 299 462 370 aequalis
490 298 706 368 imperii
730 298 859 368 iugo
884 299 1262 369 magisterium
1285 301 1544 372 equitum,
1573 301 1713 354 sicut
1736 320 1836 373 par

223 378 360 436 erat,
390 369 698 422 dictaturae
727 369 986 438 subiecit,
1022 370 1477 442 inprudentisque
1512 371 1667 442 uulgi
1693 390 1834 426 erro·
1905 377 1908 381 ’

221 459 336 492 rem
381 447 571 508 gratae
614 441 812 493 mentis
861 440 1264 510 significatione
1303 441 1567 501 correxit:
1631 442 1682 496 5.
1722 451 1836 495 tam

175 531 195 562 5
217 509 438 563 hercule
464 510 825 581 probabiliter
851 530 1014 583 quam
1041 512 1108 578 Q.
1132 513 1418 566 Terentius
1447 512 1654 580 Cullen,
1682 531 1835 583 prae-

217 582 363 635 toria
389 580 603 633 familia
629 591 790 635 natus
829 591 883 635 et
921 584 1064 636 inter
1089 602 1293 654 paucos
1330 585 1590 637 senatorii
1625 582 1832 637 ordinis

219 651 561 723 splendidUS,
591 653 794 722 optimo
831 652 1082 724 exemplo
1110 653 1363 706 Africani
1390 655 1688 724 superioris
1714 673 1834 707 cur·

215 741 337 774 rum
363 722 776 793 triumphantis,
814 726 942 794 quia
978 733 1169 795 captus
1207 743 1239 776 a
1273 723 1833 794 Karthaginiensibus

218 794 287 846 ab
317 812 379 847 eo
417 793 598 846 fuerat
633 803 1015 865 recuperatUS,
1052 793 1276 864 pilleum
1312 795 1494 866 capite
1530 813 1726 864 gerens
1755 814 1845 848 see

156 885 196 916 10
218 872 374 916 cutus
403 872 501 916 est.
567 865 777 918 auctori
804 866 948 917 enim
983 864 1254 918 libertatis
1283 884 1412 920 suae
1438 872 1718 936 tamquam
1742 884 1834 936 pa-

215 942 373 988 trono
393 936 607 1005 accepti
627 935 878 988 beneficii
899 936 1300 990 confessionem
1328 943 1608 1007 spectante
1633 936 1833 1007 populo

216 1004 463 1059 Romano
492 1006 687 1059 merito
716 1006 978 1059 reddidit.

321 1076 373 1128 6.
414 1077 490 1128 At
525 1076 822 1128 Flaminini
871 1077 937 1130 de
974 1076 1117 1129 Phili
1158 1095 1227 1148 po
1272 1095 1399 1146 rege
1443 1077 1832 1148 triumphantis

215 1164 435 1198 currum
462 1166 571 1199 non
598 1167 757 1215 unus,
788 1148 885 1200 sed
913 1148 1020 1200 duo
1047 1149 1122 1199 mi
1146 1148 1199 1200 ia
1234 1148 1438 1200 ciuium
1463 1147 1834 1201 Romanorum

150 1236 192 1269 15
215 1216 439 1287 pilleata
465 1218 728 1271 comitata
755 1227 901 1284 sunt,
932 1237 1069 1289 quae
1095 1219 1318 1271 Punicis
1344 1217 1504 1271 bellis
1530 1218 1834 1288 intercepta

216 1297 270 1340 et
295 1289 354 1340 in
381 1288 619 1341 Graecia
658 1289 958 1341 seruientia
992 1307 1123 1341 cura
1160 1308 1260 1341 sua
1295 1287 1525 1341 collecta
1557 1288 1615 1339 in
1648 1288 1833 1359 pristi-

213 1378 344 1410 num
361 1358 595 1427 gradum
621 1360 956 1412 restituerat.
1021 1360 1356 1428 geminatum
1382 1377 1446 1411 ea
1473 1357 1637 1411 decus
1663 1360 1831 1429 impe-

213 1431 443 1495 ratoriS‚
480 1447 512 1480 a
548 1447 653 1499 quo
691 1428 855 1481 simul
891 1437 945 1482 et
982 1429 1187 1482 deuicti
1222 1430 1404 1482 hostes
1441 1437 1495 1481 et
1521 1430 1833 1482 conseruati

215 1499 363 1551 ciues
393 1518 416 1551 s
462 1499 767 1551 ectaculum
793 1502 1005 1571 patriae
1031 1500 1417 1570 praebuerunt.
1441 1498 1675 1552 illorum
1702 1518 1830 1570 quo-

148 1589 190 1621 20
214 1587 316 1639 que
356 1517 502 1622 saliis
543 1569 833 1639 dupliciter
877 1571 1128 1624 omnibus
1173 1578 1401 1641 accepta
1436 1570 1564 1636 fuit,
1618 1577 1670 1622 et
1705 1570 1832 1640 quia-

211 1647 326 1692 tam
354 1639 512 1693 multi
539 1647 592 1692 et
616 1641 745 1710 quia
772 1650 885 1693 tam
905 1642 1049 1710 grati
1077 1648 1402 1712 exoptatum
1426 1639 1699 1709 libertatis
1727 1647 1831 1692 sta-

210 1717 327 1762 tum
353 1720 833 1782 recuperauerunt.

319 1782 367 1833 7.
402 1780 656 1834 Metellus
684 1801 814 1835 uero
842 1782 1001 1848 Pius,
1042 1781 1311 1852 pertinaci
1338 1799 1473 1850 erga
1499 1779 1713 1833 exulem
1738 1799 1830 1851 pa-

210 1860 350 1904 trem
377 1870 562 1906 amore
591 1861 705 1905 tam
733 1854 942 1905 clarum
975 1852 1216 1905 lacrimis
1255 1871 1418 1923 quam
1453 1851 1550 1904 alii
1584 1852 1829 1904 uictoriis

145 1943 188 1976 25
211 1940 511 1992 cognomen
537 1922 848 1991 adsecutus,
878 1942 988 1975 non
1010 1922 1285 1977 dubitauit
1304 1922 1493 1976 consul
1514 1940 1611 1993 pro
1635 1922 1701 1988 Q.
1730 1921 1831 1974 Oa-

211 1991 344 2045 lidio
381 2001 674 2063 praeturae
720 1994 1014 2046 candidato
1062 1994 1372 2064 supplicare
1406 1993 1608 2063 populo
1619 2032 1654 2058 ,,
1685 1991 1832 2063 quod

211 2062 466 2115 tribunus
488 2063 563 2135 pl.
605 2064 800 2132 legem,
830 2082 936 2135 qua
955 2071 1111 2134 pater
1138 2065 1255 2115 eius
1283 2064 1339 2115 in
1365 2064 1649 2116 ciuitatem
1674 2063 1828 2115 resti-

101 2181 189 2215 Par.
215 2181 504 2232 decessisset,
532 2182 641 2241 p.R.
674 2181 879 2227 certatim
909 2195 982 2226 aes
1010 2181 1222 2227 contulit.
1258 2184 1300 2224 5.
1328 2179 1378 2235 Q.
1407 2181 1646 2225 Terentius
1672 2179 1827 2225 Culleo

209 2252 440 2311 praetoria
486 2251 654 2297 familia
691 2258 848 2302 natus,
906 2258 1067 2312 captus
1105 2266 1130 2297 a
1165 2251 1351 2302 Poenis,
1400 2264 1424 2295 a
1460 2250 1671 2311 Scipione
1706 2250 1829 2295 Afri-

146 2335 189 2368 30
212 2335 324 2368 cano
354 2323 588 2383 superiore
624 2324 891 2373 restitutus,
932 2336 1118 2368 currum
1155 2322 1254 2367 eius
1281 2321 1494 2382 pilleatus
1532 2327 1716 2367 secutus
1743 2327 1827 2367 est.

211 2394 251 2438 6.
291 2391 592 2438 Flamininum
628 2393 681 2439 de
708 2392 918 2453 Philippo
956 2407 1063 2452 rege
1100 2393 1455 2453 triumphantem
1492 2391 1582 2438 duo
1620 2391 1742 2438 milia
1768 2394 1829 2437 ci-

210 2464 337 2508 uium
364 2464 670 2510 Romanorum
698 2464 884 2524 pilleata
912 2471 1067 2510 secuta
1095 2470 1216 2510 sunt.
1280 2467 1321 2507 7.
1359 2461 1565 2508 Metellus
1592 2462 1698 2508 Pius
1726 2476 1827 2508 cum

322 2588 347 2627 2
377 2588 647 2640 magisterio
676 2580 732 2627 B'
798 2589 824 2628 9
852 2588 1140 2640 recuperatis
1161 2579 1216 2628 B'
1286 2587 1338 2627 10
1360 2589 1502 2639 tamq.
1526 2577 1579 2625 B‘
1650 2586 1702 2626 13
1728 2590 1831 2637 post

208 2641 268 2682 At
289 2643 331 2683 in
349 2643 392 2683 B
410 2658 554 2696 par-ua
572 2658 661 2685 ras.
726 2646 777 2685 15
797 2645 973 2696 quaeis
996 2645 1099 2686 dett.
1162 2645 1213 2684 17
1236 2641 1458 2696 geminfir.
1483 2654 1537 2682 ea
1559 2639 1656 2694 (litt.
1680 2639 1747 2680 fir.
1772 2653 1827 2681 ea

207 2699 252 2739 in
272 2712 386 2750 ras.‚
407 2703 506 2740 item
526 2715 565 2741 u.
592 2699 753 2751 decus)
783 2701 826 2740 B
835 2716 851 2747 ;
882 2714 971 2741 cum
994 2714 1048 2741 ea
1071 2713 1233 2754 quoque
1254 2702 1296 2740 in
1317 2713 1405 2741 ras.
1425 2700 1631 2751 scriptum
1657 2699 1734 2744 sit,
1766 2698 1828 2736 in-

208 2759 367 2795 certum
395 2757 564 2797 uidetur
591 2760 700 2798 sitne
728 2759 982 2798 seruandum
1013 2755 1087 2808 (ea
1114 2770 1175 2797 sc.
1208 2755 1361 2808 cura),
1395 2769 1450 2795 an
1480 2767 1536 2795 ea
1564 2766 1612 2794 re
1643 2766 1702 2816 eof
1731 2754 1827 2793 aliis

206 2811 497 2858 scribendum
535 2814 603 2854 ita
630 2814 813 2866 Kempf,
848 2827 904 2854 ea
934 2813 1007 2854 die
1037 2816 1093 2855 al.
1124 2814 1249 2854 codd.
1331 2812 1386 2852 24
1414 2809 1607 2856 uictoris
1637 2809 1679 2849 B
1772 2810 1826 2850 26

208 2872 425 2921 praetore
446 2869 502 2915 B,
535 2883 610 2909 em.
632 2870 809 2920 Pighius
868 2872 920 2911 27
944 2882 1059 2922 qua*
1080 2869 1121 2909 B

322 2926 377 2967 28
399 2924 600 2966 decessit
628 2920 688 2964 V'
709 2923 728 2980 {1
750 2923 827 2980 Q.]
855 2926 1072 2978 Quintius
1100 2926 1142 2965 V
