1936 3120
253 125 359 178 366
880 112 898 119 ’
955 130 1051 175 Lm.
1090 131 1175 175 vn.

256 236 471 302 fundis,
508 254 684 306 neque
718 237 992 289 erubescis
1025 236 1073 288 ei
1100 243 1276 290 totum
1301 240 1687 308 patrimonium
1711 242 1864 294 addi·

257 324 404 373 cere,
443 306 596 357 cuius
624 305 882 376 pollincto
922 307 1031 357 iam
1058 308 1271 377 corpori
1297 309 1597 361 marcidam
1623 319 1863 364 senectu-

255 383 365 428 tem
386 384 534 427 tuam
556 376 926 429 substrauisti,
977 395 1100 443 ergo
1123 377 1251 428 dum
1270 379 1349 431 sic
1369 387 1422 431 te
1441 380 1606 448 geris,
1634 381 1705 432 ad
1730 381 1863 433 infe-

254 464 343 497 ros
370 464 542 516 usque
569 446 791 500 caelesti
819 446 1046 498 fulmine
1081 447 1284 499 adflata
1310 468 1386 500 es.

214 530 234 562 5
362 515 413 568 5.
453 517 694 585 Egregia
721 517 828 568 Gai
867 535 1078 587 quoque
1108 517 1367 587 Calpurni
1401 519 1616 571 Pisonis
1651 528 1865 590 praeto-

254 585 329 637 ris
359 586 509 638 urbis
538 586 870 639 constitutio.
923 605 1043 638 cum
1071 589 1213 639 enim
1239 588 1308 639 ad
1336 607 1459 640 eum
1480 590 1768 642 Terentius
1797 609 1866 642 ex

254 663 372 707 octo
400 656 547 722 filiis,
576 675 710 726 quos
741 658 798 707 in
826 655 1254 709 adulescentiam
1279 659 1632 728 perduxerat,
1661 660 1730 712 ab
1756 678 1863 711 uno

255 726 312 776 in
338 726 689 797 adoptionem
726 727 853 779 dato
883 727 1272 779 exheredatum
1310 747 1365 779 se
1393 728 1687 798 querellam
1714 729 1863 782 detu-

254 795 435 862 lisset,
481 797 749 849 bonorum
786 796 1150 850 adulescentis
1188 800 1591 867 possessionem
1627 800 1677 850 ei
1713 799 1865 852 dedit

191 882 231 914 ιο
253 865 590 937 heredesque
626 865 746 935 lege
782 885 943 935 agere
979 886 1176 937 passus
1217 886 1328 920 non
1362 876 1461 920 est.
1535 868 1709 921 mouit
1742 888 1862 938 pro-

253 936 395 988 fecto
423 937 680 989 Pisonem
707 938 887 1006 patria
912 938 1199 1003 maiestas,
1237 937 1438 989 donum
1463 938 1638 1005 uitae,
1666 938 1863 991 benefi-

253 1007 396 1058 cium
419 1007 778 1072 educationiS,
808 1008 902 1058 sed
926 1007 1133 1077 aliquid
1157 1008 1322 1060 etiam
1341 1007 1496 1060 flexit
1518 1009 1863 1060 circumstan-

251 1076 388 1128 tium
414 1076 709 1129 liberorum
735 1096 1010 1143 numerus,
1038 1097 1172 1147 quos
1201 1096 1321 1129 cum
1346 1085 1501 1147 patre
1525 1086 1734 1148 septem
1758 1078 1866 1130 fra—

253 1154 362 1198 tres
389 1147 555 1216 impie
582 1147 941 1200 exheredatos
969 1148 1212 1200 uidebat.

184 1233 224 1265 15
361 1218 411 1268 6.
453 1217 602 1282 Quid
637 1217 899 1268 Mamerci
937 1217 1138 1269 Aemili
1176 1217 1371 1287 Lepidi
1419 1218 1654 1270 consulis
1700 1236 1863 1288 quam

253 1305 424 1355 graue
461 1287 767 1339 decretum!
809 1286 1086 1339 Genucius
1111 1287 1371 1357 quidam,
1410 1288 1605 1339 Matris
1632 1306 1863 1356 magnae

253 1356 479 1422 Gallus,
518 1376 550 1408 a
587 1357 684 1408 Cn.
714 1357 904 1409 Oreste
978 1365 1190 1409 raetore
1225 1359 1434 1410 urbano
1471 1358 1863 1427 impetrauerat

252 1434 314 1479 ut
338 1427 556 1480 restitui
584 1445 640 1477 se
665 1427 721 1477 in
747 1427 889 1478 bona
909 1376 1085 1478 hiiaeeui
1103 1427 1212 1478 Ani
1234 1427 1463 1493 iuberet,
1492 1446 1721 1496 quorum
1742 1445 1861 1496 pos-

258 1497 557 1549 sessionem
594 1496 889 1548 secundum
926 1497 1142 1549 tabulas
1181 1498 1494 1548 testamenti
1523 1498 1592 1549 ab
1631 1498 1749 1566 ipso
1776 1514 1860 1548 ac-

189 1582 230 1614 20
255 1574 492 1637 ceperat.
539 1565 843 1636 appellatus
865 1566 1171 1618 Mamercus
1194 1585 1225 1616 a
1245 1566 1500 1631 Surdino,
1527 1567 1679 1617 cuius
1701 1565 1861 1618 liber-

254 1645 342 1689 tus
366 1637 672 1689 Genucium
699 1636 952 1688 heredem
980 1637 1210 1701 fecerat,
1256 1637 1589 1706 praetoriam
1614 1635 1863 1688 iurisdic-

254 1708 459 1760 tionem
485 1707 795 1775 abrogauit,
834 1707 976 1775 quod
1004 1706 1208 1758 diceret
1234 1707 1539 1759 Genucium
1565 1706 1861 1776 amputatis

144 1874 230 1910 Par.
255 1881 465 1927 suprema
513 1867 675 1911 iudicia
726 1866 1001 1925 inprobauit.
1075 1871 1116 1911 5.
1155 1866 1422 1926 Calpurnius
1458 1866 1563 1912 Piso
1605 1865 1862 1926 praefectus

255 1938 398 1988 urhis,
428 1951 528 1981 cun]
555 1937 608 1981 ad
636 1951 737 1981 eum
764 1937 999 1981 Terentius
1028 1951 1080 1981 ex
1107 1943 1210 1981 octo
1238 1936 1357 1985 filiis,
1387 1950 1502 1996 quos
1529 1937 1574 1980 in
1601 1935 1860 1980 adulescen-

189 2017 231 2049 25
257 2009 361 2052 tiam
398 2007 688 2067 perduxerat,
726 2007 779 2052 ab
806 2021 896 2051 uno
925 2008 968 2050 in
1006 2007 1296 2066 adoptionem
1326 2007 1431 2051 (lato
1469 2006 1786 2051 exheredatum
1813 2019 1860 2049 se

256 2078 504 2137 querellam
532 2076 796 2126 detulisset,
834 2076 1055 2121 bonorum
1093 2076 1394 2120 adulescentis
1420 2076 1759 2134 possessionem
1787 2074 1860 2118 de·
1899 2072 1909 2078 “

255 2147 336 2192 dit.
411 2149 450 2191 6.
493 2146 717 2190 Genucius
755 2146 960 2205 quidam.
1003 2146 1154 2189 Matris
1192 2158 1379 2203 magnae
1417 2143 1594 2194 Gallus,
1633 2158 1656 2188 a
1691 2142 1858 2188 Naeuio

255 2218 370 2262 Anio
399 2218 443 2260 in
484 2221 754 2260 testamento
793 2216 1073 2264 nominatus,
1115 2215 1364 2274 inpetrauit
1391 2230 1413 2258 a
1441 2213 1519 2258 Cn.
1549 2213 1704 2258 Oreste
1732 2227 1859 2272 prae-

256 2294 355 2332 tore
390 2286 564 2330 urbano
603 2291 653 2329 ut
679 2286 724 2329 in
759 2284 876 2329 bona
905 2283 1059 2329 Naeuii
1085 2286 1277 2329 ueniret.
1331 2284 1410 2328 sed
1435 2284 1653 2328 Aemilius
1678 2283 1860 2328 Mamer-

190 2366 231 2398 3ο
256 2371 335 2402 cus
364 2371 455 2401 cos.
484 2355 800 2414 interpellatus
829 2369 852 2399 a
880 2354 1074 2399 Surdino
1102 2361 1294 2414 patrono
1320 2355 1477 2399 Naeuii
1504 2353 1558 2398 de
1594 2353 1858 2402 hereditate,

254 2428 527 2487 praetoriam
555 2426 665 2470 iuris
693 2425 939 2469 dictionem
965 2425 1228 2484 abrogauit,
1267 2424 1390 2484 quod
1416 2424 1587 2487 diceret
1613 2422 1859 2468 Genucium

368 2580 393 2618 3
417 2580 460 2616 te
486 2576 637 2628 egeris
659 2575 716 2625 B,
740 2589 813 2614 em.
839 2575 1013 2626 Piqlzz'us
1073 2575 1098 2614 5
1122 2575 1209 2614 Gai
1231 2587 1306 2614 om.
1330 2573 1371 2613 B
1393 2576 1436 2613 in
1455 2586 1545 2614 ras.
1580 2570 1598 2626 Η
1633 2571 1859 2625 praetoris

254 2635 378 2674 codd.
400 2634 618 2685 plerique:
649 2630 878 2683 praefecti
898 2633 940 2670 P
957 2636 997 2670 et
1018 2634 1059 2669 in
1081 2643 1169 2669 ras.
1192 2630 1234 2668 B
1292 2631 1316 2668 6
1338 2629 1438 2671 urb.
1460 2631 1553 2672 cod.
1579 2628 1727 2668 Atreb.
1749 2628 1859 2667 unde

254 2690 375 2740 Piylz.
398 2688 565 2728 urbani
585 2694 701 2727 recte
721 2692 765 2725 ut
785 2688 953 2726 uidetur·
1014 2688 1065 2725 10
1087 2687 1262 2725 monuit
1282 2686 1336 2732 B,
1361 2699 1434 2726 em.
1458 2686 1631 2737 Pighius
1691 2685 1739 2722 11
1763 2695 1857 2722 ma-

255 2748 412 2797 gestas
434 2738 490 2783 B'
551 2745 603 2784 13
626 2755 737 2795 quos
761 2743 804 2790 (1
824 2756 874 2784 m.
898 2747 942 2781 ut
964 2743 1131 2782 uidetur
1151 2755 1263 2781 corr.
1289 2755 1310 2781 e
1333 2740 1429 2792 qui)
1458 2740 1509 2789 B,
1535 2740 1641 2792 quia
1662 2739 1754 2777 Din
1767 2751 1854 2794 rap.

257 2802 310 2841 14
328 2799 601 2841 exeredatos
624 2791 679 2838 B'
741 2800 792 2838 16
814 2798 1023 2850 genicius
1044 2790 1099 2837 B'
1121 2804 1162 2837 et
1181 2800 1243 2837 sic
1262 2797 1382 2848 infra
1441 2798 1492 2835 17
1514 2795 1640 2835 urbis
1665 2794 1717 2841 B,
1739 2807 1813 2835 em.
1837 2807 1859 2834 e

255 2858 297 2896 P
355 2858 406 2897 18
427 2856 585 2894 naeuii
609 2855 703 2893 anii
724 2854 763 2903 b,
786 2854 1030 2894 Naeuiana
1051 2854 1192 2895 Periz.
1253 2855 1307 2893 20
1329 2852 1530 2891 surdinio
1553 2851 1576 2891 b

369 2914 423 2952 24
446 2911 503 2951 ad
526 2910 718 2951 eundem
748 2910 791 2948 V
