1878 3132
221 123 288 176 88
927 129 1027 174 LIB.
1066 130 1116 174 11.

222 235 394 290 nostri
418 242 601 305 pater,
646 233 740 286 ubi
767 234 951 305 aliqua
978 253 1047 287 ex
1071 245 1228 307 parte
1255 256 1289 291 a
1314 238 1422 291 tuis
1458 239 1715 308 auspiciis
1745 239 1834 293 de-

220 314 536 376 generatum
563 312 699 371 erat,
725 323 928 358 numen
954 314 1108 359 tuum
1126 326 1223 379 pro
1264 308 1545 376 itiabatur,
1573 309 1836 363 adfinium

222 385 274 428 et
300 382 655 444 cognatorum
683 382 736 426 et
759 375 996 428 fratrum
1016 385 1166 446 nota,
1194 379 1230 431 fi
1253 379 1429 432 iorum
1457 387 1656 450 strage,
1683 381 1834 449 igno-

220 446 451 498 miniosa
477 443 759 498 consulum
785 447 1106 502 eiuratione.
1142 446 1145 450 ⁴

178 530 198 562 5
327 517 376 568 8.
451 515 716 568 Eiusdem
774 517 982 570 ordinis
1035 519 1182 589 quod
1240 521 1503 591 sequitur.
1576 520 1835 591 Papirius

221 587 482 653 dictator,
535 604 657 638 cum
701 586 966 640 aduersus
1017 589 1307 660 imperium
1357 591 1472 644 eius
1520 591 1588 657 Q.
1625 591 1835 645 Fabius

218 656 504 710 Rullianus
564 657 830 725 magister
888 676 916 710 e
955 659 1129 712 uitum
1197 662 1499 714 exercitum
1555 661 1612 713 in
1662 661 1836 714 aciem

220 727 526 794 eduxisset,
563 745 892 798 quamquam
951 730 1064 781 usis
1094 730 1430 784 Samnitibus
1465 731 1522 782 in
1547 740 1728 785 castra
1753 751 1833 784 re-

219 799 422 865 dierat,
461 806 644 851 tamen
668 817 843 869 neque
869 799 1073 852 uirtute
1110 802 1226 853 eius
1253 820 1428 883 neque
1455 819 1709 855 successu
1742 821 1834 854 ne-

155 882 197 914 10
221 888 324 939 que
350 867 638 923 nobilitate
671 878 848 921 motus
885 869 1071 940 uirgas
1103 889 1171 924 ex
1213 871 1351 924 ediri
1378 890 1610 942 eumque
1634 871 1834 925 nudari

216 939 397 992 iussit.
474 957 504 991 o
552 938 921 1009 spectaculum
966 940 1180 993 admira
1221 942 1317 995 ile!
1368 950 1422 995 et
1455 941 1744 994 Rullianus
1782 950 1835 994 et

215 1010 478 1079 magister
513 1009 754 1079 equitum
791 1018 844 1062 et
878 1010 1056 1062 uictor
1091 1012 1264 1064 scissa
1298 1019 1454 1064 ueste
1489 1011 1835 1084 spoliatoque

219 1098 445 1150 corpore
471 1079 720 1132 lictorum
748 1098 805 1132 se
831 1081 1156 1134 uerberibus
1183 1081 1535 1134 lacerandum
1561 1083 1832 1152 praebuit,

215 1158 276 1202 ut
296 1150 354 1200 in
374 1150 489 1202 acie
510 1157 863 1220 exceptorum
881 1150 1167 1204 uulnerum
1184 1152 1406 1205 nodosis
1420 1151 1620 1204 ictibus
1642 1171 1834 1206 cruore

153 1232 194 1265 15
217 1228 477 1273 renouato
505 1220 882 1286 uictoriarum,
911 1239 1046 1290 quas
1073 1222 1231 1276 modo
1260 1221 1687 1292 speciosissimas
1716 1231 1834 1276 erat

216 1290 447 1361 adeptus
460 1330 475 1357 ,
528 1289 715 1343 titulos
750 1299 1109 1361 respergeret.
1183 1292 1440 1362 precibus
1478 1291 1676 1344 deinde
1716 1293 1830 1346 suis

216 1361 490 1413 exercitus
536 1360 874 1412 occasionem
916 1362 1090 1414 Fabio
1141 1361 1494 1431 confugiendi
1536 1363 1596 1414 in
1638 1363 1831 1416 urbem

217 1429 384 1497 dedit,
409 1430 505 1483 ubi
530 1429 740 1483 frustra
767 1439 988 1484 senatus
1016 1431 1284 1485 auxilium
1308 1431 1628 1503 inplorauit:
1658 1433 1830 1486 nihilo

215 1500 392 1552 minus
421 1501 563 1553 enim
582 1500 836 1571 Papirius
861 1502 918 1553 in
945 1502 1216 1571 exigenda
1234 1521 1412 1573 poena
1436 1504 1829 1572 perseuerauit.

151 1589 192 1622 20
214 1571 401 1641 itaque
446 1578 665 1625 coactus
707 1580 790 1624 est
822 1579 980 1642 pater
1027 1573 1143 1626 eius
1186 1580 1312 1643 post
1355 1573 1684 1626 dictaturam
1724 1582 1829 1626 ter-

213 1640 457 1711 tiumque
484 1640 824 1694 consulatum
849 1661 963 1694 rem
999 1642 1070 1695 ad
1095 1642 1358 1714 populum
1383 1643 1651 1696 deuocare
1677 1645 1829 1696 auxi-

212 1710 455 1782 liumque
498 1711 840 1766 tribunorum
874 1712 1023 1783 plebi
1059 1712 1292 1784 supplex
1335 1732 1435 1784 pro
1469 1713 1583 1766 filio
1623 1721 1826 1784 petere.

213 1799 389 1852 neque
411 1782 515 1834 hac
540 1800 598 1834 re
625 1784 891 1836 seueritas
919 1783 1105 1853 Papiri
1137 1782 1405 1836 refrenari
1429 1784 1628 1854 potuit.
1689 1791 1828 1837 cete-

212 1870 360 1918 rum,
389 1870 513 1905 cum
541 1852 610 1906 ab
635 1853 909 1906 uniuersis
937 1854 1149 1908 ciuibus
1178 1861 1233 1906 et
1257 1854 1392 1924 ipsis
1419 1854 1654 1908 tribunis
1681 1854 1838 1924 plebi-

96 1976 99 1980 ,
148 1940 191 1973 25
211 1930 524 1990 rogaretur,
572 1930 807 1976 testatus
844 1932 929 1976 est
965 1942 1022 1976 se
1056 1941 1286 1994 poenam
1323 1924 1475 1976 illam
1508 1941 1619 1975 non
1653 1924 1829 1989 Fabio

214 1992 311 2044 sed
336 2010 404 2061 po
445 1992 534 2046 ulo
561 2000 614 2045 et
637 1993 965 2046 tribuniciae
990 1994 1286 2046 concedere
1300 1993 1591 2063 potestati.

321 2063 371 2114 9.
407 2012 483 2114 Ill.
522 2081 627 2133 quo
668 2082 736 2115 ue
762 2061 1093 2134 Calpurnius
1119 2063 1249 2116 Piso
1278 2063 1484 2129 consul,
1513 2081 1636 2115 cum
1660 2063 1717 2114 in
1745 2063 1827 2116 Si-

214 2130 339 2184 cilia
372 2131 576 2184 bellum
612 2082 877 2185 aduersus
913 2133 1179 2202 fugitiuos
1214 2141 1428 2202 gereret
1463 2139 1517 2185 et
1554 2132 1613 2185 O.
1644 2133 1825 2186 Titius

215 2202 459 2272 equitum
502 2203 811 2273 praefectus
868 2202 1288 2272 [fugitiuorum]
1341 2202 1690 2256 multitudine
1734 2203 1827 2256 ho-

145 2345 192 2379 30
217 2336 257 2379 8.
293 2333 501 2394 Papirius
538 2334 735 2381 dictator
771 2349 873 2381 cum
909 2335 1128 2381 aduersus
1163 2336 1401 2396 imperium
1439 2334 1538 2381 eius
1572 2333 1621 2388 Q.
1659 2334 1827 2380 Fabius

94 2386 190 2422 Par.
214 2402 452 2450 Rullianus
495 2404 714 2465 magister
759 2407 961 2465 equitum
1012 2406 1256 2452 exercitum
1300 2405 1345 2450 in
1391 2404 1530 2451 aciem
1581 2404 1824 2455 eduxisset,

214 2475 422 2534 quamuis
449 2474 697 2526 uictorem,
734 2477 889 2535 uirgas
919 2483 1067 2522 tamen
1094 2475 1294 2537 expediri
1329 2489 1523 2536 eumque
1548 2474 1708 2520 nudari
1731 2476 1825 2520 ius·

212 2546 286 2589 sit.
338 2546 380 2588 9.
406 2545 454 2590 L.
482 2543 752 2606 Calpurnius
778 2547 882 2592 Piso
911 2561 1005 2592 cos.
1034 2561 1136 2592 cum
1162 2548 1207 2592 in
1235 2545 1384 2592 Sicilia
1410 2545 1579 2591 bellum
1606 2545 1826 2591 aduersus

210 2614 433 2674 fugitiuos
473 2622 680 2676 gereret,
726 2624 771 2661 et
806 2616 851 2661 C.
880 2616 1026 2662 Titius
1062 2616 1320 2677 praefectus
1356 2617 1586 2663 sociorum
1621 2614 1826 2659 multitu-

324 2752 349 2791 3
370 2753 484 2790 nata
505 2751 547 2791 B
566 2749 587 2806 ss
606 2751 851 2805 filiorumq.
870 2754 894 2794 b
955 2756 978 2794 7
1000 2753 1244 2794 Rullianus
1259 2754 1302 2792 P
1318 2758 1361 2792 et
1380 2765 1458 2804 my.
1474 2750 1543 2791 B.-
1573 2748 1823 2790 rutilianus

207 2805 264 2854 B,
296 2807 393 2847 item
420 2806 539 2858 infra
605 2810 660 2849 26
688 2810 860 2853 tribun.
890 2808 991 2862 (sic)
1020 2809 1077 2858 B,
1107 2810 1395 2850 tribunorum
1425 2809 1527 2848 dett.
1594 2806 1648 2846 28
1679 2803 1729 2845 C.
1760 2805 1823 2844 P:

208 2875 285 2903 om.
307 2861 350 2902 B
418 2863 472 2904 29
503 2875 574 2914 eq.
603 2865 752 2916 praef.
776 2865 841 2905 B:
872 2866 1142 2919 praefectus
1165 2864 1391 2906 sociorum
1414 2864 1454 2904 P
1474 2859 1497 2917 Π
1522 2862 1824 2915 fugitiuorum

206 2931 284 2959 om.
307 2919 357 2968 P,
389 2919 487 2962 incl.
509 2919 674 2972 Kempf
