1936 3120
785 164 873 216 Xll,
892 189 953 198 —
969 163 1056 216 XV,
1081 165 1122 210 9.
1658 155 1763 210 507

223 284 268 328 2.
306 279 492 326 Veteres
517 279 706 326 Romani
733 278 786 325 ad
813 278 1121 338 frugalitatem
1150 276 1545 338 probandam-pro
1586 243 1936 332 foribusssl'g'¹¹'

163 351 478 403 uescebantur,
505 357 551 396 et
577 350 781 396 crebrius
808 349 935 410 pulte
964 363 1098 410 quam
1123 362 1255 409 pane.

261 424 303 467 3.
341 421 561 482 Spartana
608 422 767 467 ciuitas
814 420 1089 481 aliquamdiu
1136 420 1260 465 ciues
1307 433 1418 464 suos
1454 419 1577 464 adire
1612 419 1763 465 Asiam
1785 425 1824 471 6,
1849 425 1871 464 1

158 493 320 544 uetuit,
357 507 411 538 ex
435 499 560 538 metu
583 506 638 537 ne
666 491 889 537 luxuriam
927 492 1181 536 imitatione
1216 497 1587 536 consuescerent.
1640 503 1767 535 acce·

114 573 135 606 5
159 569 318 626 perant
354 564 472 608 enim
509 562 963 608 destrictissimorum
1010 561 1242 607 hominum
1279 561 1585 621 disciplinam,
1630 574 1765 621 supra

158 635 412 680 satietatem
439 634 532 679 illic
559 633 716 694 epulas
743 634 787 678 in
815 648 900 678 usu
924 646 1039 683 esse,
1067 639 1242 678 uestem
1266 631 1516 682 delicatam,
1543 632 1768 691 unguenti

158 704 358 754 odorem,
387 718 502 765 quae
530 706 664 750 etiam
693 718 880 750 seueros
908 703 1149 749 emolliunt
1176 717 1341 749 mores.

263 779 303 820 4.
343 775 474 820 lones
501 776 634 836 primi
660 776 705 820 in
733 776 958 821 conuiuiis
986 782 1218 835 unguenta
1246 787 1529 834 coronasque
1557 787 1762 834 sumpse·
1782 779 1823 825 6,
1849 779 1871 834 1
1919 779 1936 830 j

158 852 263 892 runt
299 853 345 892 et
380 845 655 891 induxerunt
690 845 914 891 secundae
954 859 1136 891 mensae
1176 845 1437 891 delicatiora
1474 845 1686 890 conuiuia
1723 850 1768 889 et

89 929 130 960 ιο
164 918 260 963 uini
285 917 497 963 haustum
523 916 806 962 uetustioris.
1913 974 1915 976 q

264 991 306 1032 5.
342 987 586 1033 Pausanias
613 1001 691 1033 rex
716 987 1190 1037 Lacedaemoniorum,
1227 993 1277 1032 ut
1313 987 1508 1047 primum
1543 987 1588 1031 in
1612 986 1762 1031 Asiam
1787 992 1825 1037 6,
1849 992 1871 1032 1
1909 986 1919 992 ’

159 1060 300 1109 uenit,
337 1059 381 1103 in
411 1059 507 1103 eius
534 1058 755 1104 luxuriam
782 1073 834 1103 ac
859 1058 1092 1103 lasciuiam
1119 1057 1299 1103 solutus
1327 1064 1396 1103 est
1424 1058 1766 1117 exercitumque
1932 1047 1933 1051 ¹

159 1129 433 1190 praedurum
460 1128 770 1188 indulgentius
798 1128 1002 1174 habendo
1031 1130 1246 1189 corrupit.

264 1202 305 1245 6.
345 1200 554 1260 Spartani
581 1200 836 1245 dimicaturi
858 1200 993 1245 tibiae
1020 1199 1203 1245 modulo
1232 1198 1582 1260 impellebantur
1602 1199 1646 1243 in
1670 1198 1762 1244 bel·
1784 1205 1824 1255 6,
1847 1205 1872 1244 2

94 1282 137 1315 15
159 1271 253 1317 lum
279 1271 568 1331 anapaestico
597 1277 758 1316 metro.
811 1271 928 1316 idem
966 1285 1126 1316 rursus
1163 1278 1208 1316 et
1246 1270 1444 1316 coccinis
1473 1271 1640 1315 tunicis
1667 1275 1766 1314 ute-

158 1341 324 1387 bantur
349 1343 395 1386 iu
417 1341 607 1402 proelio,
636 1356 692 1386 ne
715 1343 982 1402 sanguinem
1005 1356 1162 1387 eorum
1188 1342 1335 1387 hostis
1355 1341 1534 1386 uideret
1553 1340 1768 1386 alacrior-

161 1426 249 1473 que
276 1411 420 1462 fieret‚
449 1426 549 1457 cum
577 1426 625 1457 se
651 1412 820 1457 uulnus
847 1413 1058 1458 intulisse
1086 1420 1402 1472 cognosceret.

266 1487 306 1528 7.
356 1483 487 1543 Apud
531 1483 714 1528 eosdem
758 1483 1006 1543 Spartanos
1050 1485 1180 1544 pueri
1228 1484 1382 1528 uestiti
1427 1496 1564 1528 cocco
1609 1481 1764 1542 flagris
1786 1502 1851 1523 om.
1869 1494 1936 1523 va.

162 1554 440 1598 tenuissimis
469 1553 796 1604 caedebantur,
835 1554 1124 1600 hortantibus
1151 1555 1204 1599 ad
1233 1555 1495 1614 patientiam
1523 1553 1766 1599 uerberum

93 1637 140 1668 20
163 1623 452 1684 parentibus:
483 1637 676 1682 quorum
705 1639 951 1684 puerorum
978 1626 1015 1670 si
1044 1626 1144 1684 quis
1173 1625 1246 1670 uel
1276 1639 1441 1685 corpus
1469 1623 1768 1670 subtraxisset

162 1694 236 1739 uel
262 1700 395 1754 gestu
422 1693 575 1753 aliquo
603 1694 774 1740 doloris
803 1709 985 1740 sensum
1013 1695 1330 1755 significasset,
1366 1694 1690 1740 remouebatur
1716 1701 1766 1739 ut

163 1767 327 1810 uictus.
379 1764 648 1825 plerumque
676 1772 824 1810 autem
852 1781 998 1826 usque
1025 1768 1070 1810 in
1097 1766 1348 1825 periculum
1375 1767 1496 1810 uitae
1525 1772 1570 1810 et
1595 1765 1766 1825 largam

162 1836 395 1896 sanguinis
424 1835 689 1881 effusionem
726 1836 881 1895 plagas
910 1837 1193 1896 perferentes
1240 1836 1396 1896 quales
1433 1835 1574 1881 futuri
1614 1844 1766 1881 essent

162 1921 183 1951 a
212 1899 355 1967 prima
382 1913 528 1951 aetate
556 1906 903 1966 pollicebantur.

94 1989 140 2021 25
268 1978 308 2022 8.
350 1977 405 2022 Ut
429 1977 770 2022 Lacedaemonii
796 1978 1063 2023 militaribus
1091 1978 1359 2038 disciplinis,
1387 1979 1448 2022 ita
1467 1977 1765 2022 Athenienses
1787 1986 1826 2031 6,
1849 1987 1874 2025 3

164 2048 319 2093 ciuicis
357 2047 519 2093 officiis
556 2049 759 2107 impense
802 2049 1056 2094 studebant.
1110 2048 1203 2094 illic
1237 2056 1334 2094 erat
1372 2048 1580 2109 pulcrum
1618 2047 1768 2093 adole—

163 2125 363 2163 scentem
391 2118 575 2164 sortiter
601 2119 772 2170 facere,
808 2120 881 2165 hic
918 2119 1031 2165 bene
1069 2122 1114 2165 in
1151 2119 1252 2170 foro
1280 2119 1428 2165 dicere
1456 2120 1553 2164 siue
1582 2119 1768 2179 ingenio

162 2203 246 2234 suo
275 2190 491 2235 eminere.

267 2262 309 2305 9.
349 2261 580 2320 Principes
616 2260 960 2307 Atheniensium
996 2263 1115 2306 uitas
1154 2263 1353 2307 omnium
1395 2259 1689 2320 requirebant
1724 2266 1768 2305 et
1791 2271 1831 2318 (3,
1854 2269 1936 2312 4,5

97 2341 144 2374 30
166 2343 241 2374 eas
286 2343 314 2373 n
342 2330 542 2375 conciliis
571 2331 874 2390 publicabant,
902 2339 951 2376 ut
978 2332 1075 2377 laus
1104 2333 1177 2378 uel
1205 2347 1350 2392 poena
1371 2332 1544 2377 meritis
1573 2337 1768 2391 apteque

165 2399 501 2446 decerneretur.
553 2400 700 2446 bonos
742 2403 865 2446 ciues
901 2403 1035 2447 ramis
1073 2403 1250 2447 duobus
1288 2402 1436 2447 oliuae
1475 2403 1649 2446 innexis
1686 2416 1768 2461 pu-

164 2469 280 2516 blice
308 2469 600 2521 coronabant,
630 2472 707 2530 qui
735 2472 881 2517 honos
909 2473 1290 2532 primum'Pericli
1318 2473 1493 2518 delatus
1521 2479 1604 2517 est.
1651 2472 1768 2532 apud

279 2581 300 2619 l
324 2579 629 2632 fragilitatem
656 2580 688 2620 C
743 2582 771 2620 4
793 2579 863 2633 ex]
890 2585 934 2621 et
958 2581 990 2621 (J
1009 2578 1027 2635 Η
1047 2583 1163 2623 immo
1184 2581 1364 2621 luxuria
1393 2579 1412 2634 ll
1440 2585 1771 2634 cognoscerent

165 2635 260 2676 Μαί
316 2636 342 2676 5
363 2636 800 2677 districtissimorum
825 2638 857 2678 C
875 2635 893 2691 H
910 2637 1016 2689 fort.
1038 2637 1284 2691 disciplina
1343 2640 1368 2678 6
1390 2643 1640 2691 unguenta,
1665 2638 1770 2678 odo-

164 2705 236 2732 res
261 2692 543 2732 Kellerbauer
601 2693 627 2732 8
649 2693 849 2734 Paiones
874 2695 906 2734 C
973 2696 998 2735 9
1021 2695 1246 2735 secundae
1268 2693 1470 2748 mensae]
1496 2695 1603 2735 sede
1627 2695 1769 2734 mesie

165 2749 201 2789 G
259 2750 308 2788 11
332 2749 589 2789 Pausianas
615 2749 647 2789 0
664 2747 682 2803 Η
703 2754 872 2802 primus
894 2751 942 2790 in
964 2751 1111 2791 asiam
1134 2751 1247 2790 uidit
1270 2752 1303 2792 C
1350 2753 1402 2792 15
1426 2752 1654 2792 coccineis
1677 2751 1772 2791 Mai

166 2806 218 2845 17
242 2804 403 2844 fierent
426 2806 460 2845 C
499 2806 550 2845 18
571 2807 732 2845 uestiti
755 2820 856 2848 nos:
880 2807 1047 2847 etmitti
1071 2808 1116 2857 C,
1141 2808 1366 2848 confectis
1389 2808 1484 2848 Mai
1529 2810 1584 2848 26
1606 2808 1769 2847 ciuicis

165 2861 201 2902 G
219 2863 440 2902 distinete:
473 2862 651 2902 cunctis
673 2862 770 2903 Mai
845 2865 898 2904 27
920 2865 1105 2917 ingenio
1129 2877 1209 2905 suo
1231 2878 1331 2906 nos:
1362 2863 1612 2917 ingfinosus
1639 2864 1680 2910 0,
1703 2865 1771 2904 in-

165 2918 398 3013 genioslius
421 2918 517 2958 Mai
591 2920 645 2959 30
675 2920 723 2959 in
746 2919 952 2960 consiliis
974 2921 1213 2973 publicant
1235 2922 1268 2962 C
1337 2923 1391 2962 32
1411 2922 1555 2962 bonos
1578 2921 1768 2974 primmn

165 2975 323 3026 pericu
345 2975 358 3013 i
382 2975 415 3014 C
