1924 3152
599 98 718 144 CAP.
746 80 814 148 111,
839 97 937 143 Ext.
966 97 995 156 g
1023 100 1063 142 3.
1107 97 1192 148 1111,
1221 97 1249 156 g
1278 101 1341 170 1.x
1659 91 1764 144 243

145 204 309 260 foede
335 223 399 258 ac
418 204 808 258 miserabiliter
828 203 1092 275 dispersis
1106 204 1407 275 Oedipodis
1428 222 1571 269 ossa,
1599 203 1768 257 caede

145 276 338 348 patriS‚
355 275 561 346 nuptiis
582 275 773 328 matris
795 276 1184 343 contaminata,
1211 276 1356 327 inter
1373 275 1554 345 ipsum
1569 274 1767 327 Arium

187 365 380 416 agum‚
433 345 606 399 diuini
643 354 807 416 atque
841 346 1067 398 humani
1101 346 1414 400 certaminis
1450 344 1767 398 uenerabile

145 366 511 482 gomieilium,
550 425 605 469 et
641 415 915 469 excelsam
948 416 1221 487 praesidis
1255 416 1539 469 Mineruae
1584 434 1767 468 arcem

146 487 351 542 honore
376 505 505 539 arae
533 485 790 540 decorata
810 496 870 539 ut
897 505 1023 540 ossa
1043 488 1384 540 sacrosancti
1402 486 1582 540 herois
1603 485 1762 540 colis:
1790 503 1811 536 5

147 557 285 612 adeo
314 557 418 611 tibi
443 556 624 609 aliena
649 558 795 610 mala
821 558 931 610 tuis
959 557 1118 611 bonis
1146 559 1393 627 gratiora
1420 567 1564 610 sunt.
1647 557 1767 626 lege

145 630 332 699 itaque
359 627 557 698 legem,
587 646 727 699 quae
754 637 808 681 te
835 629 952 680 iure
986 627 1220 681 iurando
1249 628 1574 682 obstrictam
1599 635 1767 693 tenet,

146 707 201 752 et
226 699 356 770 quia
380 699 519 752 bene
546 699 754 751 meritis
784 697 973 751 debita
998 699 1229 751 reddere
1257 699 1500 770 praemia
1524 699 1768 764 noluisti,

146 769 312 822 laesis
345 770 494 821 iusta
529 768 747 839 piacula
782 768 1028 822 exsolue.
1090 779 1276 822 tacent
1320 779 1503 823 mutae
1549 769 1770 823 illorum

146 840 404 907 umbrae,
442 840 546 893 fati
571 841 901 892 necessitate
929 841 1282 893 constrictae:
1326 849 1408 907 at,
1437 840 1763 894 inmemores
1793 854 1835 886 10

147 909 540 964 beneficiorum
585 911 860 976 Athenae,
905 910 1384 981 reprehensionem
1427 910 1617 980 lingua
1662 929 1770 964 ser—

150 1000 310 1034 mone
335 981 524 1034 licenti
551 980 732 1034 soluta
757 1000 867 1034 non
893 989 1053 1033 tacet.

256 1079 394 1132 IIII.
412 1077 416 1083 ’
435 1078 544 1132 Sed
565 1079 877 1133 omittamus
904 1080 1153 1148 ingratos
1183 1089 1236 1133 et
1261 1081 1443 1151 potius
1468 1079 1534 1133 de
1561 1081 1667 1151 piis
1696 1079 1771 1133 lo-

149 1168 406 1221 quamur:
448 1151 728 1220 aliquanto
766 1150 911 1202 enim
947 1150 1118 1202 satius
1156 1160 1239 1203 est
1273 1150 1572 1204 fauorabili
1608 1169 1771 1222 quam

149 1220 360 1273 inuisae
394 1221 475 1272 rei
510 1223 725 1273 uacare.
790 1220 976 1273 uenite
1012 1221 1030 1272 i
1070 1221 1181 1274 itur
1214 1222 1272 1273 in
1304 1241 1498 1274 manus
1535 1230 1769 1287 nostraS,
1795 1235 1837 1267 15

149 1306 415 1363 prospera
449 1292 761 1361 parentium
795 1299 924 1343 uota
936 1332 950 1358 7
989 1239 1243 1346 felicibus
1280 1291 1539 1363 auspiciis
1577 1310 1772 1363 propa-

147 1370 312 1432 gatae
337 1360 581 1429 suboles,
635 1380 772 1433 quae
812 1361 1032 1415 efficitis
1068 1370 1130 1415 ut
1166 1371 1218 1415 et
1244 1364 1501 1432 genuisse
1536 1364 1692 1416 iuuet
1719 1370 1773 1416 et

149 1450 412 1502 generare
438 1432 625 1486 libeat.

187 1535 286 1582 DE
318 1522 628 1582 PIETATE
661 1535 847 1584 ERGA
885 1535 1249 1584 PARENTES
1288 1536 1384 1584 ET
1416 1535 1743 1585 FRATRES

267 1623 269 1625 ’
724 1605 819 1652 ΕΤ
852 1606 1190 1654 PATRIAM.
1795 1615 1836 1647 20

264 1687 312 1736 1.
352 1683 700 1749 Coriolanus,
728 1685 955 1736 maximi
980 1687 1066 1736 uir
1091 1686 1262 1737 animi
1288 1694 1341 1738 et
1368 1685 1623 1738 altissimi
1650 1704 1774 1738 con-

52 1757 67 1769 ⁷
154 1754 264 1808 silii
300 1755 608 1835 optimeque
647 1753 712 1809 de
747 1773 805 1806 re
840 1755 1063 1825 publica
1098 1756 1323 1807 meritus
1335 1795 1348 1820 ‚
1399 1755 1776 1825 iniquissimae

156 1825 525 1878 damnationis
577 1826 737 1876 ruina
786 1832 1124 1894 prost1·atUS‚
1177 1825 1248 1877 ad
1276 1824 1504 1878 Volscos
1541 1825 1773 1877 infestos

155 1904 288 1948 tunc
314 1895 576 1948 Romanis
607 1894 873 1964 confugit.
937 1914 1136 1964 magno
1162 1895 1367 1965 ubique
1393 1896 1569 1965 pretio
1595 1895 1772 1947 uirtus

155 1967 493 2019 aestimatur.
556 1966 739 2036 itaque
767 1983 872 2036 quo
909 1965 1148 2019 latebras
1186 1967 1494 2037 quaesitum
1526 1973 1773 2031 uenerat,
1798 1976 1840 2008 25

154 2036 236 2089 ibi
260 2037 417 2090 breui
445 2055 716 2089 summum
752 2045 837 2089 est
874 2035 1104 2107 adeptus
1131 2037 1449 2107 imperium,
1489 2036 1775 2106 euenitque

154 2116 216 2161 ut
242 2126 404 2178 quem
429 2125 527 2178 pro
567 2125 624 2159 se
653 2106 947 2159 salutarem
974 2108 1363 2178 imperatorem
1399 2107 1546 2160 ciues
1572 2106 1776 2160 habere

264 2240 358 2285 DE
391 2240 687 2306 PIETATE
721 2240 901 2286 ERGA
937 2239 1295 2286 PARENTES
1320 2238 1632 2285 FRATRES
1667 2239 1774 2284 ΡΑ·
1796 2249 1891 2284 Par.

163 2309 410 2383 ΤΒΙΑΜ.Δ
453 2313 492 2355 1.
531 2309 801 2355 Coriolanus
837 2311 1000 2370 pulsus
1024 2310 1182 2371 *patria
1218 2325 1320 2356 cum
1346 2310 1516 2356 bellum
1553 2311 1773 2356 aduersus

272 2446 300 2484 4
330 2449 377 2485 et
405 2458 482 2486 om.
506 2445 531 2485 b
558 2442 577 2498 Η
607 2445 801 2486 excelsis
833 2447 1078 2498 praesidiis
1100 2448 1154 2494 B,
1188 2461 1263 2487 em.
1286 2448 1568 2493 Mimneriuae
1598 2447 1656 2498 cf.
1680 2447 1778 2487 Liu.

161 2503 229 2548 45,
252 2503 322 2549 28,
346 2503 369 2540 1
391 2507 433 2541 et
457 2503 526 2548 31,
551 2503 621 2547 30,
646 2503 670 2540 9
699 2498 719 2555 [Ι
760 2515 866 2542 arce
890 2502 912 2542 b
999 2505 1024 2543 5
1048 2502 1268 2544 decorata
1289 2507 1341 2543 ut
1362 2516 1468 2544 ossa
1489 2503 1782 2543 sacrosancti

157 2557 313 2598 herois
346 2557 474 2598 colis·
493 2557 806 2610 Reifferscheid
835 2556 953 2610 (mus.
986 2560 1106 2600 rhen.
1142 2559 1243 2606 XV,
1267 2559 1375 2610 483)
1388 2573 1402 2598 .·
1433 2558 1675 2598 decoratos
1706 2570 1779 2598 sa·

160 2614 500 2655 crosanctiores
532 2613 648 2654 colis
679 2613 850 2664 (colles
878 2627 948 2666 pr.
978 2614 1056 2666 m.)
1089 2615 1151 2662 B,
1200 2614 1419 2655 decorata
1451 2615 1597 2654 sacris
1627 2614 1782 2655 sancti

158 2669 315 2711 herois
347 2670 462 2710 colis
491 2670 554 2709 M.
588 2669 778 2722 Seyffert
805 2671 848 2710 in
871 2670 1077 2714 Zeitselzr.
1104 2672 1139 2722 f.
1171 2673 1214 2712 d.
1247 2668 1627 2723 Gymnasialwesen
1656 2673 1778 2718 1861,

156 2739 203 2778 p.
230 2729 316 2767 300
373 2728 399 2767 9
422 2725 657 2766 exsolue**
678 2726 720 2766 B
790 2728 840 2766 11
864 2727 1266 2779 reprehensionem
1290 2740 1389 2768 nos:
1420 2727 1779 2779 reprehensione

133 2794 141 2802 2
161 2781 205 2822 Β
213 2796 229 2827 ,·
257 2785 448 2835 priorum
468 2788 644 2823 conatus
674 2784 718 2822 in
739 2785 830 2823 loco
853 2785 1136 2831 emendando,
1170 2785 1241 2837 qui
1253 2797 1340 2835 pro
1370 2785 1630 2825 conclamato
1652 2784 1782 2823 habe-

162 2837 304 2886 batur,
335 2853 376 2881 τι.
406 2840 525 2891 apud
548 2839 784 2891 Kempfium
814 2845 856 2879 et
883 2840 1170 2881 Foertsclzium
1201 2840 1241 2887 J,
1272 2843 1327 2880 22
1395 2842 1448 2880 25
1479 2853 1590 2892 quo*
1619 2840 1660 2878 B
1727 2840 1781 2879 26

163 2892 481 2935 breuissimum
503 2899 573 2936 est
595 2888 649 2935 B'

1420 2964 1525 3015 16*
