1924 3152
794 3 800 9 *
816 4 821 5 ⁷
833 3 838 10 ⁴
856 0 911 23 '⁹3⁴5'
927 3 941 17 .'
968 19 970 21 ,
982 0 1075 23 ’ἮῘΫΨΜ
1055 12 1058 14 v
1079 0 1112 22 ΞὛἾ
1113 0 1175 22 &ffl-
1173 0 1261 24 ‘³¹,‚*,'.{fflj,
1259 0 1296 26 ,ζ
1306 3 1378 25 .·-“·,··’,’
1443 19 1445 22 ⁴
1702 8 1712 21 ζ
1763 4 1765 6 “
1793 6 1811 26 ,1
1823 0 1866 23 ΓΤ
1896 2 1922 21 'a

941 36 945 39 ,
1085 26 1106 40 n:
1127 26 1132 29 -
1143 19 1195 42 ''1-
1213 20 1232 31 <s
1247 25 1277 32 .-
1306 29 1331 46 ,¹⁷
1352 38 1362 46 κ
1376 42 1382 47 ⁴
1397 34 1422 45 r„
1438 28 1507 48 ³5⁸2*st
1523 31 1541 38 ,
1558 28 1583 44 ,ὃ
1600 40 1605 44 ⁴
1642 21 1802 48 '2-.‚=‘‚†1·,;,*›‘7'*=.
1831 38 1837 42 ⁴
1849 25 1866 37 f„
1881 21 1900 34 κ
1921 25 1924 28 «

1028 56 1030 58 ,
1070 47 1077 52 ›-
1292 53 1293 56 ,
1482 55 1489 62 s
1563 48 1569 59 t
1582 46 1597 57 t»,
1664 48 1678 57 ι,
1687 44 1699 56 ⁸
1801 51 1812 63 κ,

100 198 119 207 ,
184 90 298 182 3410μ
880 138 977 183 Liss.
1017 109 1103 186 vn.

184 243 303 312 puit
329 242 705 295 condicionem
740 243 958 297 inbellis
986 264 1049 298 ac
1076 246 1272 299 timida
1308 248 1560 302 iuuentus
1597 251 1796 306 instru-

185 322 614 389 mentaquehsua
651 314 848 390 cupide
885 316 1083 389 nostris
1113 318 1294 370 cessit.
1370 338 1498 389 ergo
1527 320 1795 376 calliditas

185 383 338 435 ducis
371 383 611 452 prouidit
629 393 691 436 ut
712 385 871 455 quod,
901 387 947 438 si
966 390 1213 457 protinus
1236 390 1615 459 imperaretur,
1636 403 1798 462 graue

176 457 373 517 fuisset,
402 458 456 506 id
481 459 678 508 intento
704 456 856 525 prius
870 497 885 523 ,
915 457 1114 511 deinde
1139 460 1368 512 remisso
1395 461 1622 515 militiae
1649 471 1795 516 metu

140 538 160 571 5
183 524 481 575 maximum
507 524 834 578 beneficium
861 527 1032 581 fieret.

284 595 334 645 4.
377 594 538 660 Quod
566 598 811 667 sequitur
836 599 1171 651 narrandum
1198 609 1297 652 est.
1362 601 1428 667 Q.
1458 602 1662 656 Fabius
1688 603 1791 656 La-

180 667 279 719 beo
296 706 309 731 ,
347 666 552 718 arbiter
580 667 648 720 ab
677 676 870 720 senatu
897 669 1086 720 finium
1122 671 1626 726 constituendorum
1651 675 1793 726 inter

177 735 421 790 Nolanos
451 755 513 788 ac
541 737 936 808 Neapolitanos
967 740 1144 806 datuS,
1173 759 1297 792 cum
1322 743 1380 793 in
1404 761 1520 794 rem
1537 762 1790 813 praesen-

178 814 287 859 tem
314 808 584 874 uenisset,
623 818 884 880 utrosque
921 812 1217 880 separatim
1253 812 1463 865 monuit
1496 822 1558 865 ut
1585 814 1792 867 omissa

112 891 153 922 10
177 877 477 947 cupiditate
514 880 732 948 regredi
770 883 803 947 †
838 880 998 932 modo
1043 883 1418 935 controuersia
1463 902 1627 954 quam
1669 903 1789 955 pro-

174 948 329 1017 gredi
368 948 608 1001 mallent.
671 949 836 1021 idque
873 969 995 1003 cum
1031 961 1268 1023 utraque
1300 971 1428 1023 pars
1466 954 1790 1008 auctoritate

172 1020 279 1071 uiri
315 1029 460 1070 mota
494 1019 742 1087 fecisset,
790 1021 1129 1091 aliquantum
1163 1024 1221 1074 in
1256 1022 1437 1077 medio
1475 1025 1637 1077 uacui
1672 1027 1791 1094 agri

172 1088 423 1142 relictum
453 1100 551 1143 est.
605 1092 915 1144 constitutis
945 1091 1142 1145 deinde
1168 1093 1368 1147 finibus
1395 1103 1456 1147 ut
1481 1096 1589 1165 ipsi
1609 1096 1791 1148 termi-

171 1170 463 1227 nauerant,
504 1161 768 1232 quidquid
805 1162 1002 1233 reliqui
1038 1163 1137 1215 soli
1173 1163 1279 1216 fuit
1314 1164 1513 1235 populo
1541 1165 1788 1219 Romano

107 1242 149 1275 15
174 1230 531 1284 adiudicauit.
618 1241 859 1284 ceterum
910 1234 1014 1285 etsi
1064 1234 1423 1287 circumuenti
1472 1235 1675 1289 Nolani
1724 1254 1789 1288 ac

172 1301 521 1372 Neapolitani
549 1303 701 1372 queri
726 1303 862 1354 nihil
887 1312 1200 1374 potuerunt,
1229 1306 1528 1358 secundum
1546 1306 1789 1376 ipsorum

173 1372 698 1425 demonstrationem
749 1374 896 1433 dicta
947 1375 1248 1441 sententia,
1301 1376 1552 1445 improbo
1603 1385 1786 1429 tamen

171 1444 598 1512 praestigiarum
625 1462 822 1512 genere
849 1463 1054 1497 nouum
1075 1445 1288 1498 ciuitati
1307 1456 1529 1499 nostrae
1550 1446 1786 1516 uectigal

165 1514 416 1575 accessit.
468 1515 697 1566 eundem
725 1515 927 1581 ferunt,
957 1534 1078 1566 cum
1107 1534 1139 1567 a
1164 1534 1293 1584 rege
1305 1516 1598 1583 Antiocho,
1627 1536 1786 1587 quem

106 1596 149 1628 20
170 1583 314 1636 bello
344 1592 727 1653 superauerat,
766 1603 835 1636 ex
860 1585 1085 1638 foedere
1119 1586 1227 1638 icto
1267 1585 1548 1638 dimidiam
1573 1595 1786 1657 partem

169 1654 393 1706 nauium
421 1657 668 1724 accipere
696 1655 947 1723 deberet,
975 1656 1186 1708 medias
1216 1675 1400 1709 omnes
1430 1657 1696 1724 secuisse,
1724 1666 1785 1711 ut

171 1743 294 1776 eum
320 1734 434 1778 tota
461 1725 635 1777 classe
662 1726 923 1796 priuaret.

274 1795 325 1848 5.
365 1796 508 1847 Nam
534 1795 609 1847 M.
639 1796 882 1849 Antonio
924 1797 1313 1850 remittendum
1352 1799 1655 1850 conuicium
1683 1807 1782 1865 est,

169 1866 262 1936 qui
289 1866 493 1919 idcirco
522 1886 578 1918 se
606 1867 790 1920 aiebat
815 1866 1021 1919 nullam
1047 1868 1351 1921 orationem
1371 1869 1676 1938 scripsisse,
1704 1871 1780 1933 ut,

105 2005 147 2038 25
171 2005 338 2044 uentus
364 2000 760 2059 instrumentoque
788 2014 870 2044 suo
899 2002 1072 2045 nostris
1099 2000 1244 2045 libens
1273 2003 1422 2046 cessit.
1472 2006 1513 2045 4.
1540 2001 1588 2056 Q.
1617 2001 1781 2046 Fabius

53 2045 145 2081 Par.
169 2068 318 2115 Labeo
356 2069 527 2114 arbiter
554 2085 575 2114 a
606 2078 765 2115 senatu
804 2069 962 2115 finium
986 2071 1410 2116 constituendorum
1437 2073 1556 2116 inter
1580 2071 1780 2118 Nolanos

167 2147 214 2186 et
238 2140 563 2200 Neapolitanos
589 2141 720 2184 datus
750 2140 989 2199 separatim
1026 2142 1206 2185 monuit
1243 2149 1292 2185 ut
1331 2142 1497 2186 omissa
1532 2141 1780 2201 cupiditate

167 2211 348 2269 regredi
384 2211 526 2269 magis
565 2224 698 2270 quam
734 2211 950 2269 progredi
988 2211 1187 2255 mallent.
1262 2211 1399 2271 idque
1439 2225 1541 2256 cum
1585 2218 1779 2272 utraque

166 2295 273 2341 pars
309 2281 519 2332 fecisset,
557 2280 822 2326 constitutis
858 2280 1046 2332 finibus,
1090 2281 1209 2341 quod
1247 2284 1290 2326 in
1318 2281 1466 2327 medio
1504 2282 1667 2342 reliqui
1693 2282 1779 2328 soli

102 2359 144 2391 30
167 2351 336 2402 fuerat,
373 2351 544 2412 populo
573 2352 774 2398 Romano
815 2351 1106 2398 adiuclicauit,
1182 2355 1222 2395 5.
1264 2352 1318 2397 M.
1346 2353 1571 2398 Antonius
1609 2353 1775 2399 idcirco
1833 2361 1845 2368 ⁷

282 2491 303 2528 1
345 2490 743 2541 instrumentoque
774 2502 855 2530 suo
886 2490 963 2537 Pb,
995 2490 1109 2530 haud
1126 2492 1214 2530 scio
1237 2503 1291 2529 an
1313 2496 1429 2530 recte
1452 2491 1511 2542 cf.
1533 2504 1576 2543 p.
1601 2492 1699 2539 359,
1724 2493 1778 2530 15

166 2547 191 2584 2
216 2558 324 2598 erga
347 2539 403 2586 B'
453 2549 478 2586 3
496 2550 547 2586 ut
570 2548 609 2586 si
632 2546 752 2598 quod
772 2546 815 2586 B
835 2543 854 2599 ΙΙ
875 2550 1004 2599 grato
1030 2545 1243 2599 (grauate
1265 2546 1306 2595 b)
1330 2547 1456 2599 prius
1479 2547 1540 2592 B,
1573 2559 1694 2600 quam
1715 2548 1776 2586 la-

165 2616 311 2643 cunam
331 2604 416 2655 ipsi
435 2606 695 2655 expleuimzts
763 2604 787 2642 7
811 2604 867 2642 ab
890 2615 991 2644 nos:
1023 2603 1081 2642 ad
1102 2603 1160 2654 B,
1186 2616 1213 2643 a
1236 2603 1298 2642 Pb
1372 2605 1424 2643 10
1446 2602 1576 2642 modo
1601 2606 1777 2643 contro-

164 2659 318 2698 uersia
350 2659 392 2698 B
421 2673 458 2698 m
499 2660 725 2711 (controu.
757 2661 800 2699 in
830 2659 872 2698 B
899 2661 1086 2711 punem,
1130 2673 1206 2700 om.
1237 2660 1289 2706 P,
1319 2659 1450 2699 modo
1483 2662 1775 2699 controuerso

164 2714 308 2767 Piqlzz‘z'
322 2717 469 2761 codd„
502 2729 529 2755 a
552 2715 680 2756 modo
705 2716 991 2756 controuersi
1013 2716 1115 2769 agri
1142 2716 1282 2763 Torr„
1302 2717 1409 2768 fort.
1433 2716 1487 2755 de
1513 2714 1643 2755 modo
1669 2726 1775 2754 con-

164 2772 420 2811 trouersiae
453 2772 539 2819 (uel
566 2773 908 2823 controuerso);
949 2773 1002 2812 de
1031 2786 1122 2814 uoe.
1152 2772 1311 2812 modus
1332 2786 1370 2812 u.
1394 2772 1454 2812 ad
1471 2772 1612 2812 Rheae.
1633 2772 1706 2813 lat.
1728 2784 1772 2823 p.

167 2829 264 2875 379,
289 2830 346 2867 13
426 2829 477 2867 11
499 2833 692 2881 utroque
715 2822 769 2868 B'
849 2830 902 2869 14
924 2828 1145 2880 quicquid
1167 2828 1208 2868 B
1283 2829 1334 2870 15
1357 2827 1569 2868 circumti
1586 2819 1643 2867 B'
1723 2828 1774 2867 17

162 2884 371 2936 improba
391 2887 423 2924 t.
446 2886 799 2937 praestigiorum
822 2879 874 2926 B'
935 2887 989 2926 23
1009 2886 1108 2925 Iam
1129 2884 1152 2925 b
1173 2881 1193 2939 [Ι
1223 2885 1473 2925 conuitium
1491 2876 1548 2923 B'

276 2942 330 2981 27
352 2942 529 2982 monuit
548 2954 624 2981 om.
655 2942 704 2980 V-
