1878 3132
213 101 281 152 60
918 103 1018 147 LlB.
1058 104 1104 147 ΙΙ.

211 213 391 264 ximus
429 231 458 261 a
494 211 692 262 Libero
727 218 879 278 patre
915 210 1370 278 intemperantiae
1404 210 1608 278 gradus
1643 211 1711 263 ad
1737 211 1815 262 in-

214 300 524 335 concessam
560 297 813 330 uenerem
849 297 967 330 esse
1003 279 1301 332 consueuit.
1355 287 1598 332 ceterum
1622 290 1685 334 ut
1708 300 1818 334 non

213 353 385 403 tristis
415 368 598 402 earum
626 356 677 400 et
702 348 926 401 horrida
951 348 1218 419 pudicitia
1231 389 1245 415 7
1277 349 1372 402 sed
1399 358 1451 402 et
1476 350 1704 403 honesto
1731 369 1815 404 co-

214 422 418 473 mitatis
447 437 642 488 genere
670 427 973 488 temperata
1001 420 1639 489 esset—indulgentibus
1667 439 1815 472 narm-

171 516 189 547 5
213 510 312 560 que
340 490 550 542 maritis
578 499 631 541 et
658 508 787 541 auro
817 488 1118 541 abundanti
1145 497 1198 541 et
1223 490 1394 542 multa
1419 509 1660 562 purpura
1685 510 1816 543 usae

213 570 336 612 sunt
363 591 445 625 ——‚
486 579 588 630 quo
618 559 851 610 formam
889 578 1044 610 suam
1080 560 1479 613 concinniorem
1517 561 1814 626 efficerent,

212 650 421 682 summa
443 649 566 682 cum
588 629 870 698 diligentia
897 628 1123 699 capillos
1146 631 1325 683 cinere
1345 630 1653 684 rutilarunt.
1680 631 1816 683 nulli

213 703 356 753 enim
400 710 528 752 tunc
564 700 955 752 ”subsessorum
1004 699 1303 752 alienorum
1347 702 1817 754 matrimoniorum

211 773 350 824 oculi
394 770 801 836 metuebantur,
855 769 951 823 sed
995 771 1199 839 pariter
1234 771 1507 823 et'uidere
1545 780 1731 825 sancte
1764 780 1817 823 et

150 867 188 896 10
212 842 382 912 aspici
406 850 592 893 mutuo
621 841 826 910 pudore
854 841 1279 893 custodiebatur.

316 926 365 977 6.
408 926 669 990 Quotiens
706 942 834 976 uero
871 925 1012 976 inter
1052 926 1230 976 uirum
1268 935 1320 977 et
1355 944 1583 977 uxorem
1609 924 1816 995 aliquid

211 997 353 1064 iurgi
380 997 777 1060 intercesserat,
807 995 863 1045 in
885 995 1142 1047 sacellum
1164 995 1298 1047 deae
1310 996 1640 1066 Viriplacae,
1670 994 1815 1066 quod

212 1075 293 1118 est
319 1067 374 1116 in
400 1066 638 1127 Pala-tic,
679 1066 1000 1130 ueniebant,
1040 1075 1093 1117 et
1121 1066 1198 1118 ibi
1223 1067 1459 1118 inuicem
1484 1067 1652 1119 locuti
1678 1084 1816 1136 quae

209 1136 507 1202 uoluerant,
536 1135 886 1188 contentione
913 1137 1218 1188 animorum
1245 1136 1501 1206 deposita„
1519 1136 1814 1189 concordes

148 1228 186 1258 15
208 1206 638 1258 reuertebantur.
693 1205 795 1257 dea
831 1225 1029 1258 nomen
1054 1205 1155 1259 hoc
1182 1225 1213 1257 a
1239 1206 1522 1276 placandis
1548 1207 1683 1257 uiris
1710 1204 1814 1257 fer-
1873 1204 1878 1209 ’

210 1286 295 1328 tur
321 1277 604 1341 adsecuta,
644 1276 955 1327 ueneranda
986 1275 1203 1345 quidem
1230 1285 1284 1327 et
1310 1276 1489 1328 nescio
1516 1294 1585 1327 an
1609 1276 1815 1346 praeci—

207 1347 327 1416 puis
357 1356 409 1399 et
437 1347 723 1416 exquisitis
754 1346 1039 1398 sacrificiis
1076 1347 1329 1412 colenda,
1365 1354 1552 1415 utpote
1588 1345 1814 1398 cotidia-

208 1436 308 1468 nae
336 1435 398 1468 ac
426 1417 755 1469 domesticae
781 1418 932 1486 pacis
960 1425 1160 1483 custos7
1188 1418 1242 1468 in
1270 1417 1391 1486 pari
1415 1417 1543 1485 iugo
1571 1416 1814 1468 caritatis

209 1488 328 1556 ipsa
366 1488 447 1537 sui
483 1486 847 1556 appellatione
895 1488 1143 1540 uirorum
1194 1487 1471 1538 maiestati
1507 1486 1750 1539 debitum
1784 1504 1815 1536 a

147 1578 189 1608 ευ
210 1557 427 1608 feminis
457 1557 688 1608 reddens
717 1556 994 1609 honorem.

316 1641 363 1691 7.
402 1640 578 1692 Huius
616 1640 764 1691 modi
800 1641 945 1692 inter
981 1642 1236 1708 coniuges
1264 1639 1616 1691 uerecundia:
1667 1639 1812 1710 quid,

207 1710 347 1761 inter
382 1719 588 1761 ceteras
624 1710 1053 1762 necessitudines
1104 1728 1279 1763 nonne
1323 1717 1551 1779 apparet
1593 1728 1815 1762 consen-

207 1781 405 1831 tanea?
457 1799 581 1830 nam
617 1789 678 1832 ut
715 1780 938 1833 minimo
975 1780 1177 1833 indicio
1216 1780 1514 1831 maximam
1546 1780 1660 1830 uim
1699 1780 1813 1831 eius

208 1851 533 1918 significem,
587 1850 925 1920 aliquamdiu
973 1870 1071 1903 nec
1111 1858 1267 1920 pater
1303 1869 1425 1903 cum
1461 1849 1572 1901 filio
1610 1849 1815 1919 pubere

146 1940 185 1969 ‘25
208 1939 305 1971 nec
334 1939 485 1972 socer
513 1939 634 1971 cum
661 1939 860 1989 genero
894 1921 1199 1974 lauabatur.
1263 1921 1614 1971 manifestum
1647 1920 1817 1987 igitur

210 1999 290 2040 est
316 1998 526 2041 tantum
562 1992 844 2059 religionis
883 1991 1134 2059 sanguini
1175 1998 1228 2042 et
1255 1989 1525 2042 adfinitati
1553 1997 1815 2069 quantum

208 2060 338 2127 ipsis
378 2059 460 2110 dis
496 2061 875 2114 inmortalibus
912 2061 1204 2126 tributum,
1244 2061 1372 2129 quia
1407 2060 1548 2111 inter
1571 2067 1678 2111 ista
1704 2067 1815 2111 tam

210 2138 395 2181 sancta
421 2130 638 2182 uincula
663 2151 772 2184 non
798 2132 972 2200 magis
1038 2149 1162 2182 uam
1183 2131 1238 2183 in
1259 2129 1438 2200 aliquo
1463 2137 1675 2183 sacrato
1697 2128 1814 2182 1000

211 2199 414 2250 nudare
443 2218 498 2250 se
525 2202 678 2253 nefas
708 2221 826 2254 esse
853 2202 1014 2255 crede
1057 2209 1197 2253 atur.

147 2358 188 2390 30
215 2344 572 2403 prolaberentur.
658 2350 696 2392 6.
751 2348 970 2403 Quotiens
1005 2348 1124 2393 inter
1159 2349 1306 2392 uirum
1347 2354 1392 2391 et
1426 2358 1611 2390 uxorem
1647 2344 1815 2404 aliquid

95 2398 186 2431 Par.
213 2413 345 2471 iurgii
384 2417 725 2466 intercesserat,
764 2420 807 2462 in
847 2418 1061 2464 sacellum
1100 2419 1206 2463 deae
1244 2416 1490 2477 VIriplacae
1524 2417 1570 2460 in
1597 2414 1814 2460 Palatium

211 2484 473 2535 ueniebant,
512 2492 556 2530 ct
584 2486 644 2531 ibi
672 2489 865 2532 inuicem
892 2488 1033 2534 locuti
1062 2501 1175 2548 quae
1201 2487 1445 2532 uoluerant
1471 2485 1720 2531 concordes
1747 2499 1817 2529 re-

210 2554 514 2600 uertcbantur.
578 2556 658 2601 (lea
695 2571 858 2602 nomen
898 2559 985 2604 hoc
1021 2573 1043 2603 a
1071 2557 1300 2618 placandis
1338 2558 1448 2602 uiris
1488 2556 1698 2601 adsecuta
1727 2562 1812 2599 est.

209 2625 248 2666 7.
290 2624 574 2681 Aliquamdiu
601 2640 681 2670 nec
709 2635 835 2686 pater
871 2642 970 2672 cum
1007 2628 1100 2673 filio
1130 2627 1300 2687 pubere
1336 2641 1418 2672 nec
1444 2639 1575 2672 socer
1611 2638 1709 2670 cum
1738 2637 1816 2683 ge-

324 2774 348 2811 3
379 2775 423 2811 et
444 2786 518 2812 om.
544 2775 640 2814 edd.
664 2782 762 2817 uett.
825 2779 849 2817 8
879 2778 1170 2824 subsessores
1195 2778 1237 2818 Γ
1295 2778 1346 2816 10
1380 2773 1727 2815 custodiebatur
1747 2773 1813 2812 B:

211 2827 589 2867 custodiebantur
606 2832 705 2870 (lett.
771 2834 820 2872 17
843 2838 888 2872 et
898 2835 1132 2876 edd.zcett.:
1152 2833 1284 2872 sedB
1346 2833 1397 2871 18
1413 2829 1646 2882 inpatiB:
1667 2830 1814 2880 inquo

210 2883 310 2934 pari
333 2885 450 2930 dete„
475 2884 521 2923 in
546 2883 699 2936 copari
728 2887 888 2927 Vahlen
913 2890 963 2928 19
990 2904 1014 2928 a
1038 2890 1077 2928 I.
1110 2890 1308 2928 Vossius:
1331 2900 1385 2927 ac
1408 2887 1448 2925 B
1508 2888 1561 2926 25
1583 2898 1750 2938 genere
1773 2885 1815 2924 B
