1924 3152
1071 0 1193 12 ⁷·-tvwsv

229 131 332 184 258
939 135 1038 180 LIB.
1077 135 1128 179 V.

229 243 496 313 inclytum
550 241 858 293 destructae
910 242 1219 312 tyrannidis
1269 261 1405 313 opus
1451 243 1610 296 laude
1659 262 1843 296 cumu-

230 314 382 366 lauit.

308 397 313 413 ‘
338 384 388 435 3.
425 381 818 434 Themistocles
840 390 1040 450 autem,
1063 401 1224 454 quem
1244 385 1420 436 uirtus
1443 402 1544 436 sua
1563 384 1845 450 uictorem,

231 453 432 505 iniuria
457 452 670 522 patriae
697 453 1082 523 imperatorem
1109 454 1399 506 Persarum
1434 454 1665 522 fecerat,
1701 461 1764 507 ut
1790 472 1847 507 se

188 541 208 574 5
232 525 301 577 ab
330 542 395 575 ea
422 523 795 593 obpugnanda
821 523 1150 591 abstineret,
1177 525 1432 594 instituto
1461 524 1728 578 sacrificio
1756 543 1846 578 ex-

230 602 450 664 ceptum
474 600 668 664 patera
693 594 838 645 tauri
864 597 1186 664 sanguinem
1211 594 1411 662 hausit,
1439 604 1493 648 et
1518 602 1644 647 ante
1669 596 1849 666 ipsam

231 683 384 717 aram
421 664 580 745 quasi
615 665 885 734 quaedam
918 665 1140 735 pietatis
1169 664 1317 717 clara
1343 665 1847 728 uictima-concidit.

232 753 337 806 quo
373 734 592 806 quidem
627 741 742 786 tam
775 735 1119 788 memorabili
1155 736 1271 787 eius
1310 754 1539 788 excessu
1575 754 1644 788 ne
1679 735 1847 788 Grae-

233 807 350 858 ciae
377 804 547 858 altero
574 805 940 857 Themistocle
966 824 1102 875 opus
1131 813 1276 858 esset
1302 806 1551 858 effectum
1583 814 1682 858 est.

169 896 210 926 10
337 876 388 928 4.
431 875 689 946 Sequitur
715 876 960 927 eiusdem
985 877 1199 944 generis
1228 875 1554 946 exemplum.
1617 893 1742 928 cum
1770 875 1848 926 in-

231 955 315 1000 ter
348 945 748 1015 Karthaginem
785 955 838 998 et
876 946 1121 1015 Cyrenas
1167 946 1234 998 de
1268 947 1427 999 modo
1463 946 1581 1015 agri
1618 947 1848 1013 pertina-

232 1018 455 1070 cissima
480 1017 756 1069 contentio
785 1025 948 1083 esset,
976 1017 1045 1069 ad
1070 1015 1323 1069 ultimum
1348 1016 1554 1088 placuit
1573 1017 1850 1087 utrimque

232 1087 427 1142 eodem
460 1097 704 1156 tempore
739 1087 964 1139 iuuenes
1001 1087 1144 1140 mitti
1183 1095 1236 1139 et
1271 1086 1479 1155 locum,
1516 1089 1575 1139 in
1609 1105 1771 1159 quem
1792 1085 1850 1137 hi

233 1159 632 1224 conuenissent,
661 1157 825 1209 finem
851 1158 1119 1210 ambobus
1146 1158 1340 1210 haberi
1365 1158 1599 1229 populis.
1660 1175 1851 1210 uerum

169 1248 210 1280 15
232 1229 334 1282 hoc
359 1236 581 1299 pactum
605 1227 1098 1297 Karthaginienses
1128 1228 1232 1281 duo
1260 1228 1459 1280 fratres
1486 1229 1706 1282 nomine
1725 1226 1850 1279 Phi-

229 1300 377 1352 laeni
401 1299 632 1370 perfidia
657 1307 1174 1368 praecucurrerunt,
1214 1299 1353 1351 citra
1379 1299 1733 1352 constitutam
1758 1297 1850 1349 ho-

230 1389 349 1422 ram
383 1377 657 1421 maturato
697 1387 891 1436 gressu
935 1369 992 1419 in
1027 1367 1242 1438 longius
1279 1369 1542 1439 promotis
1585 1367 1849 1420 terminis,

267 1439 380 1493 uod
407 1457 529 1490 cum
553 1437 954 1491 intellexissent
974 1438 1369 1508 Cyrenensium
1389 1441 1632 1505 iuueneS,
1662 1438 1757 1491 diu
1785 1437 1852 1489 de
1887 1462 1904 1466 ··

231 1459 454 1562 (ilallacia
476 1526 660 1561 eorum
679 1510 875 1579 questi,
896 1517 1170 1579 postremo
1192 1510 1493 1562 acerbitate
1507 1507 1849 1562 'condicionis

170 1600 212 1632 20
235 1580 491 1632 iniuriam
518 1580 793 1631 discutere
819 1579 998 1632 conati
1026 1587 1173 1631 sunt:
1218 1579 1478 1632 dixerunt
1512 1597 1746 1650 namque
1773 1578 1852 1629 sic

237 1669 363 1703 eum
388 1650 551 1702 finem
578 1658 760 1702 ratum
787 1649 904 1701 fore
920 1690 933 1715 ‚
973 1650 1020 1701 si
1046 1648 1295 1701 Philaeni
1322 1651 1475 1702 uiuos
1502 1649 1583 1703 ibi
1609 1667 1667 1701 se
1694 1649 1853 1702 obrui

235 1721 386 1792 passi
414 1730 620 1774 essent„
654 1720 749 1772 sed
776 1719 1000 1773 consilio
1029 1728 1255 1772 euentus
1284 1739 1391 1773 non
1417 1719 1725 1790 respondit:
1772 1717 1853 1770 illi

237 1793 382 1844 enim
424 1789 575 1843 nulla
617 1791 941 1861 interposita
984 1809 1139 1844 mora
1178 1809 1409 1861 corpora
1453 1808 1552 1842 sua
1594 1791 1661 1842 iis
1705 1797 1854 1842 terra

237 1862 533 1932 operienda
576 1861 935 1913 tradiderunt.
996 1862 1090 1932 qui
1135 1862 1391 1931 quoniam
1435 1861 1647 1931 patriae
1727 1877 1854 1912 uam

172 1954 215 1985 25
237 1935 385 1985 uitae
422 1950 552 1984 suae
587 1932 863 2000 longiores
901 1932 1160 1984 terminos
1199 1950 1317 1983 esse
1343 1933 1678 1998 maluerunt,
1755 1948 1853 1982 ene

238 2003 418 2055 iacent
429 2043 443 2069 7
479 2002 734 2054 manibus
772 2009 826 2053 et
860 2002 1073 2055 ossibus
1110 2002 1223 2053 suis
1262 2001 1490 2054 dilatato
1516 2002 1723 2054 Punico
1758 2001 1854 2052 im-

125 2156 219 2189 Par.
244 2134 385 2180 debeo
414 2134 571 2178 uidear
598 2133 841 2194 rettulisse.
894 2135 934 2177 3.
973 2132 1299 2178 Themistocles
1325 2134 1469 2193 patria
1497 2133 1670 2193 pulsus,
1698 2146 1754 2177 ne
1780 2132 1854 2177 ad-

240 2219 405 2250 uersus
425 2204 546 2249 illam
566 2205 812 2249 exercitum
833 2203 1035 2256 duceret,
1058 2203 1175 2248 tauri
1194 2205 1460 2261 sanguinem
1479 2202 1643 2248 hausit.
1680 2206 1721 2246 4.
1745 2201 1854 2247 Cum

239 2277 360 2320 inter
379 2274 694 2333 Carthaginem
717 2280 762 2318 et
781 2274 976 2333 Cyrenas
1004 2273 1057 2317 de
1084 2273 1178 2332 agri
1205 2273 1336 2319 modo
1365 2273 1722 2334 pertinacissima
1749 2286 1855 2318 con-

176 2363 218 2395 30
244 2346 384 2390 1611110
410 2352 546 2394 esset,
574 2344 745 2404 placu1t
766 2344 994 2404 utrimque
1021 2343 1176 2389 eodem
1199 2351 1406 2404 tempore
1427 2347 1612 2390 iuuenes
1632 2343 1686 2389 ad
1706 2343 1854 2389 locum

243 2417 375 2460 mitti.
427 2416 516 2461 hoc
541 2421 720 2475 pactum
759 2415 848 2460 duo
885 2415 1050 2459 fratres
1077 2414 1499 2474 Carthaginensium
1525 2414 1727 2459 Philaeni
1752 2427 1855 2474 per-

238 2486 342 2531 fidia
377 2493 811 2547 praecucurrerunt:
861 2491 1086 2531 maturato
1123 2487 1241 2530 enim
1270 2485 1466 2531 aduentu
1492 2485 1687 2530 ulterius
1712 2484 1858 2529 adhuc

241 2558 461 2603 terminos
487 2562 756 2618 posuerunt.
810 2556 1087 2617 Cyrenenses
1115 2557 1192 2602 diu
1218 2556 1273 2602 de
1300 2555 1476 2602 fallacia
1512 2569 1668 2601 eorum
1705 2555 1854 2615 questi

242 2627 476 2678 dixerunt,
515 2630 580 2673 sic
610 2641 711 2672 eum
739 2626 872 2673 finem
898 2634 1046 2672 ratum
1075 2627 1195 2676 fore,
1233 2628 1271 2672 si
1297 2641 1345 2672 se
1370 2626 1570 2672 Philaeni
1607 2627 1740 2670 uiuos
1777 2624 1855 2670 ob—

362 2766 383 2803 1
415 2763 667 2806 destrictae
690 2765 732 2804 B
803 2767 826 2805 7
858 2762 1005 2818 aram]
1042 2777 1168 2804 arma
1191 2764 1232 2803 B
1303 2765 1352 2803 11
1386 2762 1516 2803 modo
1538 2763 1600 2802 P:
1629 2762 1855 2815 magnoB

251 2821 302 2860 13
332 2819 490 2860 eodem
512 2821 572 2859 P:
595 2820 797 2873 eodemq.
822 2821 862 2861 B
942 2823 993 2862 15
1015 2820 1194 2873 phileni
1215 2820 1300 2860 BP
1317 2825 1360 2859 et
1377 2820 1438 2859 sie
1458 2818 1578 2870 infra
1653 2819 1704 2858 16
1726 2831 1851 2871 prae-

249 2888 492 2916 cucurrere
515 2886 542 2919 ς
601 2879 654 2917 23
676 2877 746 2917 his
770 2877 810 2916 B

361 2934 415 2972 27
437 2931 581 2972 debeo
603 2935 654 2971 ut
676 2933 795 2973 idem
817 2933 1053 2974 retulisset
1080 2935 1206 2986 Vpr.
1229 2945 1279 2972 m.
1339 2933 1392 2973 32
1416 2934 1462 2971 et
1478 2933 1536 2972 -35
1559 2930 1734 2984 phileni
1762 2931 1804 2970 V
