<?xml version="1.0" encoding="UTF-8"?>
<!DOCTYPE html PUBLIC "-//W3C//DTD XHTML 1.0 Transitional//EN"
    "http://www.w3.org/TR/xhtml1/DTD/xhtml1-transitional.dtd">
<html xmlns="http://www.w3.org/1999/xhtml" xml:lang="en" lang="en">
 <head>
  <title>
</title>
<meta http-equiv="Content-Type" content="text/html;charset=utf-8" />
  <meta name='ocr-system' content='tesseract 3.04.00' />
  <meta name='ocr-capabilities' content='ocr_page ocr_carea ocr_par ocr_line ocrx_word'/>
</head>
<body>
  <div class='ocr_page' id='page_1' title='image "./factorumetdictor00valeuoft_0120.png"; bbox 0 0 1878 3132; ppageno 0'>
   <div class='ocr_carea' id='block_1_1' title="bbox 1361 0 1766 33">
    <p class='ocr_par' dir='ltr' id='par_1_1' title="bbox 1361 0 1766 33">
     <span class='ocr_line' id='line_1_1' title="bbox 1361 0 1766 33; baseline 0 3099"><span class='ocrx_word' id='word_1_1' title='bbox 1361 0 1766 33; x_wconf 95' lang='lat' dir='ltr'> </span> 
     </span>
    </p>
   </div>
   <div class='ocr_carea' id='block_1_2' title="bbox 206 144 1100 196">
    <p class='ocr_par' dir='ltr' id='par_1_2' title="bbox 206 144 1100 196">
     <span class='ocr_line' id='line_1_2' title="bbox 206 144 1100 196; baseline -0.007 0"><span class='ocrx_word' id='word_1_2' title='bbox 206 144 273 196; x_wconf 77' lang='grc'>92</span> <span class='ocrx_word' id='word_1_3' title='bbox 911 146 1011 191; x_wconf 89' lang='lat' dir='ltr'>LIB.</span> <span class='ocrx_word' id='word_1_4' title='bbox 1052 147 1100 191; x_wconf 93' lang='lat' dir='ltr'>ll.</span> 
     </span>
    </p>
   </div>
   <div class='ocr_carea' id='block_1_3' title="bbox 142 251 1869 1942">
    <p class='ocr_par' dir='ltr' id='par_1_3' title="bbox 142 251 1869 1942">
     <span class='ocr_line' id='line_1_3' title="bbox 207 251 1814 322; baseline -0.001 -14"><span class='ocrx_word' id='word_1_5' title='bbox 207 256 465 308; x_wconf 90' lang='lat' dir='ltr'>damnum</span> <span class='ocrx_word' id='word_1_6' title='bbox 515 254 675 306; x_wconf 90' lang='lat' dir='ltr'>etiam</span> <span class='ocrx_word' id='word_1_7' title='bbox 724 253 977 306; x_wconf 88' lang='lat' dir='ltr'>tribunus</span> <span class='ocrx_word' id='word_1_8' title='bbox 1026 251 1262 305; x_wconf 88' lang='lat' dir='ltr'>militum</span> <span class='ocrx_word' id='word_1_9' title='bbox 1320 251 1628 311; x_wconf 81' lang='lat' dir='ltr'>adulandus</span> <span class='ocrx_word' id='word_1_10' title='bbox 1680 262 1814 322; x_wconf 88' lang='lat' dir='ltr'>erat,</span> 
     </span>
     <span class='ocr_line' id='line_1_4' title="bbox 242 322 1816 394; baseline -0.001 -16"><span class='ocrx_word' id='word_1_11' title='bbox 242 326 464 378; x_wconf 89' lang='lat' dir='ltr'>uoniam</span> <span class='ocrx_word' id='word_1_12' title='bbox 491 323 714 394; x_wconf 90' lang='lat' dir='ltr'>quidem</span> <span class='ocrx_word' id='word_1_13' title='bbox 739 322 810 375; x_wconf 90' lang='lat' dir='ltr'>ad</span> <span class='ocrx_word' id='word_1_14' title='bbox 837 331 1042 382; x_wconf 88' lang='lat' dir='ltr'>statum</span> <span class='ocrx_word' id='word_1_15' title='bbox 1067 323 1236 376; x_wconf 86' lang='lat' dir='ltr'>totius</span> <span class='ocrx_word' id='word_1_16' title='bbox 1275 322 1516 378; x_wconf 85' lang='lat' dir='ltr'>ciuitatis</span> <span class='ocrx_word' id='word_1_17' title='bbox 1545 324 1816 394; x_wconf 86' lang='lat' dir='ltr'>corrigen-</span> 
     </span>
     <span class='ocr_line' id='line_1_5' title="bbox 206 346 1818 460; baseline -0.001 -13"><span class='ocrx_word' id='word_1_18' title='bbox 206 346 335 448; x_wconf 61' lang='lat' dir='ltr'>dum</span> <span class='ocrx_word' id='word_1_19' title='bbox 360 413 499 447; x_wconf 91' lang='lat' dir='ltr'>unus</span> <span class='ocrx_word' id='word_1_20' title='bbox 527 394 832 446; x_wconf 86' lang='lat' dir='ltr'>suffecerat.</span> <span class='ocrx_word' id='word_1_21' title='bbox 884 392 984 446; x_wconf 91' lang='lat' dir='ltr'>sed</span> <span class='ocrx_word' id='word_1_22' title='bbox 1009 392 1161 446; x_wconf 90' lang='lat' dir='ltr'>nulla</span> <span class='ocrx_word' id='word_1_23' title='bbox 1186 391 1368 446; x_wconf 82' lang='lat' dir='ltr'>clades</span> <span class='ocrx_word' id='word_1_24' title='bbox 1383 432 1398 460; x_wconf 89' lang='lat'>,</span> <span class='ocrx_word' id='word_1_25' title='bbox 1427 392 1635 446; x_wconf 91' lang='lat' dir='ltr'>nullum</span> <span class='ocrx_word' id='word_1_26' title='bbox 1659 395 1818 447; x_wconf 89' lang='lat' dir='ltr'>meri-</span> 
     </span>
     <span class='ocr_line' id='line_1_6' title="bbox 203 462 1820 534; baseline -0.002 -15"><span class='ocrx_word' id='word_1_27' title='bbox 203 474 319 519; x_wconf 90' lang='lat' dir='ltr'>tum</span> <span class='ocrx_word' id='word_1_28' title='bbox 362 464 635 517; x_wconf 88' lang='lat' dir='ltr'>ualentius</span> <span class='ocrx_word' id='word_1_29' title='bbox 677 462 901 516; x_wconf 86' lang='lat' dir='ltr'>militari</span> <span class='ocrx_word' id='word_1_30' title='bbox 943 462 1237 534; x_wconf 80' lang='lat' dir='ltr'>disciplina</span> <span class='ocrx_word' id='word_1_31' title='bbox 1269 462 1390 516; x_wconf 88' lang='lat' dir='ltr'>fuit.</span> <span class='ocrx_word' id='word_1_32' title='bbox 1465 465 1820 518; x_wconf 80' lang='lat' dir='ltr'>succurrebat</span> 
     </span>
     <span class='ocr_line' id='line_1_7' title="bbox 164 533 1817 605; baseline -0.002 -15"><span class='ocrx_word' id='word_1_33' title='bbox 164 557 187 591; x_wconf 77' lang='lat'>5</span> <span class='ocrx_word' id='word_1_34' title='bbox 207 537 350 589; x_wconf 89' lang='lat' dir='ltr'>enim</span> <span class='ocrx_word' id='word_1_35' title='bbox 382 534 492 587; x_wconf 92' lang='lat' dir='ltr'>illis</span> <span class='ocrx_word' id='word_1_36' title='bbox 529 552 693 605; x_wconf 89' lang='lat' dir='ltr'>quam</span> <span class='ocrx_word' id='word_1_37' title='bbox 728 533 978 586; x_wconf 89' lang='lat' dir='ltr'>animosa</span> <span class='ocrx_word' id='word_1_38' title='bbox 1014 533 1304 587; x_wconf 86' lang='lat' dir='ltr'>seueritate</span> <span class='ocrx_word' id='word_1_39' title='bbox 1341 534 1638 588; x_wconf 88' lang='lat' dir='ltr'>Tarentino</span> <span class='ocrx_word' id='word_1_40' title='bbox 1674 533 1817 588; x_wconf 93' lang='lat' dir='ltr'>bello</span> 
     </span>
     <span class='ocr_line' id='line_1_8' title="bbox 204 603 1817 675; baseline -0.002 -16"><span class='ocrx_word' id='word_1_41' title='bbox 204 606 440 659; x_wconf 89' lang='lat' dir='ltr'>maiores</span> <span class='ocrx_word' id='word_1_42' title='bbox 478 623 664 658; x_wconf 89' lang='lat' dir='ltr'>eorum</span> <span class='ocrx_word' id='word_1_43' title='bbox 697 603 783 656; x_wconf 91' lang='lat' dir='ltr'>usi</span> <span class='ocrx_word' id='word_1_44' title='bbox 809 603 1083 657; x_wconf 72' lang='lat' dir='ltr'>fuissent.&#39;</span> <span class='ocrx_word' id='word_1_45' title='bbox 1121 604 1178 655; x_wconf 90' lang='lat' dir='ltr'>in</span> <span class='ocrx_word' id='word_1_46' title='bbox 1203 623 1308 675; x_wconf 89' lang='lat' dir='ltr'>quo</span> <span class='ocrx_word' id='word_1_47' title='bbox 1335 605 1612 675; x_wconf 86' lang='lat' dir='ltr'>quassatis·</span> <span class='ocrx_word' id='word_1_48' title='bbox 1646 614 1700 658; x_wconf 90' lang='lat' dir='ltr'>et</span> <span class='ocrx_word' id='word_1_49' title='bbox 1726 604 1817 657; x_wconf 90' lang='lat' dir='ltr'>ad—</span> 
     </span>
     <span class='ocr_line' id='line_1_9' title="bbox 204 674 1820 745; baseline -0.003 -14"><span class='ocrx_word' id='word_1_50' title='bbox 204 676 347 731; x_wconf 81' lang='lat' dir='ltr'>tritis</span> <span class='ocrx_word' id='word_1_51' title='bbox 374 676 455 729; x_wconf 92' lang='lat' dir='ltr'>rei</span> <span class='ocrx_word' id='word_1_52' title='bbox 480 675 735 745; x_wconf 90' lang='lat' dir='ltr'>publicae</span> <span class='ocrx_word' id='word_1_53' title='bbox 758 674 969 727; x_wconf 91' lang='lat' dir='ltr'>uiribus</span> <span class='ocrx_word' id='word_1_54' title='bbox 985 714 999 741; x_wconf 89' lang='lat'>,</span> <span class='ocrx_word' id='word_1_55' title='bbox 1042 693 1165 727; x_wconf 90' lang='lat' dir='ltr'>cum</span> <span class='ocrx_word' id='word_1_56' title='bbox 1189 693 1447 744; x_wconf 84' lang='lat' dir='ltr'>magnum</span> <span class='ocrx_word' id='word_1_57' title='bbox 1473 675 1820 745; x_wconf 88' lang='lat' dir='ltr'>captiuorum</span> 
     </span>
     <span class='ocr_line' id='line_1_10' title="bbox 206 745 1820 814; baseline -0.001 -15"><span class='ocrx_word' id='word_1_58' title='bbox 206 748 406 800; x_wconf 90' lang='lat' dir='ltr'>ciuium</span> <span class='ocrx_word' id='word_1_59' title='bbox 444 764 664 798; x_wconf 88' lang='lat' dir='ltr'>suorum</span> <span class='ocrx_word' id='word_1_60' title='bbox 689 763 975 798; x_wconf 89' lang='lat' dir='ltr'>numerum</span> <span class='ocrx_word' id='word_1_61' title='bbox 1001 763 1034 797; x_wconf 89' lang='lat' dir='ltr'>a</span> <span class='ocrx_word' id='word_1_62' title='bbox 1058 745 1232 814; x_wconf 88' lang='lat' dir='ltr'>Pyrro</span> <span class='ocrx_word' id='word_1_63' title='bbox 1270 763 1398 814; x_wconf 85' lang='lat' dir='ltr'>rege</span> <span class='ocrx_word' id='word_1_64' title='bbox 1423 746 1565 798; x_wconf 90' lang='lat' dir='ltr'>ultro</span> <span class='ocrx_word' id='word_1_65' title='bbox 1591 746 1820 797; x_wconf 90' lang='lat' dir='ltr'>missum</span> 
     </span>
     <span class='ocr_line' id='line_1_11' title="bbox 205 815 1818 897; baseline -0.002 -26"><span class='ocrx_word' id='word_1_66' title='bbox 205 818 572 888; x_wconf 80' lang='lat' dir='ltr'>recepissent,</span> <span class='ocrx_word' id='word_1_67' title='bbox 625 815 983 868; x_wconf 89' lang='lat' dir='ltr'>decreuerunt</span> <span class='ocrx_word' id='word_1_68' title='bbox 1015 824 1077 868; x_wconf 90' lang='lat' dir='ltr'>ut</span> <span class='ocrx_word' id='word_1_69' title='bbox 1113 834 1183 867; x_wconf 85' lang='lat' dir='ltr'>ex</span> <span class='ocrx_word' id='word_1_70' title='bbox 1215 815 1282 867; x_wconf 90' lang='lat' dir='ltr'>iis</span> <span class='ocrx_word' id='word_1_71' title='bbox 1310 817 1404 897; x_wconf 68' lang='lat' dir='ltr'>qui</span> <span class='ocrx_word' id='word_1_72' title='bbox 1442 834 1580 885; x_wconf 90' lang='lat' dir='ltr'>equo</span> <span class='ocrx_word' id='word_1_73' title='bbox 1614 833 1818 870; x_wconf 83' lang='lat' dir='ltr'>merue-</span> 
     </span>
     <span class='ocr_line' id='line_1_12' title="bbox 144 885 1822 959; baseline -0.002 -18"><span class='ocrx_word' id='word_1_74' title='bbox 144 910 184 942; x_wconf 91' lang='lat'>10</span> <span class='ocrx_word' id='word_1_75' title='bbox 207 897 333 941; x_wconf 88' lang='lat' dir='ltr'>rant</span> <span class='ocrx_word' id='word_1_76' title='bbox 356 887 602 959; x_wconf 86' lang='lat' dir='ltr'>peditum</span> <span class='ocrx_word' id='word_1_77' title='bbox 627 905 852 939; x_wconf 90' lang='lat' dir='ltr'>numero</span> <span class='ocrx_word' id='word_1_78' title='bbox 878 885 1204 951; x_wconf 84' lang='lat' dir='ltr'>militarent,</span> <span class='ocrx_word' id='word_1_79' title='bbox 1243 905 1337 956; x_wconf 80' lang='lat' dir='ltr'>qul</span> <span class='ocrx_word' id='word_1_80' title='bbox 1361 885 1574 956; x_wconf 86' lang='lat' dir='ltr'>pedites</span> <span class='ocrx_word' id='word_1_81' title='bbox 1601 885 1822 939; x_wconf 88' lang='lat' dir='ltr'>fuerant</span> 
     </span>
     <span class='ocr_line' id='line_1_13' title="bbox 202 955 1818 1026; baseline -0.002 -15"><span class='ocrx_word' id='word_1_82' title='bbox 202 960 262 1011; x_wconf 89' lang='lat' dir='ltr'>in</span> <span class='ocrx_word' id='word_1_83' title='bbox 297 958 638 1011; x_wconf 89' lang='lat' dir='ltr'>funditorum</span> <span class='ocrx_word' id='word_1_84' title='bbox 674 955 880 1010; x_wconf 79' lang='lat' dir='ltr'>auxilia</span> <span class='ocrx_word' id='word_1_85' title='bbox 922 956 1474 1022; x_wconf 82' lang='lat' dir='ltr'>transscriberentur,</span> <span class='ocrx_word' id='word_1_86' title='bbox 1524 974 1663 1009; x_wconf 91' lang='lat' dir='ltr'>neue</span> <span class='ocrx_word' id='word_1_87' title='bbox 1698 957 1818 1026; x_wconf 88' lang='lat' dir='ltr'>quis</span> 
     </span>
     <span class='ocr_line' id='line_1_14' title="bbox 207 1025 1819 1093; baseline -0.002 -11"><span class='ocrx_word' id='word_1_88' title='bbox 207 1048 396 1084; x_wconf 90' lang='lat' dir='ltr'>eorum</span> <span class='ocrx_word' id='word_1_89' title='bbox 431 1029 578 1082; x_wconf 89' lang='lat' dir='ltr'>intra</span> <span class='ocrx_word' id='word_1_90' title='bbox 612 1037 792 1082; x_wconf 87' lang='lat' dir='ltr'>castra</span> <span class='ocrx_word' id='word_1_91' title='bbox 818 1025 1097 1093; x_wconf 84' lang='lat' dir='ltr'>tenderet,</span> <span class='ocrx_word' id='word_1_92' title='bbox 1146 1042 1286 1079; x_wconf 87' lang='lat' dir='ltr'>neue</span> <span class='ocrx_word' id='word_1_93' title='bbox 1321 1026 1501 1081; x_wconf 91' lang='lat' dir='ltr'>locum</span> <span class='ocrx_word' id='word_1_94' title='bbox 1537 1036 1695 1080; x_wconf 78' lang='lat' dir='ltr'>extra</span> <span class='ocrx_word' id='word_1_95' title='bbox 1729 1026 1819 1079; x_wconf 89' lang='lat' dir='ltr'>ad-</span> 
     </span>
     <span class='ocr_line' id='line_1_15' title="bbox 157 1096 1821 1169; baseline -0.002 -18"><span class='ocrx_word' id='word_1_96' title='bbox 157 1127 159 1129; x_wconf 91' lang='lat'>·</span> <span class='ocrx_word' id='word_1_97' title='bbox 207 1100 485 1169; x_wconf 88' lang='lat' dir='ltr'>signatum</span> <span class='ocrx_word' id='word_1_98' title='bbox 523 1098 670 1151; x_wconf 89' lang='lat' dir='ltr'>uallo</span> <span class='ocrx_word' id='word_1_99' title='bbox 708 1105 802 1150; x_wconf 90' lang='lat' dir='ltr'>aut</span> <span class='ocrx_word' id='word_1_100' title='bbox 833 1097 987 1151; x_wconf 87' lang='lat' dir='ltr'>fossa</span> <span class='ocrx_word' id='word_1_101' title='bbox 1020 1096 1292 1165; x_wconf 85' lang='lat' dir='ltr'>cingeret,</span> <span class='ocrx_word' id='word_1_102' title='bbox 1352 1115 1490 1150; x_wconf 91' lang='lat' dir='ltr'>neue</span> <span class='ocrx_word' id='word_1_103' title='bbox 1526 1098 1821 1151; x_wconf 87' lang='lat' dir='ltr'>tentorium</span> 
     </span>
     <span class='ocr_line' id='line_1_16' title="bbox 208 1167 1821 1240; baseline -0.002 -18"><span class='ocrx_word' id='word_1_104' title='bbox 208 1189 277 1222; x_wconf 81' lang='lat' dir='ltr'>ex</span> <span class='ocrx_word' id='word_1_105' title='bbox 311 1169 544 1240; x_wconf 89' lang='lat' dir='ltr'>pellibus</span> <span class='ocrx_word' id='word_1_106' title='bbox 581 1169 828 1222; x_wconf 84' lang='lat' dir='ltr'>haberet.</span> <span class='ocrx_word' id='word_1_107' title='bbox 903 1186 1185 1220; x_wconf 89' lang='lat' dir='ltr'>recursum</span> <span class='ocrx_word' id='word_1_108' title='bbox 1220 1175 1404 1222; x_wconf 91' lang='lat' dir='ltr'>autem</span> <span class='ocrx_word' id='word_1_109' title='bbox 1438 1168 1506 1220; x_wconf 90' lang='lat' dir='ltr'>iis</span> <span class='ocrx_word' id='word_1_110' title='bbox 1542 1167 1615 1220; x_wconf 91' lang='lat' dir='ltr'>ad</span> <span class='ocrx_word' id='word_1_111' title='bbox 1639 1167 1821 1238; x_wconf 87' lang='lat' dir='ltr'>pristi-</span> 
     </span>
     <span class='ocr_line' id='line_1_17' title="bbox 142 1238 1822 1309; baseline -0.001 -18"><span class='ocrx_word' id='word_1_112' title='bbox 142 1259 183 1292; x_wconf 89' lang='lat'>15</span> <span class='ocrx_word' id='word_1_113' title='bbox 206 1259 335 1292; x_wconf 89' lang='lat' dir='ltr'>num</span> <span class='ocrx_word' id='word_1_114' title='bbox 359 1239 587 1292; x_wconf 88' lang='lat' dir='ltr'>militiae</span> <span class='ocrx_word' id='word_1_115' title='bbox 613 1239 861 1292; x_wconf 87' lang='lat' dir='ltr'>ordinem</span> <span class='ocrx_word' id='word_1_116' title='bbox 885 1246 1301 1308; x_wconf 88' lang='lat' dir='ltr'>proposuerunt,</span> <span class='ocrx_word' id='word_1_117' title='bbox 1329 1239 1376 1290; x_wconf 93' lang='lat' dir='ltr'>si</span> <span class='ocrx_word' id='word_1_118' title='bbox 1397 1238 1518 1309; x_wconf 90' lang='lat' dir='ltr'>quis</span> <span class='ocrx_word' id='word_1_119' title='bbox 1543 1238 1676 1291; x_wconf 88' lang='lat' dir='ltr'>bina</span> <span class='ocrx_word' id='word_1_120' title='bbox 1701 1256 1822 1307; x_wconf 91' lang='lat' dir='ltr'>spo-</span> 
     </span>
     <span class='ocr_line' id='line_1_18' title="bbox 206 1307 1823 1379; baseline -0.003 -16"><span class='ocrx_word' id='word_1_121' title='bbox 206 1311 282 1363; x_wconf 86' lang='lat' dir='ltr'>lia</span> <span class='ocrx_word' id='word_1_122' title='bbox 318 1330 388 1364; x_wconf 83' lang='lat' dir='ltr'>ex</span> <span class='ocrx_word' id='word_1_123' title='bbox 412 1310 660 1362; x_wconf 89' lang='lat' dir='ltr'>hostibus</span> <span class='ocrx_word' id='word_1_124' title='bbox 689 1308 925 1363; x_wconf 89' lang='lat' dir='ltr'>tulisset.</span> <span class='ocrx_word' id='word_1_125' title='bbox 987 1307 1184 1379; x_wconf 88' lang='lat' dir='ltr'>quibus</span> <span class='ocrx_word' id='word_1_126' title='bbox 1222 1307 1506 1379; x_wconf 89' lang='lat' dir='ltr'>suppliciis</span> <span class='ocrx_word' id='word_1_127' title='bbox 1543 1307 1823 1378; x_wconf 87' lang='lat' dir='ltr'>conpressi</span> 
     </span>
     <span class='ocr_line' id='line_1_19' title="bbox 208 1377 1822 1449; baseline -0.002 -16"><span class='ocrx_word' id='word_1_128' title='bbox 208 1401 278 1433; x_wconf 82' lang='lat' dir='ltr'>ex</span> <span class='ocrx_word' id='word_1_129' title='bbox 314 1380 654 1434; x_wconf 87' lang='lat' dir='ltr'>deformibus</span> <span class='ocrx_word' id='word_1_130' title='bbox 681 1379 843 1449; x_wconf 85' lang='lat' dir='ltr'>Pyrri</span> <span class='ocrx_word' id='word_1_131' title='bbox 867 1377 1204 1431; x_wconf 87' lang='lat' dir='ltr'>munusculis</span> <span class='ocrx_word' id='word_1_132' title='bbox 1233 1379 1485 1431; x_wconf 87' lang='lat' dir='ltr'>acerrimi</span> <span class='ocrx_word' id='word_1_133' title='bbox 1509 1378 1693 1432; x_wconf 86' lang='lat' dir='ltr'>hostes</span> <span class='ocrx_word' id='word_1_134' title='bbox 1732 1397 1822 1431; x_wconf 81' lang='lat' dir='ltr'>ex-</span> 
     </span>
     <span class='ocr_line' id='line_1_20' title="bbox 205 1452 452 1504; baseline -0.008 -1"><span class='ocrx_word' id='word_1_135' title='bbox 205 1452 452 1504; x_wconf 89' lang='lat' dir='ltr'>titerunt.</span> 
     </span>
     <span class='ocr_line' id='line_1_21' title="bbox 314 1515 1869 1588; baseline -0.002 -15"><span class='ocrx_word' id='word_1_136' title='bbox 314 1521 510 1573; x_wconf 85' lang='lat' dir='ltr'>Parem</span> <span class='ocrx_word' id='word_1_137' title='bbox 534 1519 674 1572; x_wconf 88' lang='lat' dir='ltr'>iram</span> <span class='ocrx_word' id='word_1_138' title='bbox 701 1527 921 1572; x_wconf 87' lang='lat' dir='ltr'>senatus</span> <span class='ocrx_word' id='word_1_139' title='bbox 950 1517 1218 1571; x_wconf 88' lang='lat' dir='ltr'>aduersus</span> <span class='ocrx_word' id='word_1_140' title='bbox 1246 1518 1368 1571; x_wconf 91' lang='lat' dir='ltr'>illos</span> <span class='ocrx_word' id='word_1_141' title='bbox 1390 1519 1703 1586; x_wconf 83' lang='lat' dir='ltr'>destrinxit,</span> <span class='ocrx_word' id='word_1_142' title='bbox 1731 1519 1825 1588; x_wconf 87' lang='lat' dir='ltr'>qui</span> <span class='ocrx_word' id='word_1_143' title='bbox 1862 1515 1869 1519; x_wconf 70' lang='grc'><strong>’</strong></span> 
     </span>
     <span class='ocr_line' id='line_1_22' title="bbox 143 1587 1824 1662; baseline 0 -22"><span class='ocrx_word' id='word_1_144' title='bbox 143 1609 184 1641; x_wconf 83' lang='lat'>20</span> <span class='ocrx_word' id='word_1_145' title='bbox 209 1590 358 1662; x_wconf 89' lang='lat' dir='ltr'>apud</span> <span class='ocrx_word' id='word_1_146' title='bbox 394 1588 611 1642; x_wconf 85' lang='lat' dir='ltr'>Cannas</span> <span class='ocrx_word' id='word_1_147' title='bbox 647 1607 762 1641; x_wconf 90' lang='lat' dir='ltr'>rem</span> <span class='ocrx_word' id='word_1_148' title='bbox 795 1588 1073 1659; x_wconf 89' lang='lat' dir='ltr'>publicam</span> <span class='ocrx_word' id='word_1_149' title='bbox 1108 1587 1480 1644; x_wconf 87' lang='lat' dir='ltr'>deseruerant.</span> <span class='ocrx_word' id='word_1_150' title='bbox 1539 1607 1668 1642; x_wconf 89' lang='lat' dir='ltr'>nam</span> <span class='ocrx_word' id='word_1_151' title='bbox 1702 1607 1824 1641; x_wconf 91' lang='lat' dir='ltr'>cum</span> 
     </span>
     <span class='ocr_line' id='line_1_23' title="bbox 208 1657 1825 1730; baseline -0.001 -17"><span class='ocrx_word' id='word_1_152' title='bbox 208 1679 300 1714; x_wconf 91' lang='lat' dir='ltr'>eos</span> <span class='ocrx_word' id='word_1_153' title='bbox 336 1661 610 1730; x_wconf 86' lang='lat' dir='ltr'>grauitate</span> <span class='ocrx_word' id='word_1_154' title='bbox 645 1659 852 1712; x_wconf 90' lang='lat' dir='ltr'>decreti</span> <span class='ocrx_word' id='word_1_155' title='bbox 895 1657 1044 1712; x_wconf 88' lang='lat' dir='ltr'>ultra</span> <span class='ocrx_word' id='word_1_156' title='bbox 1078 1667 1417 1712; x_wconf 89' lang='lat' dir='ltr'>mortuorum</span> <span class='ocrx_word' id='word_1_157' title='bbox 1456 1659 1825 1713; x_wconf 90' lang='lat' dir='ltr'>condicionem</span> 
     </span>
     <span class='ocr_line' id='line_1_24' title="bbox 208 1728 1825 1800; baseline -0.001 -17"><span class='ocrx_word' id='word_1_158' title='bbox 208 1731 532 1800; x_wconf 88' lang='lat' dir='ltr'>relegasset,</span> <span class='ocrx_word' id='word_1_159' title='bbox 570 1729 809 1800; x_wconf 90' lang='lat' dir='ltr'>acceptis</span> <span class='ocrx_word' id='word_1_160' title='bbox 844 1748 877 1782; x_wconf 89' lang='lat' dir='ltr'>a</span> <span class='ocrx_word' id='word_1_161' title='bbox 899 1728 976 1780; x_wconf 89' lang='lat' dir='ltr'>M.</span> <span class='ocrx_word' id='word_1_162' title='bbox 1003 1728 1262 1783; x_wconf 88' lang='lat' dir='ltr'>Marcello</span> <span class='ocrx_word' id='word_1_163' title='bbox 1288 1729 1514 1797; x_wconf 88' lang='lat' dir='ltr'>litteris,</span> <span class='ocrx_word' id='word_1_164' title='bbox 1548 1738 1611 1783; x_wconf 90' lang='lat' dir='ltr'>ut</span> <span class='ocrx_word' id='word_1_165' title='bbox 1636 1748 1825 1784; x_wconf 88' lang='lat' dir='ltr'>eorum</span> 
     </span>
     <span class='ocr_line' id='line_1_25' title="bbox 209 1799 1825 1872; baseline -0.001 -18"><span class='ocrx_word' id='word_1_166' title='bbox 209 1802 318 1855; x_wconf 91' lang='lat' dir='ltr'>sibi</span> <span class='ocrx_word' id='word_1_167' title='bbox 353 1819 519 1872; x_wconf 90' lang='lat' dir='ltr'>opera</span> <span class='ocrx_word' id='word_1_168' title='bbox 553 1801 625 1853; x_wconf 90' lang='lat' dir='ltr'>ad</span> <span class='ocrx_word' id='word_1_169' title='bbox 661 1800 1124 1870; x_wconf 81' lang='lat' dir='ltr'>expugnationem</span> <span class='ocrx_word' id='word_1_170' title='bbox 1151 1801 1548 1870; x_wconf 83' lang='lat' dir='ltr'>Syracusarum</span> <span class='ocrx_word' id='word_1_171' title='bbox 1582 1800 1664 1852; x_wconf 88' lang='lat' dir='ltr'>uti</span> <span class='ocrx_word' id='word_1_172' title='bbox 1698 1799 1825 1852; x_wconf 90' lang='lat' dir='ltr'>lice-</span> 
     </span>
     <span class='ocr_line' id='line_1_26' title="bbox 207 1870 1826 1942; baseline -0.002 -17"><span class='ocrx_word' id='word_1_173' title='bbox 207 1881 317 1939; x_wconf 91' lang='lat' dir='ltr'>ret,</span> <span class='ocrx_word' id='word_1_174' title='bbox 361 1871 647 1942; x_wconf 88' lang='lat' dir='ltr'>rescripsit</span> <span class='ocrx_word' id='word_1_175' title='bbox 678 1870 936 1940; x_wconf 84' lang='lat' dir='ltr'>indignos</span> <span class='ocrx_word' id='word_1_176' title='bbox 963 1888 1084 1923; x_wconf 90' lang='lat' dir='ltr'>esse</span> <span class='ocrx_word' id='word_1_177' title='bbox 1111 1872 1203 1940; x_wconf 88' lang='lat' dir='ltr'>qui</span> <span class='ocrx_word' id='word_1_178' title='bbox 1227 1872 1286 1923; x_wconf 91' lang='lat' dir='ltr'>in</span> <span class='ocrx_word' id='word_1_179' title='bbox 1310 1879 1492 1924; x_wconf 88' lang='lat' dir='ltr'>castra</span> <span class='ocrx_word' id='word_1_180' title='bbox 1523 1871 1826 1941; x_wconf 89' lang='lat' dir='ltr'>reciperen-</span> 
     </span>
    </p>
   </div>
   <div class='ocr_carea' id='block_1_4' title="bbox 95 2002 1827 2764">
    <p class='ocr_par' dir='ltr' id='par_1_4' title="bbox 95 2002 1826 2344">
     <span class='ocr_line' id='line_1_27' title="bbox 148 2002 1825 2062; baseline 0 -15"><span class='ocrx_word' id='word_1_181' title='bbox 148 2016 189 2048; x_wconf 84' lang='lat'>25</span> <span class='ocrx_word' id='word_1_182' title='bbox 214 2018 262 2050; x_wconf 91' lang='lat' dir='ltr'>se</span> <span class='ocrx_word' id='word_1_183' title='bbox 291 2004 492 2051; x_wconf 81' lang='lat' dir='ltr'>scribens</span> <span class='ocrx_word' id='word_1_184' title='bbox 528 2006 574 2049; x_wconf 91' lang='lat' dir='ltr'>in</span> <span class='ocrx_word' id='word_1_185' title='bbox 600 2004 722 2049; x_wconf 89' lang='lat' dir='ltr'>hunc</span> <span class='ocrx_word' id='word_1_186' title='bbox 748 2002 931 2049; x_wconf 88' lang='lat' dir='ltr'>modum</span> <span class='ocrx_word' id='word_1_187' title='bbox 966 2016 1099 2048; x_wconf 89' lang='lat' dir='ltr'>orsus</span> <span class='ocrx_word' id='word_1_188' title='bbox 1126 2008 1219 2048; x_wconf 88' lang='lat' dir='ltr'>est:</span> <span class='ocrx_word' id='word_1_189' title='bbox 1261 2002 1338 2048; x_wconf 85' lang='lat' dir='ltr'>‘L.</span> <span class='ocrx_word' id='word_1_190' title='bbox 1366 2002 1558 2048; x_wconf 81' lang='lat' dir='ltr'>Marcius</span> <span class='ocrx_word' id='word_1_191' title='bbox 1583 2015 1669 2062; x_wconf 88' lang='lat' dir='ltr'>pro</span> <span class='ocrx_word' id='word_1_192' title='bbox 1696 2016 1825 2062; x_wconf 89' lang='lat' dir='ltr'>prae-</span> 
     </span>
     <span class='ocr_line' id='line_1_28' title="bbox 95 2056 1823 2132; baseline -0.002 -12"><span class='ocrx_word' id='word_1_193' title='bbox 95 2056 187 2091; x_wconf 63' lang='lat' dir='ltr'><strong><em>par·</em></strong></span> <span class='ocrx_word' id='word_1_194' title='bbox 215 2074 360 2120; x_wconf 86' lang='lat' dir='ltr'>tore&#39;.</span> <span class='ocrx_word' id='word_1_195' title='bbox 425 2075 555 2119; x_wconf 90' lang='lat' dir='ltr'>cuius</span> <span class='ocrx_word' id='word_1_196' title='bbox 581 2074 773 2119; x_wconf 88' lang='lat' dir='ltr'>honoris</span> <span class='ocrx_word' id='word_1_197' title='bbox 806 2074 1105 2132; x_wconf 81' lang='lat' dir='ltr'>usurpatione</span> <span class='ocrx_word' id='word_1_198' title='bbox 1140 2073 1209 2118; x_wconf 91' lang='lat' dir='ltr'>uti</span> <span class='ocrx_word' id='word_1_199' title='bbox 1235 2085 1337 2117; x_wconf 91' lang='lat' dir='ltr'>eum</span> <span class='ocrx_word' id='word_1_200' title='bbox 1371 2086 1417 2132; x_wconf 89' lang='lat' dir='ltr'>p.</span> <span class='ocrx_word' id='word_1_201' title='bbox 1443 2086 1480 2118; x_wconf 88' lang='lat' dir='ltr'>c.</span> <span class='ocrx_word' id='word_1_202' title='bbox 1519 2085 1612 2117; x_wconf 92' lang='lat' dir='ltr'>non</span> <span class='ocrx_word' id='word_1_203' title='bbox 1638 2071 1823 2132; x_wconf 83' lang='lat' dir='ltr'>placuit,</span> 
     </span>
     <span class='ocr_line' id='line_1_29' title="bbox 212 2141 1825 2206; baseline -0.002 -17"><span class='ocrx_word' id='word_1_204' title='bbox 212 2146 318 2205; x_wconf 90' lang='lat' dir='ltr'>quia</span> <span class='ocrx_word' id='word_1_205' title='bbox 344 2144 479 2189; x_wconf 86' lang='lat' dir='ltr'>duces</span> <span class='ocrx_word' id='word_1_206' title='bbox 506 2159 530 2189; x_wconf 88' lang='lat' dir='ltr'>a</span> <span class='ocrx_word' id='word_1_207' title='bbox 558 2142 756 2203; x_wconf 91' lang='lat' dir='ltr'>populo,</span> <span class='ocrx_word' id='word_1_208' title='bbox 792 2156 934 2206; x_wconf 24' lang='lat' dir='ltr'>nonna</span> <span class='ocrx_word' id='word_1_209' title='bbox 961 2141 1179 2187; x_wconf 87' lang='lat' dir='ltr'>militibus</span> <span class='ocrx_word' id='word_1_210' title='bbox 1206 2143 1350 2188; x_wconf 89' lang='lat' dir='ltr'>creari</span> <span class='ocrx_word' id='word_1_211' title='bbox 1377 2141 1593 2187; x_wconf 87' lang='lat' dir='ltr'>solerent.</span> <span class='ocrx_word' id='word_1_212' title='bbox 1627 2167 1684 2174; x_wconf 91' lang='lat'>—-</span> <span class='ocrx_word' id='word_1_213' title='bbox 1716 2141 1825 2187; x_wconf 87' lang='lat' dir='ltr'>Cum</span> 
     </span>
     <span class='ocr_line' id='line_1_30' title="bbox 211 2211 1826 2274; baseline -0.002 -15"><span class='ocrx_word' id='word_1_214' title='bbox 211 2227 423 2274; x_wconf 86' lang='lat' dir='ltr'>magnum</span> <span class='ocrx_word' id='word_1_215' title='bbox 458 2225 696 2258; x_wconf 88' lang='lat' dir='ltr'>numerum</span> <span class='ocrx_word' id='word_1_216' title='bbox 731 2213 1016 2272; x_wconf 87' lang='lat' dir='ltr'>captiuorum</span> <span class='ocrx_word' id='word_1_217' title='bbox 1051 2227 1095 2272; x_wconf 90' lang='lat' dir='ltr'>p.</span> <span class='ocrx_word' id='word_1_218' title='bbox 1133 2226 1170 2258; x_wconf 92' lang='lat' dir='ltr'>c.</span> <span class='ocrx_word' id='word_1_219' title='bbox 1207 2227 1231 2257; x_wconf 88' lang='lat' dir='ltr'>a</span> <span class='ocrx_word' id='word_1_220' title='bbox 1265 2211 1439 2272; x_wconf 88' lang='lat' dir='ltr'>Pyrrho</span> <span class='ocrx_word' id='word_1_221' title='bbox 1477 2211 1600 2258; x_wconf 89' lang='lat' dir='ltr'>ultro</span> <span class='ocrx_word' id='word_1_222' title='bbox 1637 2214 1826 2257; x_wconf 89' lang='lat' dir='ltr'>missum</span> 
     </span>
     <span class='ocr_line' id='line_1_31' title="bbox 212 2282 1826 2344; baseline -0.002 -14"><span class='ocrx_word' id='word_1_223' title='bbox 212 2284 507 2344; x_wconf 86' lang='lat' dir='ltr'>recepissent,</span> <span class='ocrx_word' id='word_1_224' title='bbox 543 2283 869 2332; x_wconf 84' lang='lat' dir='ltr'>decreuerunt,</span> <span class='ocrx_word' id='word_1_225' title='bbox 906 2288 1035 2327; x_wconf 58' lang='lat' dir='ltr'>ut‘ex</span> <span class='ocrx_word' id='word_1_226' title='bbox 1068 2282 1123 2327; x_wconf 92' lang='lat' dir='ltr'>iis</span> <span class='ocrx_word' id='word_1_227' title='bbox 1151 2284 1227 2341; x_wconf 91' lang='lat' dir='ltr'>qui</span> <span class='ocrx_word' id='word_1_228' title='bbox 1263 2295 1381 2342; x_wconf 92' lang='lat' dir='ltr'>equo</span> <span class='ocrx_word' id='word_1_229' title='bbox 1417 2289 1676 2328; x_wconf 87' lang='lat' dir='ltr'>meruerant</span> <span class='ocrx_word' id='word_1_230' title='bbox 1701 2282 1826 2341; x_wconf 86' lang='lat' dir='ltr'>pedi-</span> 
     </span>
    </p>

    <p class='ocr_par' dir='ltr' id='par_1_5' title="bbox 148 2351 1827 2624">
     <span class='ocr_line' id='line_1_32' title="bbox 148 2351 1827 2412; baseline -0.001 -15"><span class='ocrx_word' id='word_1_231' title='bbox 148 2365 191 2397; x_wconf 81' lang='grc'>30</span> <span class='ocrx_word' id='word_1_232' title='bbox 218 2362 312 2400; x_wconf 86' lang='grc'>111111</span> <span class='ocrx_word' id='word_1_233' title='bbox 337 2367 528 2399; x_wconf 89' lang='lat' dir='ltr'>numero</span> <span class='ocrx_word' id='word_1_234' title='bbox 554 2353 823 2403; x_wconf 84' lang='lat' dir='ltr'>militarent,</span> <span class='ocrx_word' id='word_1_235' title='bbox 853 2353 929 2412; x_wconf 90' lang='lat' dir='ltr'>qui</span> <span class='ocrx_word' id='word_1_236' title='bbox 957 2351 1131 2412; x_wconf 86' lang='lat' dir='ltr'>pedites</span> <span class='ocrx_word' id='word_1_237' title='bbox 1158 2352 1338 2397; x_wconf 80' lang='lat' dir='ltr'>fuerant</span> <span class='ocrx_word' id='word_1_238' title='bbox 1363 2353 1409 2397; x_wconf 91' lang='lat' dir='ltr'>in</span> <span class='ocrx_word' id='word_1_239' title='bbox 1435 2351 1718 2398; x_wconf 79' lang='lat' dir='ltr'>funditorum</span> <span class='ocrx_word' id='word_1_240' title='bbox 1743 2366 1827 2396; x_wconf 88' lang='grc'>1111-</span> 
     </span>
     <span class='ocr_line' id='line_1_33' title="bbox 212 2421 1825 2470; baseline -0.001 -2"><span class='ocrx_word' id='word_1_241' title='bbox 212 2438 387 2470; x_wconf 87' lang='lat' dir='ltr'>merum</span> <span class='ocrx_word' id='word_1_242' title='bbox 421 2423 876 2469; x_wconf 82' lang='lat' dir='ltr'>transscriberentur.</span> <span class='ocrx_word' id='word_1_243' title='bbox 918 2447 979 2455; x_wconf 88' lang='lat'>—-</span> <span class='ocrx_word' id='word_1_244' title='bbox 1036 2422 1194 2468; x_wconf 80' lang='lat' dir='ltr'>Parem</span> <span class='ocrx_word' id='word_1_245' title='bbox 1230 2422 1343 2467; x_wconf 90' lang='lat' dir='ltr'>iram</span> <span class='ocrx_word' id='word_1_246' title='bbox 1379 2429 1565 2468; x_wconf 84' lang='lat' dir='ltr'>senatus</span> <span class='ocrx_word' id='word_1_247' title='bbox 1602 2421 1825 2467; x_wconf 88' lang='lat' dir='ltr'>aduersus</span> 
     </span>
     <span class='ocr_line' id='line_1_34' title="bbox 213 2492 1824 2553; baseline -0.002 -13"><span class='ocrx_word' id='word_1_248' title='bbox 213 2495 315 2540; x_wconf 89' lang='lat' dir='ltr'>illos</span> <span class='ocrx_word' id='word_1_249' title='bbox 343 2494 605 2544; x_wconf 83' lang='lat' dir='ltr'>destrinxit,</span> <span class='ocrx_word' id='word_1_250' title='bbox 635 2494 712 2553; x_wconf 89' lang='lat' dir='ltr'>qui</span> <span class='ocrx_word' id='word_1_251' title='bbox 738 2492 960 2539; x_wconf 87' lang='lat' dir='ltr'>Cannensi</span> <span class='ocrx_word' id='word_1_252' title='bbox 986 2506 1139 2552; x_wconf 86' lang='lat' dir='ltr'>pugna</span> <span class='ocrx_word' id='word_1_253' title='bbox 1167 2492 1512 2553; x_wconf 83' lang='lat' dir='ltr'>superfuerant,</span> <span class='ocrx_word' id='word_1_254' title='bbox 1538 2498 1824 2538; x_wconf 89' lang='lat' dir='ltr'>mortuorum</span> 
     </span>
     <span class='ocr_line' id='line_1_35' title="bbox 212 2561 1826 2624; baseline -0.001 -16"><span class='ocrx_word' id='word_1_255' title='bbox 212 2564 314 2611; x_wconf 89' lang='lat' dir='ltr'>loco</span> <span class='ocrx_word' id='word_1_256' title='bbox 342 2564 496 2610; x_wconf 87' lang='lat' dir='ltr'>habiti.</span> <span class='ocrx_word' id='word_1_257' title='bbox 548 2566 702 2624; x_wconf 88' lang='lat' dir='ltr'>itaque</span> <span class='ocrx_word' id='word_1_258' title='bbox 728 2577 829 2608; x_wconf 91' lang='lat' dir='ltr'>cum</span> <span class='ocrx_word' id='word_1_259' title='bbox 855 2563 1047 2622; x_wconf 85' lang='lat' dir='ltr'>petisset</span> <span class='ocrx_word' id='word_1_260' title='bbox 1071 2562 1123 2608; x_wconf 90' lang='lat' dir='ltr'>M.</span> <span class='ocrx_word' id='word_1_261' title='bbox 1145 2561 1398 2621; x_wconf 80' lang='lat' dir='ltr'>Marcellus,</span> <span class='ocrx_word' id='word_1_262' title='bbox 1425 2570 1478 2609; x_wconf 92' lang='lat' dir='ltr'>ut</span> <span class='ocrx_word' id='word_1_263' title='bbox 1503 2576 1662 2608; x_wconf 89' lang='lat' dir='ltr'>eorum</span> <span class='ocrx_word' id='word_1_264' title='bbox 1688 2575 1826 2622; x_wconf 87' lang='lat' dir='ltr'>opera</span> 
     </span>
    </p>

    <p class='ocr_par' dir='ltr' id='par_1_6' title="bbox 214 2632 1826 2695">
     <span class='ocr_line' id='line_1_36' title="bbox 214 2632 1826 2695; baseline -0.002 -16"><span class='ocrx_word' id='word_1_265' title='bbox 214 2635 268 2679; x_wconf 87' lang='lat' dir='ltr'>ad</span> <span class='ocrx_word' id='word_1_266' title='bbox 303 2635 684 2695; x_wconf 80' lang='lat' dir='ltr'>expugnationem</span> <span class='ocrx_word' id='word_1_267' title='bbox 711 2632 1036 2694; x_wconf 83' lang='lat' dir='ltr'>Syracusarum</span> <span class='ocrx_word' id='word_1_268' title='bbox 1072 2639 1304 2687; x_wconf 89' lang='lat' dir='ltr'>uteretur,</span> <span class='ocrx_word' id='word_1_269' title='bbox 1342 2634 1579 2693; x_wconf 87' lang='lat' dir='ltr'>rescripsit</span> <span class='ocrx_word' id='word_1_270' title='bbox 1614 2632 1826 2690; x_wconf 83' lang='lat' dir='ltr'>indignos</span> 
     </span>
    </p>

    <p class='ocr_par' dir='ltr' id='par_1_7' title="bbox 150 2703 1827 2764">
     <span class='ocr_line' id='line_1_37' title="bbox 150 2703 1827 2764; baseline -0.001 -18"><span class='ocrx_word' id='word_1_271' title='bbox 150 2712 192 2746; x_wconf 82' lang='lat'>35</span> <span class='ocrx_word' id='word_1_272' title='bbox 216 2717 318 2750; x_wconf 87' lang='lat' dir='ltr'>esse</span> <span class='ocrx_word' id='word_1_273' title='bbox 346 2705 424 2764; x_wconf 89' lang='lat' dir='ltr'>qui</span> <span class='ocrx_word' id='word_1_274' title='bbox 451 2706 497 2749; x_wconf 91' lang='lat' dir='ltr'>in</span> <span class='ocrx_word' id='word_1_275' title='bbox 525 2712 673 2752; x_wconf 90' lang='lat' dir='ltr'>castra</span> <span class='ocrx_word' id='word_1_276' title='bbox 699 2703 1039 2764; x_wconf 86' lang='lat' dir='ltr'>reciperentur:</span> <span class='ocrx_word' id='word_1_277' title='bbox 1079 2709 1281 2749; x_wconf 87' lang='lat' dir='ltr'>ceterum</span> <span class='ocrx_word' id='word_1_278' title='bbox 1308 2717 1356 2750; x_wconf 89' lang='lat' dir='ltr'>se</span> <span class='ocrx_word' id='word_1_279' title='bbox 1383 2704 1424 2749; x_wconf 86' lang='lat' dir='ltr'>ei</span> <span class='ocrx_word' id='word_1_280' title='bbox 1450 2703 1737 2763; x_wconf 83' lang='lat' dir='ltr'>permittere,</span> <span class='ocrx_word' id='word_1_281' title='bbox 1773 2707 1827 2746; x_wconf 89' lang='lat' dir='ltr'>ut</span> 
     </span>
    </p>
   </div>
   <div class='ocr_carea' id='block_1_5' title="bbox 208 2817 1825 2992">
    <p class='ocr_par' dir='ltr' id='par_1_8' title="bbox 208 2817 1825 2992">
     <span class='ocr_line' id='line_1_38' title="bbox 331 2817 1825 2870; baseline -0.002 -5"><span class='ocrx_word' id='word_1_282' title='bbox 331 2828 353 2865; x_wconf 90' lang='lat'>1</span> <span class='ocrx_word' id='word_1_283' title='bbox 383 2827 582 2867; x_wconf 87' lang='lat' dir='ltr'>tribunis</span> <span class='ocrx_word' id='word_1_284' title='bbox 608 2819 663 2867; x_wconf 84' lang='lat' dir='ltr'>B&#39;</span> <span class='ocrx_word' id='word_1_285' title='bbox 730 2828 756 2867; x_wconf 86' lang='lat'>8</span> <span class='ocrx_word' id='word_1_286' title='bbox 785 2839 971 2867; x_wconf 87' lang='lat' dir='ltr'>numero</span> <span class='ocrx_word' id='word_1_287' title='bbox 1000 2817 1044 2866; x_wconf 81' lang='lat' dir='ltr'>&#39;B</span> <span class='ocrx_word' id='word_1_288' title='bbox 1111 2827 1137 2867; x_wconf 88' lang='grc'><strong>9</strong></span> <span class='ocrx_word' id='word_1_289' title='bbox 1166 2839 1223 2867; x_wconf 83' lang='lat' dir='ltr'>ex</span> <span class='ocrx_word' id='word_1_290' title='bbox 1251 2826 1292 2866; x_wconf 83' lang='lat' dir='ltr'>is</span> <span class='ocrx_word' id='word_1_291' title='bbox 1319 2818 1375 2865; x_wconf 86' lang='lat' dir='ltr'>B&#39;</span> <span class='ocrx_word' id='word_1_292' title='bbox 1443 2825 1496 2864; x_wconf 83' lang='lat'>14</span> <span class='ocrx_word' id='word_1_293' title='bbox 1518 2823 1592 2864; x_wconf 89' lang='lat' dir='ltr'>his</span> <span class='ocrx_word' id='word_1_294' title='bbox 1613 2822 1698 2870; x_wconf 84' lang='grc' dir='ltr'>Βς,</span> <span class='ocrx_word' id='word_1_295' title='bbox 1729 2825 1825 2863; x_wconf 81' lang='lat' dir='ltr'>item</span> 
     </span>
     <span class='ocr_line' id='line_1_39' title="bbox 208 2880 1823 2935; baseline -0.001 -11"><span class='ocrx_word' id='word_1_296' title='bbox 208 2897 257 2935; x_wconf 83' lang='lat' dir='ltr'>p.</span> <span class='ocrx_word' id='word_1_297' title='bbox 280 2885 351 2931; x_wconf 84' lang='lat'>93,</span> <span class='ocrx_word' id='word_1_298' title='bbox 375 2884 402 2922; x_wconf 87' lang='grc'><em>2</em></span> <span class='ocrx_word' id='word_1_299' title='bbox 432 2888 473 2922; x_wconf 85' lang='lat' dir='ltr'>et</span> <span class='ocrx_word' id='word_1_300' title='bbox 494 2885 550 2922; x_wconf 88' lang='grc'>21</span> <span class='ocrx_word' id='word_1_301' title='bbox 580 2889 621 2922; x_wconf 76' lang='lat' dir='ltr'>et</span> <span class='ocrx_word' id='word_1_302' title='bbox 639 2896 686 2934; x_wconf 82' lang='lat' dir='ltr'>p.</span> <span class='ocrx_word' id='word_1_303' title='bbox 709 2884 776 2930; x_wconf 87' lang='lat'>95,</span> <span class='ocrx_word' id='word_1_304' title='bbox 798 2885 855 2923; x_wconf 86' lang='grc'>28</span> <span class='ocrx_word' id='word_1_305' title='bbox 915 2884 967 2924; x_wconf 90' lang='grc'>19</span> <span class='ocrx_word' id='word_1_306' title='bbox 998 2883 1232 2924; x_wconf 78' lang='lat' dir='ltr'>distrinxit</span> <span class='ocrx_word' id='word_1_307' title='bbox 1251 2881 1309 2934; x_wconf 91' lang='lat' dir='ltr'>B,</span> <span class='ocrx_word' id='word_1_308' title='bbox 1338 2881 1417 2922; x_wconf 80' lang='lat' dir='ltr'>sed</span> <span class='ocrx_word' id='word_1_309' title='bbox 1432 2881 1574 2933; x_wconf 82' lang='lat' dir='ltr'>prima</span> <span class='ocrx_word' id='word_1_310' title='bbox 1594 2880 1610 2919; x_wconf 92' lang='lat' dir='ltr'>i</span> <span class='ocrx_word' id='word_1_311' title='bbox 1631 2892 1689 2920; x_wconf 81' lang='lat' dir='ltr'>ex</span> <span class='ocrx_word' id='word_1_312' title='bbox 1709 2892 1823 2922; x_wconf 81' lang='lat' dir='ltr'>corr.</span> 
     </span>
     <span class='ocr_line' id='line_1_40' title="bbox 215 2935 1822 2992; baseline -0.003 -12"><span class='ocrx_word' id='word_1_313' title='bbox 215 2941 269 2981; x_wconf 83' lang='lat'>23</span> <span class='ocrx_word' id='word_1_314' title='bbox 293 2950 616 2992; x_wconf 78' lang='lat' dir='ltr'>Syracusarum</span> <span class='ocrx_word' id='word_1_315' title='bbox 636 2938 725 2978; x_wconf 86' lang='lat' dir='ltr'>Pb:</span> <span class='ocrx_word' id='word_1_316' title='bbox 757 2950 1142 2990; x_wconf 85' lang='lat' dir='ltr'>syracusanorum</span> <span class='ocrx_word' id='word_1_317' title='bbox 1164 2938 1207 2978; x_wconf 90' lang='lat' dir='ltr'><em>B</em></span> <span class='ocrx_word' id='word_1_318' title='bbox 1265 2938 1321 2978; x_wconf 81' lang='lat'>24</span> <span class='ocrx_word' id='word_1_319' title='bbox 1346 2936 1590 2990; x_wconf 83' lang='lat' dir='ltr'>rescripsit</span> <span class='ocrx_word' id='word_1_320' title='bbox 1607 2935 1650 2976; x_wconf 91' lang='lat' dir='ltr'><em>B</em></span> <span class='ocrx_word' id='word_1_321' title='bbox 1669 2937 1713 2976; x_wconf 81' lang='lat' dir='ltr'>in</span> <span class='ocrx_word' id='word_1_322' title='bbox 1732 2947 1822 2975; x_wconf 66' lang='lat' dir='ltr'>raa.</span> 
     </span>
    </p>
   </div>
  </div>
 </body>
</html>
