1924 3152
197 117 304 171 290
895 122 995 169 LlB.
1034 123 1104 170 Vl.

196 237 381 300 potest
413 250 506 281 -ε
562 239 800 283 ceterum
838 230 978 282 ratio
1013 228 1222 300 public-i
1254 231 1470 301 imperii
1502 241 1812 301 praetorem

196 301 356 351 nimis
385 317 639 369 asperum
666 299 970 352 existimari
994 318 1106 353 non
1130 301 1356 370 patitur.
1656 348 1659 349 γ

302 370 352 421 6.
381 369 469 422 Sic
490 388 548 422 se
566 371 624 422 in
647 370 783 422 uiris
810 369 1102 441 puniendis
1131 371 1394 424 seueritas
1421 371 1684 439 exercuit,
1713 373 1812 426 sed

195 457 261 491 ne
288 439 344 490 in
370 440 587 492 feminis
615 439 834 512 quidem
862 439 1131 511 supplicio
1158 440 1478 494 adficiendis
1506 442 1812 512 segniorem

151 523 171 556 ⁵
194 509 320 579 egit.
373 510 639 563 Horatius
671 510 870 582 [prius]
898 509 1104 581 proelio
1132 511 1296 563 trium
1308 510 1697 582 Curiatiorum,
1725 531 1809 567 ce-

194 588 370 632 terum
397 580 716 634 condicione
741 599 958 651 pugnae
983 580 1226 634 omnium
1246 580 1586 638 Albanorum
1610 583 1808 650 uictor,

194 668 314 702 curn
341 669 409 703 ex
434 650 529 703 illa
555 650 861 704 clarissima
887 651 1003 703 acie
1039 652 1261 704 domum
1286 661 1538 722 repetens
1567 671 1808 707 sororem

194 739 348 772 suam
367 721 638 790 uirginem
648 721 860 775 Curiati
880 722 1068 792 sponsi
1087 730 1316 775 mortem
1335 721 1613 792 profusius
1638 741 1803 794 quam

191 790 287 843 illa
307 800 458 845 aetas
481 791 719 846 debebat
732 791 952 845 flentem
965 791 1217 859 uidisset,
1245 791 1447 861 gladic,
1469 811 1574 863 quo
1594 794 1808 863 patriae

127 876 168 907 10
189 879 306 915 rem
341 863 480 916 bene
506 870 783 932 gesserat,
819 863 1120 928 interemit,
1157 880 1351 932 parum
1385 863 1615 933 pudicas
1650 870 1805 916 ratus

190 932 443 986 lacrimas
453 972 468 999 ‚
505 951 644 1003 quae
670 950 1036 1003 praepropero
1076 933 1251 986 amori
1277 932 1569 986 dabantur.
1644 952 1807 1004 quem

188 1002 291 1055 hoc
316 1005 534 1057 nomine
559 1022 714 1056 reum
739 1004 886 1074 apud
920 1001 1183 1074 populum
1218 1010 1401 1056 actum
1435 1011 1594 1073 pater
1619 1003 1806 1056 defen-

192 1071 283 1125 dit.
347 1074 425 1126 ita
461 1073 622 1144 paulo
659 1074 983 1144 propensior
1019 1073 1230 1125 animus
1266 1072 1488 1144 puellae⁴
1509 1073 1579 1126 ad
1604 1091 1805 1127 memo-

188 1143 326 1195 riam
352 1144 526 1197 futuri
552 1145 659 1197 uiri
694 1152 748 1197 et
782 1144 1007 1197 fratrem
1045 1145 1286 1197 ferocem
1310 1143 1586 1197 uindicem
1612 1152 1666 1197 et
1687 1145 1805 1197 uin-

125 1226 165 1259 15
189 1214 366 1267 dictae
393 1222 506 1267 tam
531 1214 775 1284 rigidum
800 1213 1154 1267 adsensorem
1178 1224 1392 1284 patrem
1415 1214 1626 1268 habuit.

295 1286 344 1337 7.
384 1285 673 1339 Consimili
708 1285 1004 1338 seueritate
1041 1293 1260 1336 senatus
1304 1292 1498 1354 postea
1540 1303 1668 1336 usus
1707 1286 1800 1354 Sp.

186 1354 469 1408 Postumio
519 1355 726 1408 Albino
788 1355 856 1420 Q.
912 1354 1122 1407 Marcio
1176 1353 1432 1423 Philippo
1484 1353 1814 1407 consulibus,

185 1425 472 1478 mandauit
496 1434 557 1478 ut
585 1424 651 1477 de
676 1426 766 1492 iis,
794 1443 935 1496 quae
957 1424 1127 1477 sacris
1150 1423 1577 1476 Bacchanalium
1596 1424 1804 1477 inceste

185 1514 318 1548 usae
344 1496 590 1563 fuerant,
629 1494 982 1566 inquirerent.
1058 1513 1091 1547 a
1117 1494 1315 1565 quibus
1342 1512 1465 1547 cum
1489 1493 1695 1548 multae
1721 1513 1803 1547 es-

121 1578 162 1611 20
187 1574 308 1618 sent
344 1565 662 1633 damnatae,
711 1567 769 1617 in
804 1583 989 1618 omnes
1027 1565 1249 1634 cognati
1282 1565 1429 1616 intra
1466 1563 1657 1617 domus
1686 1565 1799 1616 ani-

183 1635 621 1703 maduerterunt,
667 1635 885 1706 lateque
922 1643 1114 1706 patens
1163 1634 1445 1705 opprobrii
1481 1633 1814 1688 deformitas-

186 1707 479 1760 seueritate
517 1706 754 1778 supplici
793 1705 1084 1759 emendata
1109 1712 1220 1772 est,
1258 1706 1388 1775 quia
1424 1713 1688 1776 quantum
1713 1723 1800 1758 ru-

180 1777 330 1831 boris
359 1778 571 1830 ciuitati
596 1785 818 1831 nostrae
843 1776 1099 1829 mulieres
1130 1777 1363 1846 turpiter
1385 1793 1442 1827 se
1460 1774 1700 1845 gerendo
1721 1776 1800 1827 in-

182 1848 485 1915 cusserant,
514 1856 728 1901 tantum
759 1846 937 1900 laudis
958 1847 1204 1916 grauiter
1222 1846 1444 1916 punitae
1466 1845 1797 1899 adtulerunt.

117 1930 158 1963 25
289 1919 338 1971 8.
391 1913 644 1972 Publicia
692 1927 902 1985 autem,
954 1935 1093 1988 quae
1142 1916 1484 1970 Postumium
1534 1914 1800 1969 Albinum

63 2054 158 2088 Par·
187 2050 489 2110 frequentiam
515 2051 744 2097 latrocinii
771 2050 982 2100 edixerat,
1010 2063 1066 2095 ne
1094 2051 1193 2109 quis
1223 2048 1362 2093 telum
1388 2047 1592 2095 haberet.
1654 2052 1693 2092 7.
1722 2018 1801 2094 Se·

181 2127 316 2166 natus
363 2120 440 2181 Sp.
486 2121 722 2166 Postumio
771 2120 932 2165 Albino
978 2119 1026 2164 0.
1063 2120 1228 2164 Marcio
1275 2117 1488 2178 Philippo
1529 2117 1797 2163 consulibus

984 2162 1010 2175 Ὦ

180 2191 410 2236 mandauit
437 2191 490 2236 de
517 2192 586 2236 his
603 2225 613 2241 ,
654 2192 731 2250 qui
758 2190 900 2235 sacris
927 2187 1267 2235 Bacchanalium
1304 2189 1478 2234 inceste
1503 2189 1573 2232 usi
1601 2187 1796 2238 fuerant,

181 2261 483 2321 inquirerent.
539 2274 830 2321 magna'pars
858 2275 901 2320 p.
928 2260 976 2305 R.
1007 2260 1163 2320 punita
1191 2265 1273 2304 est.
1349 2262 1387 2304 8.
1428 2257 1650 2309 Publicia,
1680 2272 1796 2319 qnae

115 2339 156 2371 30
178 2332 462 2378 Postumium
498 2331 708 2377 Albinum
745 2330 999 2382 consulem,
1047 2331 1156 2375 item
1190 2329 1384 2380 Licinia,
1424 2342 1538 2389 quae
1564 2327 1797 2374 Claudium

291 2471 318 2510 4
338 2471 598 2523 segniorem
629 2482 678 2509 se
701 2470 740 2508 D
762 2482 901 2518 corn,
934 2472 979 2507 ac
1009 2468 1263 2519 coqitatione
1293 2467 1569 2520 repetendum
1595 2467 1798 2518 superius
1850 2504 1858 2519 x

178 2538 241 2575 se,
264 2527 319 2577 cf.
346 2529 386 2574 4,
410 2530 449 2575 1,
473 2530 510 2567 6.
544 2528 582 2573 8,
609 2529 644 2573 7,
668 2525 723 2565 E.
748 2527 774 2564 8
825 2527 849 2565 5
871 2524 997 2576 prius
1018 2524 1187 2576 Kempf
1208 2526 1375 2564 inclusit
1414 2520 1433 2574 ΙΙ
1473 2523 1611 2562 trium
1639 2523 1795 2562 curia-

177 2584 292 2623 tium
316 2582 416 2635 (sic)
441 2587 645 2624 ceterum
669 2582 939 2622 condicione
962 2593 1054 2634 pug
1074 2582 1136 2620 sic
1157 2581 1200 2620 B
1222 2581 1265 2620 in
1286 2592 1374 2620 ras.
1418 2576 1438 2633 [1
1488 2582 1690 2619 ceterum
1713 2591 1790 2619 om.

177 2642 232 2679 al.
301 2641 325 2679 7
349 2641 470 2680 acin
499 2632 555 2679 B'
644 2639 670 2679 8
695 2638 884 2678 curiatis
907 2637 1066 2690 sponsi
1086 2640 1275 2678 mortem
1297 2635 1352 2684 B,
1374 2637 1455 2677 sed
1473 2634 1726 2688 sponsimor
1747 2635 1789 2673 in

175 2707 264 2737 ras,
327 2698 377 2735 11
400 2708 595 2749 propero
617 2695 659 2735 B
740 2696 791 2735 16
813 2707 878 2747 sp.
903 2693 1131 2746 postumio
1153 2693 1195 2733 B
1215 2695 1258 2733 in
1282 2706 1371 2735 ras.
1447 2693 1500 2732 17
1523 2702 1567 2742 q.
1591 2689 1654 2740 (in
1676 2688 1808 2741 ras.)-

175 2752 340 2792 martio
363 2752 405 2791 B
466 2753 519 2792 18
539 2752 611 2791 his
634 2751 676 2791 B
697 2749 715 2805 Η
743 2752 919 2807 incerte
941 2744 995 2789 B'
1055 2752 1110 2791 20
1132 2750 1317 2802 cognati
1338 2748 1362 2788 b
1384 2753 1426 2789 et
1446 2747 1648 2799 Piylzius:
1682 2757 1789 2798 cog·

174 2809 273 2866 nite³
292 2808 334 2848 B
354 2814 398 2848 ut
418 2809 588 2848 uidetur
615 2804 634 2861 Η
669 2807 824 2849 domos
847 2809 949 2849 dett.
1012 2808 1066 2846 22
1095 2806 1313 2860 supplicii
1335 2805 1519 2856 dempta
1542 2805 1612 2842 est
1633 2801 1688 2851 B,
1712 2803 1792 2842 sed

179 2866 241 2906 cii
261 2865 446 2918 dempta
470 2867 538 2905 est
559 2866 599 2903 in
621 2877 708 2905 ras.
771 2866 825 2905 25
846 2863 1034 2917 publica
1056 2856 1111 2902 B'

290 2923 344 2962 29
365 2921 531 2961 Publia
560 2922 604 2961 V
