1924 3152
607 150 729 196 CAP.
754 150 785 201 1,
813 149 842 209 g
871 151 1066 195 13—15.
1093 149 1190 195 Ext.
1213 149 1243 208 g
1272 152 1309 195 1.
1338 154 1378 196 2.
1703 142 1802 194 171

165 259 368 313 cedere
403 259 613 328 coegit,
650 257 1042 328 carnificesque
1077 256 1360 326 sanguinis
1389 256 1475 308 sui
1508 258 1745 310 intactos
1775 274 1804 308 e

171 330 410 400 uestigio
446 328 518 382 ad
545 327 896 399 Cleopatram
930 327 1121 381 reduci
1155 327 1344 395 iussit,
1384 327 1615 381 dicendo
1654 335 1803 398 pote-

167 408 373 455 ·statem
406 399 567 453 huius
601 398 881 452 uindictae
915 417 1024 451 non
1059 417 1241 465 suam,
1289 398 1386 451 sed
1422 406 1645 451 senatus
1684 417 1804 451 esse

174 472 393 526 debere.

280 545 399 594 Exi.
432 542 480 593 1.
533 541 867 593 Tarentinus
889 539 1185 611 Archytas,
1215 541 1345 592 dum
1372 559 1430 593 se
1455 540 1807 611 Pythagorae
1829 553 1850 588 5

210 612 481 683 raeceptis
503 611 815 683 Metaponti
840 611 1060 682 penitus
1086 612 1364 681 inmergit‚
1392 629 1590 681 magno
1617 611 1807 665 labore

193 701 442 753 ongoque
468 691 714 753 tempore
742 681 980 736 solidum
1007 701 1143 753 opus
1172 682 1452 735 doctrinae
1488 682 1806 753 conplexuS‚

171 762 464 827 postquam
506 755 564 805 in
607 754 844 824 patriam
889 754 1118 806 reuertit
1154 772 1217 806 ac
1257 772 1387 806 rura
1423 772 1524 806 sua
1566 754 1808 806 reuisere

168 825 383 895 coepit,
435 824 828 877 animaduertit
870 824 1220 894 neglegentia
1260 824 1415 877 uilici
1458 833 1720 895 corrupta
1754 832 1810 878 et

174 896 420 968 perdita,
458 895 784 966 intuensque
810 895 952 948 male
976 896 1232 948 meritum
1269 901 1284 925 ³
1302 897 1690 966 sumpsissem'
1726 897 1806 948 in-
1831 910 1873 942 ιο

175 967 295 1038 quit
322 974 385 1018 ‘a
409 973 464 1018 te
492 965 847 1037 supplicium,
878 966 988 1018 nisi
1014 966 1117 1020 tibi
1142 968 1312 1019 iratus
1341 974 1571 1019 essem':
1613 966 1810 1019 maluit

175 1038 319 1091 enim
361 1037 674 1108 inpunitum
711 1037 988 1090 dimittere
1026 1056 1191 1108 quam
1225 1046 1450 1108 propter
1485 1038 1625 1090 iram
1660 1040 1807 1091 iusto

169 1126 398 1179 graulus
425 1125 637 1177 pumre.

280 1178 332 1230 2.
388 1178 564 1230 Nimis
610 1177 852 1231 liberalis
889 1178 1171 1249 Archytae
1215 1178 1551 1246 moderatiO‚
1603 1186 1808 1249 tempe-

172 1250 345 1302 ratior
379 1248 643 1301 Platonis,
717 1255 846 1300 nam
883 1267 1007 1300 cum
1051 1248 1319 1301 aduersus
1359 1248 1620 1302 delictum
1663 1249 1809 1301 serui
1833 1261 1876 1296 15

172 1319 549 1373 uehementius
578 1319 895 1387 exarsisset,
922 1319 1129 1372 ueritus
1150 1339 1218 1372 ne
1244 1320 1362 1390 ipse
1388 1320 1670 1373 uindictae
1696 1339 1808 1373 mo-

174 1391 306 1444 dum
341 1389 610 1461 dispicere
653 1408 764 1442 non
802 1398 1020 1461 posset,
1074 1390 1384 1462 Speusippo
1432 1392 1608 1444 amico
1646 1390 1809 1444 casti-

175 1461 415 1532 gationis
452 1461 741 1515 arbitrium
776 1460 1088 1528 mandauit,
1129 1461 1375 1515 deforme
1413 1461 1522 1514 sibi
1557 1464 1809 1515 futurum

174 1533 499 1586 existimans
515 1573 529 1599 ‚
567 1532 615 1584 si
642 1532 989 1585 conmisisset
1013 1541 1075 1585 ut
1099 1551 1290 1603 parem
1325 1532 1810 1603 reprehensionem

176 1603 340 1673 culpa
366 1602 513 1655 serui
539 1610 592 1655 et
619 1603 1020 1667 animaduersio
1048 1604 1295 1657 Platonis
1323 1612 1640 1656 mereretur.
1832 1618 1875 1650 20

286 1673 408 1738 Quo
453 1673 632 1724 minus
684 1674 853 1727 miror
889 1674 1038 1744 quod
1079 1675 1139 1726 in
1178 1675 1491 1727 Xenocrate
1537 1674 1808 1744 discipulo

178 1762 276 1797 suo
305 1750 418 1796 tam
443 1752 763 1796 constanter
787 1744 1104 1797 moderatus
1131 1745 1256 1797 fuit.
1308 1745 1563 1811 audierat
1588 1764 1712 1797 eum
1739 1744 1808 1796 de

178 1833 237 1867 se
263 1812 438 1867 multa
473 1813 622 1884 inpie
648 1813 913 1867 locutum:
958 1815 1076 1867 sine
1111 1815 1227 1867 ulla
1252 1816 1603 1868 cunctatione
1630 1815 1809 1866 crimi-

179 1887 459 1938 nationem
492 1886 720 1956 respuit.
780 1885 1025 1938 instabat
1061 1893 1210 1939 certo
1251 1885 1410 1938 uultu
1445 1885 1642 1952 index,
1684 1904 1809 1937 cau-

178 1975 297 2007 sam
337 1973 603 2026 quaerens
641 1974 737 2008 cur
773 1956 880 2008 sibi
914 1955 1050 2009 fides
1088 1975 1200 2010 non
1233 1956 1556 2010 haberetur:
1607 1955 1811 2009 adiecit
1832 1969 1876 2002 25

178 2044 288 2079 non
324 2044 445 2078 esse
482 2026 747 2080 credibile
781 2034 843 2080 ut
871 2045 1032 2098 quem
1067 2035 1354 2098 tantopere
1391 2036 1600 2079 amaret
1636 2027 1707 2080 ab
1745 2045 1808 2079 eo

175 2097 412 2150 inuicem
438 2116 551 2149 non
578 2097 915 2167 diligeretur.
964 2105 1242 2167 postremo
1270 2117 1395 2150 cum
1421 2098 1491 2150 ad
1516 2098 1601 2149 ius
1628 2098 1810 2149 iuran-

178 2167 310 2220 dum
344 2168 662 2220 inimicitias
699 2168 930 2220 serentis
968 2167 1284 2237 malignitas
1323 2168 1690 2236 confugisset,
1741 2184 1811 2218 ne

120 2356 128 2364 θ
181 2302 324 2346 nianis
352 2299 594 2349 militibus.
622 2300 788 2346 deditis
817 2301 903 2346 sibi
932 2303 996 2346 eis
1025 2316 1046 2346 a
1075 2300 1336 2361 Cleopatra,
1374 2299 1524 2346 dolori
1553 2313 1637 2345 suo
1664 2290 1806 2360 impe·
1830 2317 1924 2352 Par,

183 2372 317 2420 ranst,
345 2370 498 2417 dicens
525 2377 804 2430 potestatem
831 2372 967 2416 huius
994 2371 1223 2417 uindictae
1252 2378 1439 2417 senatus
1467 2384 1584 2416 esse.
1832 2391 1875 2424 30

289 2442 330 2485 1.
368 2441 588 2500 Archytas
615 2442 913 2492 Tarentinus,
944 2441 1049 2487 dum
1075 2441 1364 2502 Pythagorae
1390 2443 1646 2502 praeceptis
1673 2440 1810 2485 Meta-

184 2510 314 2571 ponti
341 2512 523 2570 penitus
552 2511 774 2561 intendit,
811 2525 1027 2557 reuersus
1055 2511 1099 2556 in
1127 2513 1321 2572 patriam
1347 2518 1450 2557 cum
1478 2512 1628 2557 omnia
1655 2509 1811 2570 negle-

184 2582 336 2640 gentia
358 2579 483 2625 uilici
504 2587 721 2641 corrupta
742 2581 950 2633 uidisset,
971 2580 1247 2642 ‘punissem'
1265 2581 1414 2642 inquit
1429 2581 1563 2627 ‘male
1582 2582 1808 2630 meritum,

184 2652 272 2697 nisi
299 2651 561 2697 irascerer'.
639 2655 678 2696 2.
718 2651 847 2697 Plato
876 2666 979 2697 cum
1016 2652 1238 2698 aduersus
1267 2665 1454 2697 seruum
1490 2651 1809 2697 uehementius

184 2722 452 2772 exarsisset,
514 2722 761 2782 Pleusippo
812 2724 955 2768 amico
1006 2724 1354 2782 castigationem
1415 2723 1513 2768 eius
1564 2722 1810 2768 mandauit.
1834 2742 1876 2776 35

300 2847 352 2886 12
390 2846 513 2886 enim
541 2845 609 2886 B:
650 2858 753 2886 eum
781 2846 923 2888 Periz.
992 2847 1044 2888 15
1074 2845 1298 2887 aduersus
1318 2846 1416 2897 Pb:
1455 2858 1618 2887 uersus
1645 2845 1688 2886 B
1758 2846 1810 2885 17

185 2913 445 2956 pseusoppo
473 2901 529 2949 B,
561 2902 807 2955 pleusippo
835 2902 859 2943 b
927 2905 982 2944 20
1012 2901 1416 2944 adanimaduhrsio
1445 2902 1488 2942 B
1546 2904 1601 2943 27
1634 2914 1737 2942 cum
1764 2899 1814 2941 15.

184 2955 233 3009 (ἦ,
252 2959 296 2999 in
315 2958 426 3011 ras.)
449 2957 507 2999 ad
527 2958 584 3007 B,
617 2972 672 2999 an
695 2971 796 2999 cum
818 2960 959 3000 etiam
981 2958 1069 3000 ad?
