1924 3152
191 143 298 196 270
903 151 1001 196 LlB.
1042 151 1090 197 V.

191 257 400 327 plinam
426 257 660 322 adtinet,
698 257 978 326 proximus
1007 276 1039 308 a
1064 258 1292 311 Platone
1317 259 1491 313 felicis
1520 280 1583 314 ac
1606 263 1803 316 beatae
1839 258 1842 260 ⁵

191 326 481 379 facundiae
507 325 738 394 gradUS,
776 345 899 379 cum
933 327 1195 381 sollemne
1231 329 1554 384 sacrificium
1578 351 1799 405 perage·
1851 351 1856 357 ·

191 405 300 462 ret,
341 415 410 447 ex
446 396 656 448 duobus
695 395 821 449 filiis
849 399 1108 463 maiorem
1143 409 1276 452 natu
1303 401 1519 454 nomine
1546 401 1804 471 Gryllum

192 467 337 536 apud
362 466 700 518 Mantineam
736 467 794 518 in
828 468 1033 538 proelio
1074 470 1334 522 cecidisse
1362 474 1637 540 cognouit.
1701 491 1802 526 nec

151 548 170 579 5
193 537 314 589 ideo
341 536 652 588 institutum
679 537 903 590 deorum
932 538 1136 591 cultum
1172 540 1532 598 omittendum
1565 544 1800 613 putauit,

193 607 289 658 sed
325 614 539 658 tantum
573 606 732 659 modo
767 628 1022 661 eoronam
1059 610 1328 680 deponere
1362 621 1648 666 contentus
1675 613 1802 665 fuit.

192 695 356 747 quam
389 677 591 746 ipsam,
635 688 983 747 percontatus
1018 699 1257 750 quonam
1291 681 1451 734 modo
1491 682 1800 748 occidisset,

190 755 253 798 ut
279 746 491 798 audiuit
516 747 812 800 fortissime
839 758 1171 819 pugnantem
1209 751 1489 818 interisse,
1528 753 1695 822 capiti
1720 772 1800 805 re-

191 817 401 886 posuit,
437 818 687 884 numina,
726 819 924 888 quibus
954 820 1327 886 sacrificabat,
1365 829 1595 874 testatus
1634 823 1798 874 maio-

122 900 162 932 10
190 906 304 939 rem
340 906 398 939 se
436 906 505 939 ex
541 888 744 940 uirtute
782 889 880 940 filii
916 889 1259 960 uoluptatem
1303 909 1467 961 quam
1511 910 1580 944 ex
1621 900 1798 946 morte

191 957 611 1010 amaritudinem
639 959 855 1011 sentire.
906 959 1043 1012 alius
1071 961 1394 1012 remouisset
1419 961 1680 1029 hostiam,
1709 963 1800 1016 ab·

188 1027 408 1079 iecisset
445 1026 666 1095 altaria,
714 1028 953 1081 lacrimis
1002 1049 1255 1100 respersa
1298 1039 1421 1082 tura
1456 1031 1797 1091 Vdisiecisset:

190 1097 571 1168 Xenophontis
610 1118 808 1168 corpus
846 1099 1097 1168 religioni
1132 1101 1390 1154 inmobile
1426 1103 1577 1155 stetit
1613 1111 1665 1155 et
1690 1103 1801 1154 ani-

189 1186 308 1219 mus
322 1168 379 1218 in
389 1167 613 1221 consilio
625 1169 944 1239 prudentiae
957 1170 1168 1223 stabilis
1182 1173 1382 1223 mansit
1394 1190 1458 1224 ac
1485 1172 1660 1225 dolori
1684 1191 1801 1225 suc-

127 1248 167 1280 15
191 1239 445 1290 cumbere
467 1240 588 1309 ipsa
609 1239 781 1306 clade,
806 1258 944 1310 quae
964 1242 1216 1294 nuntiata
1227 1250 1359 1307 erat,
1390 1243 1599 1295 tristius
1626 1243 1801 1295 duxit.

295 1309 346 1360 3.
411 1309 492 1361 Ne
546 1311 908 1378 Anaxagoras
958 1310 1179 1380 quidem
1229 1312 1647 1381 supprimendus
1699 1321 1797 1365 est.

191 1378 378 1430 audita
402 1393 636 1449 namque
663 1389 835 1431 morte
870 1380 967 1431 filii
1006 1380 1169 1432 ‘nihil
1195 1381 1363 1432 mihi>
1401 1381 1582 1452 inquit
1620 1383 1796 1434 ‘inex-

192 1456 498 1518 spectatum
519 1457 615 1501 aut
639 1468 840 1502 nouum
865 1452 1109 1505 nuntias:
1142 1468 1240 1520 ego
1269 1452 1412 1503 enim
1438 1453 1591 1503 illum
1618 1472 1687 1505 ex
1713 1471 1798 1504 me

190 1526 377 1572 natum
403 1521 643 1571 sciebam
670 1538 786 1571 esse
814 1519 1145 1573 mortalem'.
1186 1522 1284 1573 has
1312 1540 1472 1574 uoces
1493 1522 1798 1575 utilissimis

127 1599 169 1630 ‘20
191 1590 497 1659 praeceptis
525 1590 718 1642 inbuta
742 1590 916 1642 uirtus
945 1591 1131 1643 mittit.
1184 1610 1317 1662 quas
1346 1592 1392 1642 si
1420 1593 1538 1662 quis
1567 1592 1798 1644 efficaci-

190 1668 274 1711 ter
299 1660 523 1712 auribus
562 1661 853 1730 receperit,
889 1679 998 1712 non
1031 1661 1307 1729 ignorabit
1341 1662 1419 1713 ita
1453 1661 1653 1716 liberos
1681 1681 1800 1715 esse

189 1730 556 1798 procreandos
572 1769 586 1795 ,
614 1739 674 1782 ut
701 1731 1009 1783 meminerit
1034 1731 1119 1783 his
1148 1751 1179 1783 a
1205 1750 1385 1784 rerum
1410 1738 1609 1784 natura
1633 1740 1688 1785 et
1713 1750 1798 1784 ac-

190 1799 428 1868 cipiendi
454 1800 676 1870 spiritus
706 1809 758 1852 et
783 1801 1051 1853 reddendi
1078 1802 1269 1854 eodem
1295 1810 1566 1855 momento
1593 1809 1798 1873 tempo-

189 1870 263 1920 ris
290 1868 467 1937 legem
494 1870 620 1938 dici,
649 1878 809 1941 atque
835 1879 895 1923 ut
921 1872 1056 1924 mori
1072 1873 1342 1924 neminem
1361 1872 1549 1939 solere,
1579 1872 1799 1944 quinon

127 1949 167 1981 25
191 1939 414 2006 uixerit,
442 1941 520 1992 ita
546 1959 611 1992 ne
637 1942 824 1993 uiuere
853 1942 1071 2011 quidem
1098 1942 1336 2012 aliquem
1362 1961 1541 2012 posse,
1571 1945 1663 2013 qui
1689 1962 1798 1996 non

193 2009 265 2062 sit
290 2011 604 2062 moriturus.

83 2116 168 2162 Pa'r.
194 2127 413 2172 sollemne
447 2127 715 2172 sacrificium
742 2134 1005 2187 perageret,
1044 2142 1066 2172 e
1092 2128 1270 2173 duobus
1307 2129 1412 2173 filiis
1447 2129 1663 2174 maiorem
1688 2135 1797 2174 natu

192 2199 372 2242 nomine
394 2197 593 2256 Gryllum
617 2198 733 2256 apud
754 2198 1016 2242 Mantineam
1044 2200 1088 2242 in
1110 2198 1283 2257 proelio
1312 2198 1528 2243 cecidisse
1555 2199 1796 2257 cognouit:

192 2280 276 2312 nee
301 2267 404 2312 ideo
431 2267 689 2311 institutum
716 2267 888 2312 cultum
915 2268 1101 2313 deorum
1128 2271 1343 2319 mutauit,
1373 2268 1520 2313 solum
1547 2275 1694 2313 tamen
1721 2282 1797 2314 co·

127 2341 169 2372 30
191 2350 349 2382 ronam
370 2337 603 2396 deposuit:
633 2351 763 2396 quam
791 2344 835 2382 et
862 2337 1018 2396 ipsam,
1046 2353 1145 2383 cum
1174 2339 1374 2383 audisset
1393 2338 1575 2383 fortiter
1594 2352 1798 2398 pugnan-

193 2413 283 2452 tem
312 2407 543 2458 eecidisse,
571 2407 720 2452 statim
750 2409 1009 2467 resumpsit.
1062 2411 1102 2453 3.
1130 2410 1416 2469 Anaxagoras
1444 2422 1544 2454 cum
1571 2408 1650 2453 filii
1678 2422 1798 2453 mor-

193 2483 283 2523 tem
320 2478 543 2528 audisset,
582 2478 723 2522 ‘nihil
757 2478 895 2522 mihi'
934 2479 1079 2538 inquit¹
1118 2480 1478 2539 ‘inexpectatum
1514 2484 1592 2524 aut
1627 2492 1796 2523 nouum

191 2549 398 2594 nuntias:
439 2562 524 2608 ego
553 2547 671 2593 enim
698 2561 749 2592 ex
774 2563 845 2594 me
873 2555 1025 2595 natum
1053 2548 1248 2596 sciebam
1273 2563 1375 2615 esse
1399 2549 1679 2595 mortalem'.

305 2659 330 2697 3
354 2660 400 2697 et
430 2654 533 2708 (del.
554 2670 604 2696 m.
629 2656 675 2708 2)
705 2656 882 2697 duobus
912 2656 1017 2697 filiis
1058 2658 1230 2697 maiore
1262 2661 1374 2697 natu
1404 2657 1584 2698 nomine
1618 2655 1794 2709 grylum

194 2711 315 2762 apud
327 2713 645 2752 mantineanB
688 2715 739 2754 13
760 2713 1027 2766 religioniB
1050 2712 1181 2764 (corr.
1195 2713 1544 2766 1m.eregioni):
1568 2711 1794 2763 religione

192 2769 297 2810 dett.
360 2770 410 2808 16
434 2770 712 2821 anaxagoris
736 2763 789 2809 B'
850 2772 904 2810 20
927 2771 1059 2821 quasi
1079 2770 1121 2809 B
1142 2783 1255 2811 corr.
1277 2772 1319 2809 in
1341 2768 1472 2822 quasi
1529 2770 1584 2808 24
1603 2769 1795 2820 quimon

193 2823 235 2864 B
294 2824 347 2863 25
370 2823 574 2875 aliquem
597 2825 844 2876 quidemB,
866 2828 945 2866 sed
964 2827 1064 2867 add.
1088 2828 1218 2877 siquis
1239 2826 1609 2876 transpositionis;
1630 2837 1686 2865 an
1709 2824 1797 2863 ali-

194 2892 344 2931 quem,
368 2883 482 2920 cuius
503 2883 592 2919 loco
616 2893 891 2932 quemquam
923 2882 1267 2933 exspectabatur,
1289 2883 1496 2933 glossema
1516 2881 1610 2919 est?

306 2936 359 2976 27
385 2934 427 2988 e]
452 2949 553 2975 cum
581 2936 625 2974 V
677 2939 731 2976 28
753 2937 930 2988 grylum
954 2937 1074 2989 apud
1098 2939 1331 2977 antineam
1359 2937 1404 2976 V
