1878 3132
177 190 179 194 ι
212 123 279 175 98
920 128 1019 173 Lm.
1058 128 1109 173 11.

213 235 559 303 magistratu.
634 233 936 302 probentur
970 252 1112 286 nunc
1158 234 1452 290 cuiuslibet
1484 235 1693 306 gloriae
1733 255 1825 289 cu-

212 304 327 375 pidi
353 344 365 369 ‚
430 304 520 373 qui
576 322 646 355 ex
702 303 932 356 desertis
988 306 1266 358 montibus
1321 325 1827 378 myoparonumque

212 374 453 444 piraticis
476 374 667 425 rostris
693 373 870 426 laudis
896 376 1085 445 inopes
1106 374 1324 428 laureae
1343 375 1581 429 ramulos
1601 376 1825 431 festina-

217 445 395 497 bunda
430 463 596 495 manu
632 443 1039 514 decerpserunt.
1090 446 1447 515 Karthaginis
1473 448 1703 518 imperio
1730 449 1823 500 ab·

169 531 189 562 5
212 526 372 585 rupta
383 515 485 566 His
529 515 657 567 ania
682 523 735 567 et
748 514 964 568 Siciliae
992 524 1155 587 caput
1181 517 1474 585 abscisum,
1501 517 1825 588 Syracusae,

211 533 555 655 triumphalis
592 586 819 655 iungere
855 605 1045 638 currus
1081 588 1461 657 nequiuerunt.
1536 598 1591 642 et
1625 589 1820 658 quibus

210 657 382 708 uiris?
448 656 690 726 Scipioni
734 664 787 708 et
828 656 1114 724 Marcello,
1167 675 1394 728 quorum
1438 660 1559 728 ipsa
1600 659 1825 711 nomina

210 729 384 778 instar
410 727 617 779 aeterni
645 736 770 779 sunt
796 727 1073 798 triumphi.
1128 727 1225 779 sed
1252 727 1586 782 clarissimos
1614 727 1823 781 solidae

209 815 477 867 ueraeque
495 797 716 849 uirtutis
735 804 984 849 auctores
1006 799 1209 850 umeris
1233 799 1345 850 suis
1368 798 1599 851 salutem
1612 799 1824 868 patriae

147 882 189 913 10
211 875 514 937 gestanteS,
577 868 679 920 etsi
715 877 1004 920 coronatos
1051 869 1251 920 intueri
1290 869 1824 940 senatuscupiebat,

208 939 423 990 iustiori
448 946 633 990 tamen
658 938 1021 991 reseruandos
1049 937 1266 991 laureae
1291 940 1525 1010 putauit.

317 1009 367 1060 6.
405 1008 508 1060 His
535 1007 670 1058 illud
702 1009 1037 1060 subnectam.
1090 1009 1258 1061 Moris
1287 1018 1371 1061 est
1397 1010 1466 1062 ab
1493 1011 1822 1079 imperatore

211 1079 439 1131 ducturo
489 1079 825 1148 triumphum
869 1078 1115 1130 consules
1161 1080 1384 1132 inuitari
1428 1080 1500 1132 ad
1536 1098 1726 1131 cenam
1760 1097 1823 1132 ac

212 1148 410 1200 deinde
436 1150 618 1217 rogari
644 1159 704 1201 ut
730 1150 917 1200 uenire
944 1149 1350 1218 supersedeant,
1378 1168 1446 1202 ne
1474 1150 1593 1219 quis
1621 1169 1683 1202 eo
1713 1149 1822 1214 die,

148 1233 188 1264 15
213 1238 316 1289 quo
343 1217 434 1271 ille
461 1218 841 1289 triumpharit,
881 1219 1104 1271 maioris
1141 1220 1195 1271 in
1235 1220 1427 1273 eodem
1463 1221 1714 1273 conuiuio
1752 1221 1824 1272 sit

209 1307 443 1359 imperil.

317 1361 366 1411 7.
416 1358 621 1410 Verum
658 1360 906 1429 quamuis
936 1360 1056 1429 quis
1134 1360 1403 1412 raeclaras
1439 1378 1527 1412 res
1560 1361 1823 1412 maxime—

210 1448 313 1499 que
337 1428 499 1481 utiles
526 1430 605 1480 rei
631 1428 882 1499 publicae
909 1429 1057 1481 ciuili
1092 1379 1236 1483 liello
1264 1431 1554 1499 gessisset,
1589 1431 1823 1500 impera-

210 1509 295 1551 tor
320 1508 506 1551 tamen
533 1517 595 1551 eo
622 1501 840 1551 nomine
867 1499 1173 1570 appellatus
1200 1520 1310 1554 non
1335 1510 1447 1566 est,
1477 1519 1652 1571 neque
1676 1499 1824 1552 ullae

147 1583 190 1615 20
213 1566 642 1639 supplicationes
690 1570 940 1622 decretae
977 1578 1130 1637 sunt,
1181 1590 1355 1641 neque
1393 1579 1487 1623 aut
1522 1589 1691 1624 ouans
1727 1580 1824 1637 aut

211 1658 374 1691 curru
399 1639 784 1710 triumphauit,
824 1641 951 1711 quia
985 1650 1045 1693 ut
1078 1642 1418 1694 necessariae
1454 1642 1593 1694 istae
1632 1642 1711 1692 ita
1743 1640 1821 1692 lu-

210 1711 410 1779 gubres
463 1729 675 1780 semper
725 1711 1072 1763 existimatae
1116 1721 1240 1763 sunt
1289 1711 1582 1777 uictoriae,
1630 1720 1821 1782 utpote

209 1798 317 1832 non
345 1788 569 1832 externo
607 1781 704 1832 sed
732 1781 1030 1834 domestico
1067 1790 1257 1852 partae
1284 1800 1489 1835 cruore.
1549 1783 1733 1852 itaque
1770 1790 1824 1833 et

209 1851 412 1902 Nasica
433 1851 518 1902 Ti.
544 1851 854 1903 Gracchum
873 1860 927 1904 et
950 1855 983 1919 -ξ-
1005 1852 1071 1905 G.
1084 1851 1335 1904 Metellus
1350 1852 1534 1922 Opimi
1555 1852 1820 1904 factiones

146 1934 188 1965 25
211 1921 407 1972 maesti
441 1920 798 1974 trucidarunt.
886 1922 952 1987 Q.
993 1922 1217 1974 Catulus
1253 1922 1328 1974 M.
1365 1921 1576 1991 Lepido
1613 1921 1822 1990 collega

212 2009 307 2042 suo
353 2009 474 2041 cum
520 1993 771 2043 omnibus
817 1992 1092 2044 seditiosis
1137 1993 1307 2062 copiis
1353 1992 1594 2044 extincto
1636 1998 1822 2044 tamen

211 2060 549 2112 moderatum
571 2079 702 2129 prae
725 2079 783 2113 se
803 2061 984 2112 ferens
1005 2063 1267 2129 gaudium
1289 2062 1346 2113 in
1364 2062 1558 2115 urbem
1576 2062 1818 2114 reuertit.

212 2130 380 2183 Gaius
419 2131 582 2182 etiam
619 2131 915 2197 Antonius,
978 2130 1244 2184 Catilinae
1280 2134 1480 2199 uictor,
1541 2132 1821 2186 abstersos

95 2253 190 2287 Par·
217 2255 344 2293 erant
369 2248 495 2292 missi
522 2250 807 2307 magistratu.
870 2251 910 2292 6.
950 2249 1088 2294 Moris
1127 2257 1196 2293 est
1223 2250 1276 2294 ab
1316 2251 1590 2309 imperatore
1625 2250 1822 2294 ducturo
1851 2251 1854 2253 ’

146 2325 190 2357 30
213 2318 491 2378 triumphum
537 2319 749 2364 consules
786 2320 970 2364 inuitari
1016 2320 1067 2364 ad
1106 2333 1259 2364 cenam
1296 2333 1346 2364 ac
1380 2319 1540 2364 deinde
1575 2321 1725 2377 rogari
1768 2327 1820 2364 ut

211 2390 369 2434 uenire
397 2389 737 2447 supersedeant,
765 2402 820 2433 ne
841 2391 942 2449 quis
970 2403 1022 2434 eo
1045 2390 1129 2441 die,
1159 2403 1247 2449 quo
1275 2389 1351 2434 ille
1381 2389 1683 2449 triumpharit,
1710 2390 1821 2434 mai-

213 2461 306 2504 oris
333 2460 378 2503 in
406 2458 563 2504 eodem
590 2460 803 2505 conuiuio
832 2462 891 2504 sit
917 2461 1106 2520 imperii.

325 2585 350 2622 3
371 2583 541 2622 nostris
562 2583 617 2628 B,
640 2583 855 2622 monstris
877 2583 901 2622 b
960 2583 986 2622 9
1007 2582 1206 2623 humeris
1227 2583 1265 2622 lz.
1290 2585 1315 2623 I.
1337 2582 1379 2622 B
1440 2583 1491 2623 13
1514 2595 1569 2622 ac
1592 2583 1652 2622 P:
1674 2595 1750 2624 om.
1775 2582 1821 2621 B

212 2639 264 2679 14
293 2639 621 2679 -suazusedeant
649 2632 717 2686 B',
759 2638 1082 2692 supersideant
1112 2640 1135 2679 b
1213 2641 1267 2679 23
1304 2638 1517 2679 hesterno
1546 2637 1588 2676 B
1666 2639 1721 2678 24
1750 2638 1821 2678 tib

156 2719 161 2726 »
211 2695 457 2746 gracchum
480 2717 534 2721 -—
556 2696 696 2747 opimi
715 2696 770 2743 B,
794 2695 863 2737 Ti.
885 2695 1085 2736 Gracchi
1107 2699 1154 2736 et
1171 2694 1377 2747 Opimius
1395 2691 1443 2733 C.
1462 2692 1660 2734 Gracchi
1681 2696 1819 2746 uulgo,

208 2751 315 2801 fort.
340 2750 409 2789 Ti.
435 2751 631 2790 Gracchi
655 2755 701 2791 et
724 2751 812 2792 Gai
837 2755 882 2791 et
902 2751 1040 2791 Fului
1059 2752 1114 2791 L.
1139 2751 1346 2804 Opimius
1379 2749 1467 2800 (Ti.
1491 2748 1748 2790 Gracchum
1772 2753 1822 2789 et

213 2805 304 2846 Gai
331 2805 556 2858 gemellas
583 2805 794 2858 Opimius
815 2807 1039 2858 Foertsclz)
1101 2808 1155 2846 26
1183 2809 1338 2847 tamen
1368 2805 1472 2845 DF:
1502 2807 1681 2845 tantum
1702 2805 1744 2844 B
1775 2805 1821 2844 in

211 2874 314 2910 raa,
347 2875 424 2903 om.
447 2863 538 2908 alii,
572 2874 706 2912 quam
729 2877 766 2901 m
823 2865 878 2905 28
902 2863 1143 2904 catillinae
1164 2856 1220 2902 B'

252 2923 259 2931 “
325 2920 383 2960 31.
399 2917 701 2970 triumphabit
730 2918 773 2957 V
