1924 3152
741 126 858 174 CAP.
886 127 918 178 1,
949 127 987 187 ¹g
1015 83 1173 173 245:
1658 121 1765 175 219

124 235 389 292 umbonis
416 236 526 290 mei
551 235 775 307 inpulsu
799 242 1136 307 prostratum
1174 235 1524 306 agnouissem
1537 275 1552 302 ‚
1591 235 1762 308 adpli—

125 316 320 362 catum
361 308 474 360 iam
515 306 824 361 ceruicibus
868 306 979 359 tuis
1026 324 1346 360 mucronem
1396 325 1762 360 reuocassem.

130 386 288 431 tuum
342 397 474 448 ergo
530 379 736 431 crimen
780 378 851 430 sit
892 376 1167 448 hospitem
1211 377 1459 431 occidere
1503 377 1762 444 uoluisse,

67 453 69 455 ’
126 468 313 503 meum
346 468 457 503 non
497 449 604 502 eris
649 451 848 519 hospes
896 449 1130 502 occisus.
1190 448 1424 519 proinde
1461 448 1762 520 aliam'qua

125 520 350 575 occidas
379 519 666 573 dexteram
709 537 938 590 quaere,
985 520 1245 590 quoniam
1289 538 1412 572 mea
1446 527 1500 572 te
1538 538 1760 573 seruare
1783 533 1805 568 5

127 589 367 644 didicit'.
432 590 586 644 dedit
620 590 840 660 utrique
868 590 1107 643 caeleste
1141 609 1347 643 numen
1373 590 1621 644 debitum
1648 593 1762 644 exi-

129 670 267 728 tum,
297 661 345 713 si
371 660 592 732 quidem
616 661 674 713 in
700 680 763 714 eo
790 661 1000 732 proelio
1029 660 1238 713 Badius
1267 661 1627 715 obtruncatus
1657 669 1760 727 est,

130 732 398 799 Quintius
423 731 630 802 insigni
656 750 842 802 pugna
869 732 1048 785 clarus
1077 733 1272 785 euasit.

236 802 289 856 4.
327 803 467 873 Age,
482 803 559 855 M.
572 801 823 856 Marcelli
849 802 1140 856 clementia
1166 822 1330 875 quam
1348 802 1554 856 clarum
1574 822 1762 875 quam-

122 891 235 946 que
270 873 628 929 memorabile
664 874 976 945 exemplum
1001 873 1195 927 haberi
1231 874 1420 928 debet!
1462 875 1556 946 qui
1582 875 1760 946 captis
1784 888 1826 920 10

123 945 200 998 ab
247 963 305 998 se
341 943 632 1016 Syracusis
676 946 735 997 in
778 963 905 998 arce
949 963 1135 998 earum
1179 945 1456 1012 constitit,
1507 953 1570 998 ut
1604 946 1759 999 urbis

128 1016 292 1070 modo
321 1014 786 1086 opulentissimae,
814 1024 944 1069 tunc
969 1015 1222 1069 adflictae
1247 1016 1527 1069 fortunam
1554 1035 1624 1069 ex
1649 1015 1761 1070 alto

124 1095 396 1140 cerneret.
461 1096 705 1140 ceterum
730 1106 920 1139 casum
954 1087 1071 1139 eius
1106 1086 1398 1155 lugubrem
1422 1089 1640 1140 intuens
1667 1087 1760 1140 fle-

129 1166 247 1212 tum
273 1156 530 1215 cohibere
563 1177 675 1211 non
699 1157 901 1228 potuit:
945 1176 1106 1229 quem
1142 1158 1189 1211 si
1224 1159 1345 1228 quis
1382 1159 1608 1227 ignarus
1650 1159 1758 1210 uiri

127 1229 464 1300 aspexisset,
501 1228 728 1282 alterius
763 1228 1056 1282 uictoriam
1088 1247 1209 1282 esse
1246 1228 1593 1282 credidisset.
1657 1229 1758 1282 ita·
1783 1240 1825 1273 15

121 1318 260 1371 que,
306 1298 656 1371 Syracusana
693 1299 917 1365 ciuitaS‚
963 1299 1208 1352 maxima
1243 1299 1400 1352 clade
1427 1307 1523 1353 tua
1548 1299 1760 1371 aliquid

119 1370 439 1424 admixtum
464 1370 851 1441 gratulationis
878 1369 1151 1437 habuisti,
1194 1371 1324 1442 quia
1352 1370 1398 1422 si
1423 1370 1526 1424 tibi
1552 1372 1758 1424 incolu-

121 1461 269 1495 mem
304 1451 451 1497 stare
486 1441 573 1494 fas
610 1459 720 1498 non
756 1450 901 1509 erat,
949 1440 1145 1494 leniter
1180 1441 1283 1495 sub
1320 1450 1435 1494 tam
1470 1450 1758 1495 mansueto

123 1512 335 1567 uictore
362 1512 630 1566 cecidisti.

234 1583 288 1636 5.
327 1583 566 1649 Quintus
602 1602 737 1637 uero
763 1582 1019 1636 Metellus
1050 1582 1444 1636 Celtibericum
1469 1583 1528 1635 in
1553 1583 1658 1636 His
1704 1602 1756 1636 a·
1781 1596 1823 1628 20

127 1653 223 1706 nia
250 1671 447 1723 gerens
473 1653 710 1722 bellum,
748 1673 871 1707 cum
895 1654 1090 1707 urbem
1118 1654 1512 1723 Centobrigam
1539 1602 1757 1707 obsige-

125 1733 211 1778 ret
237 1733 291 1777 et
315 1725 427 1776 iam
454 1724 680 1778 admota
714 1724 970 1776 machina
1002 1732 1218 1795 partem
1252 1726 1424 1791 muri,
1465 1743 1604 1795 quae
1641 1723 1759 1777 sola

122 1794 362 1849 conuelli
387 1802 630 1866 poterat,
658 1794 987 1848 disiecturus
1014 1794 1323 1861 uideretur,
1359 1794 1758 1847 humanitatem

127 1867 470 1937 propinquae
503 1865 771 1919 uictoriae
797 1864 1079 1936 praetulit.
1142 1881 1272 1916 nam
1298 1883 1422 1917 cum
1446 1864 1754 1934 Rhoetoge-

125 1938 212 1990 nis
255 1935 427 2004 filios,
480 1936 574 2008 qui
625 1936 696 1988 ad
748 1955 872 1989 eum
914 1936 1237 2001 transierat,
1291 1934 1752 2004 Centobrigenses
1777 1947 1820 1980 25

123 2007 411 2061 machinae
449 2007 652 2061 ictibus
681 2007 1037 2073 obiecissent,
1074 2025 1140 2059 ne
1176 2006 1333 2077 pueri
1367 2007 1425 2058 in
1459 2015 1755 2077 conspectu

115 2157 311 2202 -uincere
335 2154 509 2201 maluit.
569 2159 615 2201 4.
652 2155 709 2200 M.
735 2154 974 2202 Marcellus
1001 2155 1148 2215 captis
1176 2154 1438 2215 Syracusis,
1476 2168 1578 2200 cum
1606 2167 1753 2200 arcem
1778 2157 1869 2192 Par·

125 2226 254 2273 urbis
280 2226 565 2277 intrauisset,
590 2240 746 2273 casum
769 2228 867 2272 eius
896 2226 1136 2286 lugubrem
1157 2225 1341 2271 intuens
1362 2225 1520 2270 fletum
1541 2225 1754 2272 cohibere

125 2311 220 2344 non
245 2299 412 2358 potuit.
483 2301 523 2343 5.
561 2297 611 2354 Q.
648 2296 856 2343 Metellus
895 2296 1215 2343 Celtibericum
1254 2299 1299 2342 in
1335 2296 1551 2357 Hispania
1589 2309 1754 2355 gerens

125 2367 312 2418 bellum,
339 2382 442 2415 cum
468 2367 629 2413 urbem
649 2366 971 2428 Centobrigam
999 2366 1231 2413 obsideret
1251 2374 1295 2412 et
1314 2368 1459 2412 muris
1486 2367 1755 2412 admoueret
1777 2371 1819 2403 30

126 2439 383 2489 machinas.
430 2438 544 2483 uisis
580 2439 626 2483 in
664 2438 854 2484 aduersa
889 2445 1018 2498 parte
1056 2437 1160 2482 filiis
1205 2436 1385 2484 duobus
1428 2438 1752 2497 Rhoetogenis,

128 2510 207 2569 qui
244 2507 300 2553 ad
334 2521 382 2553 se
418 2508 754 2567 transfugerat,
792 2522 849 2553 ne
877 2508 997 2554 forte
1024 2510 1070 2554 in
1097 2515 1346 2568 conspectu
1382 2508 1525 2568 patris
1563 2509 1754 2552 iuuenes

127 2579 354 2641 perirent,
393 2578 450 2624 ab
479 2577 718 2624 obsidione
745 2578 981 2625 discessit:
1022 2593 1111 2639 qua
1139 2578 1380 2624 clementia
1407 2591 1539 2623 omne
1578 2577 1642 2621 illi
1671 2591 1753 2621 no-

239 2718 268 2757 4
297 2717 385 2758 erit
405 2716 428 2757 b
489 2717 514 2757 6
547 2715 721 2757 celeste
743 2715 786 2756 B
847 2717 900 2756 14
928 2716 1020 2756 uiri
1045 2716 1239 2768 Lipsius:
1270 2715 1344 2755 uir
1364 2714 1428 2763 B,
1460 2715 1562 2756 ueri
1580 2715 1756 2755 Freins-

125 2773 256 2822 heim,
289 2787 345 2814 an
373 2774 468 2815 rei‘?
539 2774 591 2813 16
622 2786 706 2814 sua
728 2767 785 2812 B'
855 2774 906 2813 17
937 2771 1159 2813 incolumi
1179 2772 1323 2812 Perz’z.
1390 2773 1445 2812 20
1469 2769 1688 2825 hispania
1711 2771 1753 2811 B

124 2831 179 2870 21
212 2831 528 2871 centobricam
551 2823 606 2870 B'
674 2831 730 2870 24
758 2829 1027 2882 rhetogenis
1049 2828 1104 2876 B,
1136 2830 1234 2869 item
1254 2829 1375 2879 infra
1441 2829 1495 2869 25
1527 2827 1650 2869 filius
1672 2821 1754 2871 B':

123 2886 184 2938 ef.
206 2884 283 2941 ΡΗ
305 2887 682 2928 centobricenses
704 2886 746 2926 B
766 2892 769 2896 '

241 2944 296 2984 28
316 2944 513 2984 intrauit
541 2945 582 2984 V
588 2937 613 2991 '‚
645 2945 869 2983 intrasset
898 2943 944 2982 V
957 2954 1074 2985 corr.
