1994 3164
239 145 345 198 350
934 151 1031 196 LlB.
1071 151 1156 196 Vll.

351 260 397 308 1.
447 256 717 309 Omnibus
762 257 1093 310 militaribus
1136 258 1308 328 copiis
1346 258 1539 311 Tullus
1581 253 1850 321 Hostilius

241 327 477 380 Fidenas
506 326 799 394 adgressus
816 367 829 394 ,
868 346 1007 398 quae
1034 329 1307 396 surgentis
1333 329 1550 400 imperii
1573 331 1748 384 nostri
1773 333 1850 384 in-

242 395 516 450 cunabula
551 398 756 450 crebris
793 396 1241 452 rebellationibus
1282 408 1497 470 torpere
1522 419 1718 471 passae
1743 421 1852 455 non

242 476 369 520 sunt
393 467 749 538 finitimisque
776 469 1016 539 tropaeis
1043 487 1106 521 ac
1143 469 1433 540 triumphis
1469 470 1660 524 alitam
1685 472 1852 524 uirtu-

197 553 218 585 5
240 547 350 591 tem
394 539 508 590 eius
556 557 678 608 spes
726 557 852 590 suas
895 539 1126 591 ulterius
1170 558 1490 610 promouere
1533 541 1852 608 docuerunt,

240 609 467 661 Mettius
494 608 762 673 FufetiuS,
795 609 908 661 dux
929 609 1289 677 Albanorum,
1318 611 1541 664 dubiam
1563 620 1618 664 et
1635 631 1853 683 suspec-

241 689 355 733 tam
383 698 596 749 semper
624 681 902 741 societatis
930 699 1058 732 suae
1085 680 1250 733 fidem
1270 690 1494 752 repente
1514 684 1573 734 in
1595 682 1718 753 ipsa
1737 683 1852 735 acie

242 750 467 802 detexit.
546 750 761 818 deserto
808 751 951 802 enim
993 751 1226 803 Romani
1270 753 1539 804 exercitus
1583 752 1753 806 latere
1795 755 1854 805 in

145 871 152 879 ,
239 821 488 891 proximo
517 819 653 874 colle
680 821 956 888 consedit,
983 839 1080 891 pro
1109 821 1361 874 adiutore
1389 822 1696 893 speculator
1718 841 1852 894 pug-

179 907 219 939 10
242 910 345 943 nae
371 890 616 954 futuruS,
655 899 717 943 ut
743 901 838 945 aut
863 893 1024 944 uictis
1053 891 1339 945 insultaret
1363 900 1459 950 aut
1482 893 1720 946 uictores
1747 893 1851 946 fes·

243 981 332 1015 sos
361 961 772 1030 adgrederetur.
826 982 936 1016 non
964 970 1081 1014 erat
1109 962 1337 1015 dubium
1363 964 1496 1035 quin
1520 981 1584 1016 ea
1609 982 1696 1016 res
1715 963 1852 1015 mili-

242 1041 356 1084 tum
383 1041 694 1085 nostrorum
723 1034 934 1087 animos
962 1033 1318 1086 debilitatura
1333 1042 1492 1100 esset,
1521 1053 1641 1086 cum
1661 1035 1854 1087 eodem

242 1106 498 1173 tempore
521 1111 575 1154 et
610 1103 794 1156 hostes
832 1103 1216 1172 confligere-et
1250 1103 1458 1156 auxilia
1483 1104 1716 1157 deficere
1742 1123 1853 1157 cer-

240 1181 448 1226 nerent.
499 1173 683 1243 itaque
708 1192 776 1225 ne
802 1173 860 1225 id
885 1174 1040 1226 fieret
1051 1173 1244 1226 Tullus
1271 1174 1532 1245 prouidit.
1583 1175 1852 1229 concitato

179 1259 219 1291 15
244 1244 388 1295 enim
434 1262 570 1314 equo
617 1263 803 1297 omnes
847 1245 1206 1315 pugnantium
1253 1245 1444 1314 globos
1494 1246 1852 1316 percucurrit,

240 1314 563 1385 praedicans
617 1333 712 1366 suo
762 1315 917 1366 iussu
968 1316 1256 1367 secessisse
1300 1315 1554 1368 Mettium
1606 1334 1851 1386 eumque,

242 1404 363 1436 cum
398 1386 518 1454 ipse
564 1386 782 1452 signum
826 1385 1101 1450 dedisset,
1147 1386 1467 1437 inuasurum
1505 1385 1855 1437 Fidenatium

241 1463 414 1523 terga.
466 1474 571 1524 quo
600 1455 983 1524 imperatoriae
1011 1456 1145 1507 artis
1172 1454 1395 1507 consilio
1422 1463 1626 1507 metum
1653 1455 1855 1508 fiducia

241 1526 477 1577 mutauit
507 1543 714 1595 proque
750 1525 1116 1595 trepidatione
1154 1525 1437 1578 alacritate
1474 1545 1693 1579 suorum
1731 1543 1852 1596 pec·

177 1611 218 1643 20
241 1603 363 1649 tora
388 1595 637 1665 repleuit.

349 1666 398 1717 2.
441 1667 515 1717 Et
540 1684 608 1717 ne
629 1667 882 1718 continuo
906 1685 937 1717 a
955 1667 1157 1718 nostris
1180 1667 1404 1734 regibus
1425 1667 1695 1732 recedam,
1723 1665 1854 1719 Sex-

241 1745 330 1788 tus
361 1737 721 1806 TarquiniuS,
750 1737 1015 1807 Tarquini
1042 1735 1216 1803 filius,
1253 1737 1477 1806 indigne
1502 1736 1683 1789 ferens
1712 1737 1855 1807 quod

241 1807 411 1878 patris
439 1807 654 1858 uiribus
693 1808 1000 1877 expugnari
1028 1807 1192 1860 Gabii
1227 1808 1545 1878 nequirent,
1593 1806 1852 1859 ualentio-

241 1897 355 1930 rem
382 1878 545 1929 armis
576 1878 909 1946 excogitauit
934 1879 1226 1945 rationem,
1272 1896 1379 1948 qua
1404 1879 1768 1948 interceptum
1794 1875 1853 1927 it-

178 1964 219 1997 25
242 1947 338 2000 lud
365 1947 624 2018 oppidum
651 1947 899 2001 Romano
927 1949 1155 2018 imperio
1184 1947 1442 2001 adiceret.
1497 1948 1676 2001 subito
1703 1966 1854 1999 nam-

127 2103 217 2137 Par.
315 2100 324 2106 ”
354 2094 903 2139 STRATEGEMATA.
959 2097 995 2138 1.
1037 2094 1252 2139 Omnibus
1279 2094 1552 2138 militaribus
1580 2095 1723 2153 copiis
1751 2093 1854 2137 Tul-

242 2165 313 2210 lus
340 2165 561 2210 Hostilius
586 2165 776 2209 Fidenas
814 2165 1085 2224 adgressus,
1120 2178 1219 2208 cum
1246 2163 1431 2208 Mettum
1458 2163 1683 2208 Fufetium
1710 2163 1853 2223 ipsam

243 2237 381 2280 aciem
419 2235 700 2280 deserentem
740 2234 940 2285 uideret,
979 2234 1154 2279 ueritus
1190 2249 1245 2278 ne
1274 2234 1517 2294 trepidatio
1554 2233 1744 2278 militum
1773 2247 1853 2278 no-

243 2312 442 2352 strorum
471 2307 646 2351 animos
673 2305 942 2355 debilitaret,
971 2308 1198 2350 concitato
1226 2319 1345 2364 equo
1373 2318 1530 2349 omnes
1556 2303 1852 2364 percucurrit,

179 2387 220 2419 30
245 2391 328 2422 suo
355 2378 483 2422 iussu
512 2376 663 2421 dicens
692 2377 937 2421 secessisse
965 2390 1082 2426 eum,
1110 2382 1172 2426 ut,
1202 2375 1419 2435 cumipse
1439 2376 1619 2435 signum
1639 2374 1853 2424 dedisset,

244 2454 371 2508 terga
408 2447 691 2492 Fidenatium
736 2447 985 2492 inuaderet.
1061 2451 1100 2491 2.
1151 2446 1248 2491 Sex.
1296 2446 1582 2506 Tarquinius,
1621 2445 1854 2504 Tarquinii

243 2518 388 2568 filius,
418 2532 518 2563 cum
546 2532 594 2563 se
621 2518 772 2562 subito
801 2518 855 2562 ad
882 2517 1078 2562 Gabinos
1106 2517 1401 2567 contulisset,
1440 2522 1667 2575 tamquam
1694 2528 1855 2575 paren-

361 2673 381 2709 1
407 2669 518 2709 Cum
542 2670 751 2709 omnibus
773 2691 825 2697 —
849 2668 1094 2720 adgressus
1119 2672 1243 2708 esset
1271 2667 1407 2712 Torr„
1431 2665 1566 2706 Tullo
1583 2663 1785 2705 Hostilio
1797 2664 1849 2706 F,

246 2726 463 2776 adgresso
486 2727 582 2765 edd.
607 2728 802 2778 priores,·
835 2725 997 2765 dubium
1020 2730 1082 2764 est
1104 2738 1196 2764 num
1225 2724 1423 2763 Valerius
1453 2728 1608 2762 tantam
1630 2722 1852 2770 neyleyen-

243 2785 343 2823 tiam
365 2783 583 2822 admiserit
642 2784 667 2822 6
689 2786 856 2822 mettus
878 2781 901 2821 b
961 2782 986 2820 8
1010 2781 1191 2820 deserto
1214 2793 1315 2821 nos:
1338 2780 1520 2819 detecto
1538 2777 1578 2817 B
1639 2778 1690 2816 10
1711 2775 1855 2815 insul-

243 2842 345 2879 tare
369 2831 423 2878 B'
486 2839 545 2878 13»
561 2843 769 2878 cerneret
789 2837 830 2877 B
892 2840 945 2878 14
964 2837 1125 2877 tullius
1146 2838 1188 2876 B
1210 2843 1308 2877 ante
1328 2849 1418 2876 ras.

294 2896 411 2938 ,κ’-27
448 2898 637 2934 mettum
661 2895 726 2933 B:
758 2898 926 2934 metum
953 2896 1003 2940 V,
1029 2894 1217 2933 Metium
1240 2893 1336 2932 Mai
1409 2892 1464 2931 29
1505 2884 1680 2942 omnes]
1705 2889 1854 2929 deesse

244 2952 415 2992 uidetur
437 2950 619 2992 ordines
641 2953 707 2990 uel
728 2950 905 3003 globos,
928 2957 971 2991 ut
995 2951 1121 2990 habet
1148 2950 1243 2990 Val.
