<?xml version="1.0" encoding="UTF-8"?>
<!DOCTYPE html PUBLIC "-//W3C//DTD XHTML 1.0 Transitional//EN"
    "http://www.w3.org/TR/xhtml1/DTD/xhtml1-transitional.dtd">
<html xmlns="http://www.w3.org/1999/xhtml" xml:lang="en" lang="en">
 <head>
  <title>
</title>
<meta http-equiv="Content-Type" content="text/html;charset=utf-8" />
  <meta name='ocr-system' content='tesseract 3.04.00' />
  <meta name='ocr-capabilities' content='ocr_page ocr_carea ocr_par ocr_line ocrx_word'/>
</head>
<body>
  <div class='ocr_page' id='page_1' title='image "./factorumetdictor00valeuoft_0347.png"; bbox 0 0 1924 3152; ppageno 0'>
   <div class='ocr_carea' id='block_1_1' title="bbox 508 0 1318 36">
    <p class='ocr_par' dir='ltr' id='par_1_1' title="bbox 508 0 1318 36">
     <span class='ocr_line' id='line_1_1' title="bbox 508 0 1318 36; baseline -0.001 -10"><span class='ocrx_word' id='word_1_1' title='bbox 508 12 510 16; x_wconf 68' lang='lat'>,</span> <span class='ocrx_word' id='word_1_2' title='bbox 541 0 805 36; x_wconf 45' lang='lat' dir='ltr'>›I-,ssrrsrssss-vwrfff&#39;j</span> <span class='ocrx_word' id='word_1_3' title='bbox 815 0 866 26; x_wconf 53' lang='lat'>1²⁷³?</span> <span class='ocrx_word' id='word_1_4' title='bbox 880 0 1035 24; x_wconf 44' lang='lat' dir='ltr'>“five-¹¹1·</span> <span class='ocrx_word' id='word_1_5' title='bbox 1052 7 1058 18; x_wconf 66' lang='grc' dir='ltr'><strong><em>ι</em></strong></span> <span class='ocrx_word' id='word_1_6' title='bbox 1078 0 1173 24; x_wconf 95' lang='grc' dir='ltr'>με’</span> <span class='ocrx_word' id='word_1_7' title='bbox 1188 0 1202 5; x_wconf 80' lang='grc'>·’</span> <span class='ocrx_word' id='word_1_8' title='bbox 1270 3 1277 6; x_wconf 65' lang='grc'>’·</span> <span class='ocrx_word' id='word_1_9' title='bbox 1299 0 1318 15; x_wconf 56' lang='lat'>³&lt;</span> 
     </span>
    </p>
   </div>
   <div class='ocr_carea' id='block_1_2' title="bbox 0 0 593 87">
    <p class='ocr_par' dir='ltr' id='par_1_2' title="bbox 0 0 593 87">
     <span class='ocr_line' id='line_1_2' title="bbox 0 0 593 87; baseline 0 0"><span class='ocrx_word' id='word_1_10' title='bbox 0 0 593 87; x_wconf 95' lang='lat' dir='ltr'>  </span> 
     </span>
    </p>
   </div>
   <div class='ocr_carea' id='block_1_3' title="bbox 99 100 1758 197">
    <p class='ocr_par' dir='ltr' id='par_1_3' title="bbox 99 100 1758 197">
     <span class='ocr_line' id='line_1_3' title="bbox 99 100 1758 197; baseline 0.003 -15"><span class='ocrx_word' id='word_1_11' title='bbox 99 100 141 189; x_wconf 54' lang='grc' dir='ltr'>’ζ’</span> <span class='ocrx_word' id='word_1_12' title='bbox 601 148 603 150; x_wconf 94' lang='grc'><em>·</em></span> <span class='ocrx_word' id='word_1_13' title='bbox 669 139 789 184; x_wconf 83' lang='lat' dir='ltr'>CAP.</span> <span class='ocrx_word' id='word_1_14' title='bbox 817 138 939 190; x_wconf 83' lang='lat' dir='ltr'>vnn,</span> <span class='ocrx_word' id='word_1_15' title='bbox 967 139 996 197; x_wconf 65' lang='lat' dir='ltr'>g</span> <span class='ocrx_word' id='word_1_16' title='bbox 1024 141 1218 184; x_wconf 84' lang='lat'>10—15.</span> <span class='ocrx_word' id='word_1_17' title='bbox 1653 134 1758 187; x_wconf 81' lang='lat'>319</span> 
     </span>
    </p>
   </div>
   <div class='ocr_carea' id='block_1_4' title="bbox 91 245 1817 2080">
    <p class='ocr_par' dir='ltr' id='par_1_4' title="bbox 135 245 1757 512">
     <span class='ocr_line' id='line_1_4' title="bbox 136 245 1757 317; baseline -0.001 -17"><span class='ocrx_word' id='word_1_18' title='bbox 136 248 213 300; x_wconf 87' lang='lat' dir='ltr'>cis</span> <span class='ocrx_word' id='word_1_19' title='bbox 239 245 476 299; x_wconf 90' lang='lat' dir='ltr'>uinculis</span> <span class='ocrx_word' id='word_1_20' title='bbox 505 246 758 316; x_wconf 89' lang='lat' dir='ltr'>spiritum</span> <span class='ocrx_word' id='word_1_21' title='bbox 785 245 1056 316; x_wconf 81' lang='lat' dir='ltr'>deposuit,</span> <span class='ocrx_word' id='word_1_22' title='bbox 1084 264 1391 317; x_wconf 80' lang='lat' dir='ltr'>corpusque</span> <span class='ocrx_word' id='word_1_23' title='bbox 1411 246 1525 299; x_wconf 92' lang='lat' dir='ltr'>eius</span> <span class='ocrx_word' id='word_1_24' title='bbox 1548 246 1757 300; x_wconf 79' lang='lat' dir='ltr'><strong>funesti</strong></span> 
     </span>
     <span class='ocr_line' id='line_1_5' title="bbox 136 315 1755 371; baseline -0.001 0"><span class='ocrx_word' id='word_1_25' title='bbox 136 317 410 371; x_wconf 82' lang='lat' dir='ltr'>carnificis</span> <span class='ocrx_word' id='word_1_26' title='bbox 448 317 701 370; x_wconf 89' lang='lat' dir='ltr'>manibus</span> <span class='ocrx_word' id='word_1_27' title='bbox 738 315 1038 369; x_wconf 90' lang='lat' dir='ltr'>laceratum</span> <span class='ocrx_word' id='word_1_28' title='bbox 1074 317 1131 368; x_wconf 89' lang='lat' dir='ltr'>in</span> <span class='ocrx_word' id='word_1_29' title='bbox 1173 316 1333 369; x_wconf 88' lang='lat' dir='ltr'>scalis</span> <span class='ocrx_word' id='word_1_30' title='bbox 1364 318 1644 370; x_wconf 77' lang='lat' dir='ltr'>Gemoniis</span> <span class='ocrx_word' id='word_1_31' title='bbox 1678 320 1755 370; x_wconf 89' lang='lat' dir='ltr'>ia-</span> 
     </span>
     <span class='ocr_line' id='line_1_6' title="bbox 137 387 1754 459; baseline 0 -18"><span class='ocrx_word' id='word_1_32' title='bbox 137 407 263 441; x_wconf 83' lang='lat' dir='ltr'>cens</span> <span class='ocrx_word' id='word_1_33' title='bbox 291 405 492 456; x_wconf 86' lang='lat' dir='ltr'>magno</span> <span class='ocrx_word' id='word_1_34' title='bbox 520 406 646 440; x_wconf 91' lang='lat' dir='ltr'>cum</span> <span class='ocrx_word' id='word_1_35' title='bbox 671 388 896 440; x_wconf 86' lang='lat' dir='ltr'>horrore</span> <span class='ocrx_word' id='word_1_36' title='bbox 923 387 1091 440; x_wconf 90' lang='lat' dir='ltr'>totius</span> <span class='ocrx_word' id='word_1_37' title='bbox 1119 387 1228 440; x_wconf 88' lang='lat' dir='ltr'>fori</span> <span class='ocrx_word' id='word_1_38' title='bbox 1246 389 1481 441; x_wconf 89' lang='lat' dir='ltr'>Romani</span> <span class='ocrx_word' id='word_1_39' title='bbox 1502 407 1754 459; x_wconf 88' lang='lat' dir='ltr'>conspec-</span> 
     </span>
     <span class='ocr_line' id='line_1_7' title="bbox 135 468 387 512; baseline -0.004 0"><span class='ocrx_word' id='word_1_40' title='bbox 135 470 249 512; x_wconf 90' lang='lat' dir='ltr'>tum</span> <span class='ocrx_word' id='word_1_41' title='bbox 284 468 387 511; x_wconf 88' lang='lat' dir='ltr'>est.</span> 
     </span>
    </p>

    <p class='ocr_par' dir='ltr' id='par_1_5' title="bbox 91 527 1817 1941">
     <span class='ocr_line' id='line_1_8' title="bbox 244 527 1794 583; baseline 0.001 -2"><span class='ocrx_word' id='word_1_42' title='bbox 244 530 324 581; x_wconf 89' lang='grc'>14.</span> <span class='ocrx_word' id='word_1_43' title='bbox 365 530 486 581; x_wconf 88' lang='grc' dir='ltr'><strong>Ι3111</strong></span> <span class='ocrx_word' id='word_1_44' title='bbox 513 527 574 581; x_wconf 79' lang='grc' dir='ltr'>Ο.</span> <span class='ocrx_word' id='word_1_45' title='bbox 598 528 808 580; x_wconf 87' lang='lat' dir='ltr'>Marius</span> <span class='ocrx_word' id='word_1_46' title='bbox 835 529 1078 580; x_wconf 80' lang='lat' dir='ltr'>maxima</span> <span class='ocrx_word' id='word_1_47' title='bbox 1104 528 1360 582; x_wconf 82' lang='lat' dir='ltr'>fortunae</span> <span class='ocrx_word' id='word_1_48' title='bbox 1382 529 1611 582; x_wconf 89' lang='lat' dir='ltr'>luctatio</span> <span class='ocrx_word' id='word_1_49' title='bbox 1639 539 1746 583; x_wconf 88' lang='lat' dir='ltr'>est:</span> <span class='ocrx_word' id='word_1_50' title='bbox 1773 543 1794 576; x_wconf 89' lang='lat'><strong>5</strong></span> 
     </span>
     <span class='ocr_line' id='line_1_9' title="bbox 133 599 1754 670; baseline 0 -18"><span class='ocrx_word' id='word_1_51' title='bbox 133 618 317 652; x_wconf 92' lang='lat' dir='ltr'>omnes</span> <span class='ocrx_word' id='word_1_52' title='bbox 346 599 488 651; x_wconf 91' lang='lat' dir='ltr'>enim</span> <span class='ocrx_word' id='word_1_53' title='bbox 515 599 631 651; x_wconf 92' lang='lat' dir='ltr'>eius</span> <span class='ocrx_word' id='word_1_54' title='bbox 659 600 896 669; x_wconf 90' lang='lat' dir='ltr'>impetus</span> <span class='ocrx_word' id='word_1_55' title='bbox 926 618 1033 670; x_wconf 92' lang='lat' dir='ltr'>qua</span> <span class='ocrx_word' id='word_1_56' title='bbox 1061 601 1302 669; x_wconf 89' lang='lat' dir='ltr'>corporis</span> <span class='ocrx_word' id='word_1_57' title='bbox 1342 619 1449 670; x_wconf 89' lang='lat' dir='ltr'>qua</span> <span class='ocrx_word' id='word_1_58' title='bbox 1475 601 1645 652; x_wconf 88' lang='lat' dir='ltr'>animi</span> <span class='ocrx_word' id='word_1_59' title='bbox 1670 619 1754 653; x_wconf 91' lang='lat' dir='ltr'>ro·</span> 
     </span>
     <span class='ocr_line' id='line_1_10' title="bbox 131 670 1753 740; baseline -0.001 -16"><span class='ocrx_word' id='word_1_60' title='bbox 131 672 261 724; x_wconf 90' lang='lat' dir='ltr'>bore</span> <span class='ocrx_word' id='word_1_61' title='bbox 288 670 592 723; x_wconf 87' lang='lat' dir='ltr'>fortissime</span> <span class='ocrx_word' id='word_1_62' title='bbox 619 670 899 722; x_wconf 80' lang='lat' dir='ltr'>sustinuit.</span> <span class='ocrx_word' id='word_1_63' title='bbox 953 670 1319 740; x_wconf 80' lang='lat' dir='ltr'>Arpinatibus</span> <span class='ocrx_word' id='word_1_64' title='bbox 1348 672 1647 724; x_wconf 85' lang='lat' dir='ltr'>honoribus</span> <span class='ocrx_word' id='word_1_65' title='bbox 1675 671 1753 723; x_wconf 92' lang='lat' dir='ltr'>iu-</span> 
     </span>
     <span class='ocr_line' id='line_1_11' title="bbox 132 741 1752 811; baseline 0 -17"><span class='ocrx_word' id='word_1_66' title='bbox 132 741 346 794; x_wconf 86' lang='lat' dir='ltr'>dicatus</span> <span class='ocrx_word' id='word_1_67' title='bbox 374 741 605 794; x_wconf 88' lang='lat' dir='ltr'>inferior</span> <span class='ocrx_word' id='word_1_68' title='bbox 631 752 987 810; x_wconf 85' lang='lat' dir='ltr'>quaesturam</span> <span class='ocrx_word' id='word_1_69' title='bbox 1006 741 1214 793; x_wconf 84' lang='lat' dir='ltr'>Romae</span> <span class='ocrx_word' id='word_1_70' title='bbox 1241 751 1426 811; x_wconf 89' lang='lat' dir='ltr'>petere</span> <span class='ocrx_word' id='word_1_71' title='bbox 1454 761 1620 795; x_wconf 91' lang='lat' dir='ltr'>ausus</span> <span class='ocrx_word' id='word_1_72' title='bbox 1650 750 1752 795; x_wconf 87' lang='lat' dir='ltr'>est.</span> 
     </span>
     <span class='ocr_line' id='line_1_12' title="bbox 129 811 1752 883; baseline 0 -19"><span class='ocrx_word' id='word_1_73' title='bbox 129 811 397 883; x_wconf 87' lang='lat' dir='ltr'>patientia</span> <span class='ocrx_word' id='word_1_74' title='bbox 423 811 620 863; x_wconf 85' lang='lat' dir='ltr'>deinde</span> <span class='ocrx_word' id='word_1_75' title='bbox 645 813 989 882; x_wconf 89' lang='lat' dir='ltr'>repulsarum</span> <span class='ocrx_word' id='word_1_76' title='bbox 1025 812 1231 878; x_wconf 86' lang='lat' dir='ltr'>inrupit</span> <span class='ocrx_word' id='word_1_77' title='bbox 1257 813 1434 882; x_wconf 88' lang='lat' dir='ltr'>magis</span> <span class='ocrx_word' id='word_1_78' title='bbox 1462 814 1520 864; x_wconf 89' lang='lat' dir='ltr'>in</span> <span class='ocrx_word' id='word_1_79' title='bbox 1547 813 1752 865; x_wconf 88' lang='lat' dir='ltr'>curiam</span> 
     </span>
     <span class='ocr_line' id='line_1_13' title="bbox 130 882 1817 964; baseline 0 -29"><span class='ocrx_word' id='word_1_80' title='bbox 130 901 295 964; x_wconf 85' lang='lat' dir='ltr'>quam</span> <span class='ocrx_word' id='word_1_81' title='bbox 329 883 500 935; x_wconf 91' lang='lat' dir='ltr'>uenit.</span> <span class='ocrx_word' id='word_1_82' title='bbox 561 882 618 933; x_wconf 92' lang='lat' dir='ltr'>in</span> <span class='ocrx_word' id='word_1_83' title='bbox 654 883 971 935; x_wconf 87' lang='lat' dir='ltr'>tribunatus</span> <span class='ocrx_word' id='word_1_84' title='bbox 1010 900 1223 953; x_wconf 90' lang='lat' dir='ltr'>quoque</span> <span class='ocrx_word' id='word_1_85' title='bbox 1251 892 1305 935; x_wconf 92' lang='lat' dir='ltr'>et</span> <span class='ocrx_word' id='word_1_86' title='bbox 1331 884 1631 936; x_wconf 85' lang='lat' dir='ltr'>aedilitatis</span> <span class='ocrx_word' id='word_1_87' title='bbox 1660 903 1750 954; x_wconf 90' lang='lat' dir='ltr'>pe·</span> <span class='ocrx_word' id='word_1_88' title='bbox 1776 899 1817 932; x_wconf 79' lang='grc' dir='ltr'>ιο</span> 
     </span>
     <span class='ocr_line' id='line_1_14' title="bbox 130 951 1754 1024; baseline 0 -18"><span class='ocrx_word' id='word_1_89' title='bbox 130 954 324 1007; x_wconf 81' lang='lat' dir='ltr'>titione</span> <span class='ocrx_word' id='word_1_90' title='bbox 362 951 701 1005; x_wconf 84' lang='lat' dir='ltr'>consimilem</span> <span class='ocrx_word' id='word_1_91' title='bbox 739 953 918 1024; x_wconf 88' lang='lat' dir='ltr'>campi</span> <span class='ocrx_word' id='word_1_92' title='bbox 953 963 1139 1006; x_wconf 86' lang='lat' dir='ltr'>notam</span> <span class='ocrx_word' id='word_1_93' title='bbox 1175 964 1434 1024; x_wconf 85' lang='lat' dir='ltr'>expertus</span> <span class='ocrx_word' id='word_1_94' title='bbox 1462 964 1754 1024; x_wconf 85' lang='lat' dir='ltr'>praeturae</span> 
     </span>
     <span class='ocr_line' id='line_1_15' title="bbox 129 1023 1752 1095; baseline -0.001 -18"><span class='ocrx_word' id='word_1_95' title='bbox 129 1024 456 1077; x_wconf 88' lang='lat' dir='ltr'>candidatus</span> <span class='ocrx_word' id='word_1_96' title='bbox 496 1042 751 1094; x_wconf 87' lang='lat' dir='ltr'>supremo</span> <span class='ocrx_word' id='word_1_97' title='bbox 787 1025 844 1074; x_wconf 90' lang='lat' dir='ltr'>in</span> <span class='ocrx_word' id='word_1_98' title='bbox 879 1026 996 1076; x_wconf 92' lang='grc'><strong>1000</strong></span> <span class='ocrx_word' id='word_1_99' title='bbox 1037 1023 1321 1091; x_wconf 79' lang='lat' dir='ltr'>adhaesit,</span> <span class='ocrx_word' id='word_1_100' title='bbox 1371 1044 1531 1095; x_wconf 86' lang='lat' dir='ltr'>quem</span> <span class='ocrx_word' id='word_1_101' title='bbox 1567 1034 1752 1077; x_wconf 90' lang='lat' dir='ltr'>tamen</span> 
     </span>
     <span class='ocr_line' id='line_1_16' title="bbox 129 1093 1750 1164; baseline 0.001 -18"><span class='ocrx_word' id='word_1_102' title='bbox 129 1114 240 1148; x_wconf 93' lang='lat' dir='ltr'>non</span> <span class='ocrx_word' id='word_1_103' title='bbox 275 1095 392 1147; x_wconf 90' lang='lat' dir='ltr'>sine</span> <span class='ocrx_word' id='word_1_104' title='bbox 427 1093 671 1164; x_wconf 89' lang='lat' dir='ltr'>periculo</span> <span class='ocrx_word' id='word_1_105' title='bbox 709 1095 974 1147; x_wconf 87' lang='lat' dir='ltr'>obtinuit:</span> <span class='ocrx_word' id='word_1_106' title='bbox 1019 1095 1262 1147; x_wconf 89' lang='lat' dir='ltr'>ambitus</span> <span class='ocrx_word' id='word_1_107' title='bbox 1292 1096 1436 1147; x_wconf 89' lang='lat' dir='ltr'>enim</span> <span class='ocrx_word' id='word_1_108' title='bbox 1463 1105 1750 1148; x_wconf 89' lang='lat' dir='ltr'>accusatus</span> 
     </span>
     <span class='ocr_line' id='line_1_17' title="bbox 128 1164 1751 1236; baseline 0.001 -19"><span class='ocrx_word' id='word_1_109' title='bbox 128 1166 228 1218; x_wconf 83' lang='lat' dir='ltr'>uix</span> <span class='ocrx_word' id='word_1_110' title='bbox 255 1174 419 1235; x_wconf 90' lang='lat' dir='ltr'>atque</span> <span class='ocrx_word' id='word_1_111' title='bbox 446 1183 610 1232; x_wconf 86' lang='lat' dir='ltr'>aegre</span> <span class='ocrx_word' id='word_1_112' title='bbox 637 1164 1036 1217; x_wconf 82' lang='lat' dir='ltr'>absolutionem</span> <span class='ocrx_word' id='word_1_113' title='bbox 1074 1166 1142 1218; x_wconf 90' lang='lat' dir='ltr'>ab</span> <span class='ocrx_word' id='word_1_114' title='bbox 1181 1165 1457 1219; x_wconf 85' lang='lat' dir='ltr'>iudicibus</span> <span class='ocrx_word' id='word_1_115' title='bbox 1494 1168 1751 1236; x_wconf 87' lang='lat' dir='ltr'>impetra-</span> 
     </span>
     <span class='ocr_line' id='line_1_18' title="bbox 127 1232 1815 1306; baseline 0.001 -19"><span class='ocrx_word' id='word_1_116' title='bbox 127 1237 227 1289; x_wconf 91' lang='lat' dir='ltr'>uit.</span> <span class='ocrx_word' id='word_1_117' title='bbox 279 1254 350 1287; x_wconf 86' lang='lat' dir='ltr'>ex</span> <span class='ocrx_word' id='word_1_118' title='bbox 375 1232 467 1288; x_wconf 86' lang='lat' dir='ltr'>illo</span> <span class='ocrx_word' id='word_1_119' title='bbox 496 1235 674 1287; x_wconf 91' lang='lat' dir='ltr'>Mario</span> <span class='ocrx_word' id='word_1_120' title='bbox 702 1244 815 1287; x_wconf 89' lang='lat' dir='ltr'>tam</span> <span class='ocrx_word' id='word_1_121' title='bbox 843 1234 1037 1288; x_wconf 88' lang='lat' dir='ltr'>humili</span> <span class='ocrx_word' id='word_1_122' title='bbox 1063 1237 1352 1306; x_wconf 78' lang='lat' dir='ltr'>Arpinate,</span> <span class='ocrx_word' id='word_1_123' title='bbox 1383 1246 1495 1290; x_wconf 91' lang='lat' dir='ltr'>tam</span> <span class='ocrx_word' id='word_1_124' title='bbox 1521 1236 1751 1306; x_wconf 86' lang='lat' dir='ltr'>ignobili</span> <span class='ocrx_word' id='word_1_125' title='bbox 1773 1251 1815 1284; x_wconf 84' lang='lat'>15</span> 
     </span>
     <span class='ocr_line' id='line_1_19' title="bbox 126 1305 1750 1374; baseline 0.002 -16"><span class='ocrx_word' id='word_1_126' title='bbox 126 1307 352 1372; x_wconf 84' lang='lat' dir='ltr'>Romae,</span> <span class='ocrx_word' id='word_1_127' title='bbox 382 1315 494 1359; x_wconf 90' lang='lat' dir='ltr'>tam</span> <span class='ocrx_word' id='word_1_128' title='bbox 521 1305 858 1359; x_wconf 85' lang='lat' dir='ltr'>fastidiendo</span> <span class='ocrx_word' id='word_1_129' title='bbox 887 1306 1182 1359; x_wconf 85' lang='lat' dir='ltr'>candidato</span> <span class='ocrx_word' id='word_1_130' title='bbox 1209 1306 1301 1358; x_wconf 90' lang='lat' dir='ltr'>ille</span> <span class='ocrx_word' id='word_1_131' title='bbox 1322 1308 1531 1359; x_wconf 88' lang='lat' dir='ltr'>Marius</span> <span class='ocrx_word' id='word_1_132' title='bbox 1554 1308 1750 1374; x_wconf 84' lang='lat' dir='ltr'>euasit,</span> 
     </span>
     <span class='ocr_line' id='line_1_20' title="bbox 91 1376 1750 1448; baseline 0 -18"><span class='ocrx_word' id='word_1_133' title='bbox 91 1405 94 1407; x_wconf 54' lang='lat'>&gt;</span> <span class='ocrx_word' id='word_1_134' title='bbox 127 1377 221 1448; x_wconf 91' lang='lat' dir='ltr'>qui</span> <span class='ocrx_word' id='word_1_135' title='bbox 247 1376 499 1430; x_wconf 88' lang='lat' dir='ltr'>Africam</span> <span class='ocrx_word' id='word_1_136' title='bbox 526 1377 763 1445; x_wconf 80' lang='lat' dir='ltr'>subegit,</span> <span class='ocrx_word' id='word_1_137' title='bbox 792 1378 886 1448; x_wconf 91' lang='lat' dir='ltr'>qui</span> <span class='ocrx_word' id='word_1_138' title='bbox 912 1377 1238 1446; x_wconf 86' lang='lat' dir='ltr'>Iugurtham</span> <span class='ocrx_word' id='word_1_139' title='bbox 1264 1397 1449 1447; x_wconf 87' lang='lat' dir='ltr'>regem</span> <span class='ocrx_word' id='word_1_140' title='bbox 1476 1388 1602 1430; x_wconf 84' lang='lat' dir='ltr'>ante</span> <span class='ocrx_word' id='word_1_141' title='bbox 1633 1397 1750 1430; x_wconf 90' lang='lat' dir='ltr'>cur-</span> 
     </span>
     <span class='ocr_line' id='line_1_21' title="bbox 126 1447 1748 1519; baseline 0.001 -20"><span class='ocrx_word' id='word_1_142' title='bbox 126 1467 249 1500; x_wconf 91' lang='lat' dir='ltr'>rum</span> <span class='ocrx_word' id='word_1_143' title='bbox 276 1449 416 1516; x_wconf 86' lang='lat' dir='ltr'>egit,</span> <span class='ocrx_word' id='word_1_144' title='bbox 459 1448 555 1518; x_wconf 91' lang='lat' dir='ltr'>qui</span> <span class='ocrx_word' id='word_1_145' title='bbox 583 1448 960 1500; x_wconf 89' lang='lat' dir='ltr'>Teutonorum</span> <span class='ocrx_word' id='word_1_146' title='bbox 988 1447 1444 1519; x_wconf 84' lang='lat' dir='ltr'>Cimbrorumque</span> <span class='ocrx_word' id='word_1_147' title='bbox 1473 1450 1748 1502; x_wconf 82' lang='lat' dir='ltr'>exercitus</span> 
     </span>
     <span class='ocr_line' id='line_1_22' title="bbox 127 1518 1749 1589; baseline 0.001 -19"><span class='ocrx_word' id='word_1_148' title='bbox 127 1518 352 1585; x_wconf 88' lang='lat' dir='ltr'>deleuit,</span> <span class='ocrx_word' id='word_1_149' title='bbox 379 1518 533 1571; x_wconf 90' lang='lat' dir='ltr'>cuius</span> <span class='ocrx_word' id='word_1_150' title='bbox 561 1518 695 1571; x_wconf 90' lang='lat' dir='ltr'>bina</span> <span class='ocrx_word' id='word_1_151' title='bbox 721 1527 950 1588; x_wconf 89' lang='lat' dir='ltr'>tropaea</span> <span class='ocrx_word' id='word_1_152' title='bbox 975 1519 1033 1570; x_wconf 90' lang='lat' dir='ltr'>in</span> <span class='ocrx_word' id='word_1_153' title='bbox 1058 1519 1196 1572; x_wconf 90' lang='lat' dir='ltr'>urbe</span> <span class='ocrx_word' id='word_1_154' title='bbox 1224 1529 1563 1589; x_wconf 81' lang='lat' dir='ltr'>spectantur,</span> <span class='ocrx_word' id='word_1_155' title='bbox 1593 1521 1749 1572; x_wconf 89' lang='lat' dir='ltr'>cuius</span> 
     </span>
     <span class='ocr_line' id='line_1_23' title="bbox 129 1588 1815 1661; baseline -0.002 -20"><span class='ocrx_word' id='word_1_156' title='bbox 129 1598 337 1658; x_wconf 90' lang='lat' dir='ltr'>septem</span> <span class='ocrx_word' id='word_1_157' title='bbox 361 1589 419 1639; x_wconf 91' lang='lat' dir='ltr'>in</span> <span class='ocrx_word' id='word_1_158' title='bbox 443 1589 604 1641; x_wconf 88' lang='lat' dir='ltr'>fastis</span> <span class='ocrx_word' id='word_1_159' title='bbox 627 1589 944 1641; x_wconf 86' lang='lat' dir='ltr'>consulatus</span> <span class='ocrx_word' id='word_1_160' title='bbox 966 1588 1238 1658; x_wconf 88' lang='lat' dir='ltr'>leguntur,</span> <span class='ocrx_word' id='word_1_161' title='bbox 1267 1591 1356 1643; x_wconf 91' lang='grc'><strong>0111</strong></span> <span class='ocrx_word' id='word_1_162' title='bbox 1374 1600 1502 1661; x_wconf 91' lang='lat' dir='ltr'>post</span> <span class='ocrx_word' id='word_1_163' title='bbox 1521 1591 1750 1643; x_wconf 80' lang='lat' dir='ltr'>exilium</span> <span class='ocrx_word' id='word_1_164' title='bbox 1774 1607 1815 1638; x_wconf 80' lang='lat'>20</span> 
     </span>
     <span class='ocr_line' id='line_1_24' title="bbox 127 1658 1750 1732; baseline 0.001 -21"><span class='ocrx_word' id='word_1_165' title='bbox 127 1658 406 1711; x_wconf 91' lang='lat' dir='ltr'>consulem</span> <span class='ocrx_word' id='word_1_166' title='bbox 433 1660 605 1710; x_wconf 87' lang='lat' dir='ltr'>creari</span> <span class='ocrx_word' id='word_1_167' title='bbox 629 1660 1046 1729; x_wconf 88' lang='lat' dir='ltr'>proscriptoque</span> <span class='ocrx_word' id='word_1_168' title='bbox 1085 1660 1268 1712; x_wconf 88' lang='lat' dir='ltr'>facere</span> <span class='ocrx_word' id='word_1_169' title='bbox 1294 1662 1750 1732; x_wconf 89' lang='lat' dir='ltr'>proscriptionem</span> 
     </span>
     <span class='ocr_line' id='line_1_25' title="bbox 128 1729 1748 1799; baseline 0.001 -17"><span class='ocrx_word' id='word_1_170' title='bbox 128 1729 372 1799; x_wconf 83' lang='lat' dir='ltr'>contigit.</span> <span class='ocrx_word' id='word_1_171' title='bbox 413 1729 547 1799; x_wconf 82' lang='lat' dir='ltr'>quid.</span> <span class='ocrx_word' id='word_1_172' title='bbox 572 1729 732 1780; x_wconf 89' lang='lat' dir='ltr'>huius</span> <span class='ocrx_word' id='word_1_173' title='bbox 755 1729 1075 1782; x_wconf 86' lang='lat' dir='ltr'>condicione</span> <span class='ocrx_word' id='word_1_174' title='bbox 1094 1732 1495 1784; x_wconf 91' lang='lat' dir='ltr'>inconstantius</span> <span class='ocrx_word' id='word_1_175' title='bbox 1518 1741 1614 1784; x_wconf 89' lang='lat' dir='ltr'>aut</span> <span class='ocrx_word' id='word_1_176' title='bbox 1635 1751 1748 1784; x_wconf 91' lang='lat' dir='ltr'>mu-</span> 
     </span>
     <span class='ocr_line' id='line_1_26' title="bbox 125 1800 1747 1871; baseline 0 -18"><span class='ocrx_word' id='word_1_177' title='bbox 125 1800 390 1867; x_wconf 78' lang='lat' dir='ltr'>tabilius?</span> <span class='ocrx_word' id='word_1_178' title='bbox 431 1818 590 1870; x_wconf 90' lang='lat' dir='ltr'>quem</span> <span class='ocrx_word' id='word_1_179' title='bbox 612 1800 658 1850; x_wconf 90' lang='lat' dir='ltr'>si</span> <span class='ocrx_word' id='word_1_180' title='bbox 680 1800 825 1852; x_wconf 92' lang='lat' dir='ltr'>inter</span> <span class='ocrx_word' id='word_1_181' title='bbox 844 1801 1073 1853; x_wconf 89' lang='lat' dir='ltr'>miseros</span> <span class='ocrx_word' id='word_1_182' title='bbox 1096 1802 1365 1871; x_wconf 86' lang='lat' dir='ltr'>posueris,</span> <span class='ocrx_word' id='word_1_183' title='bbox 1387 1802 1747 1869; x_wconf 89' lang='lat' dir='ltr'>miserrimus,</span> 
     </span>
     <span class='ocr_line' id='line_1_27' title="bbox 126 1869 1216 1941; baseline 0.002 -20"><span class='ocrx_word' id='word_1_184' title='bbox 126 1871 272 1923; x_wconf 88' lang='lat' dir='ltr'>inter</span> <span class='ocrx_word' id='word_1_185' title='bbox 298 1869 486 1923; x_wconf 83' lang='lat' dir='ltr'>felices</span> <span class='ocrx_word' id='word_1_186' title='bbox 514 1869 865 1922; x_wconf 86' lang='lat' dir='ltr'>felicissimus</span> <span class='ocrx_word' id='word_1_187' title='bbox 893 1872 1216 1941; x_wconf 82' lang='lat' dir='ltr'>reperietur.</span> 
     </span>
    </p>

    <p class='ocr_par' dir='ltr' id='par_1_6' title="bbox 127 1940 1811 2080">
     <span class='ocr_line' id='line_1_28' title="bbox 234 1940 1811 2008; baseline -0.001 -16"><span class='ocrx_word' id='word_1_188' title='bbox 234 1941 317 1994; x_wconf 83' lang='lat'>15.</span> <span class='ocrx_word' id='word_1_189' title='bbox 359 1941 531 1994; x_wconf 80' lang='lat' dir='ltr'>Gaius</span> <span class='ocrx_word' id='word_1_190' title='bbox 570 1949 752 1993; x_wconf 89' lang='lat' dir='ltr'>autem</span> <span class='ocrx_word' id='word_1_191' title='bbox 788 1941 1019 2008; x_wconf 84' lang='lat' dir='ltr'>Caesar,</span> <span class='ocrx_word' id='word_1_192' title='bbox 1067 1943 1220 1994; x_wconf 89' lang='lat' dir='ltr'>cuius</span> <span class='ocrx_word' id='word_1_193' title='bbox 1261 1940 1499 1995; x_wconf 71' lang='lat' dir='ltr'>uirtutes</span> <span class='ocrx_word' id='word_1_194' title='bbox 1533 1943 1745 1995; x_wconf 85' lang='lat' dir='ltr'>aditum</span> <span class='ocrx_word' id='word_1_195' title='bbox 1768 1958 1811 1991; x_wconf 81' lang='lat'>25</span> 
     </span>
     <span class='ocr_line' id='line_1_29' title="bbox 127 2010 1746 2080; baseline 0.001 -18"><span class='ocrx_word' id='word_1_196' title='bbox 127 2011 231 2065; x_wconf 89' lang='lat' dir='ltr'>sibi</span> <span class='ocrx_word' id='word_1_197' title='bbox 258 2012 316 2062; x_wconf 93' lang='lat' dir='ltr'>in</span> <span class='ocrx_word' id='word_1_198' title='bbox 343 2010 554 2064; x_wconf 90' lang='lat' dir='ltr'>caelum</span> <span class='ocrx_word' id='word_1_199' title='bbox 582 2020 928 2080; x_wconf 85' lang='lat' dir='ltr'>struxerunt,</span> <span class='ocrx_word' id='word_1_200' title='bbox 958 2013 1102 2064; x_wconf 91' lang='lat' dir='ltr'>inter</span> <span class='ocrx_word' id='word_1_201' title='bbox 1127 2014 1334 2080; x_wconf 88' lang='lat' dir='ltr'>primae</span> <span class='ocrx_word' id='word_1_202' title='bbox 1360 2014 1620 2066; x_wconf 90' lang='lat' dir='ltr'>iuuentae</span> <span class='ocrx_word' id='word_1_203' title='bbox 1645 2014 1746 2065; x_wconf 90' lang='lat' dir='ltr'>ini-</span> 
     </span>
    </p>
   </div>
   <div class='ocr_carea' id='block_1_5' title="bbox 122 2144 1859 2416">
    <p class='ocr_par' dir='ltr' id='par_1_7' title="bbox 122 2144 1859 2416">
     <span class='ocr_line' id='line_1_30' title="bbox 131 2144 1859 2207; baseline 0.002 -17"><span class='ocrx_word' id='word_1_204' title='bbox 131 2145 481 2190; x_wconf 79' lang='lat' dir='ltr'>occurrentibus</span> <span class='ocrx_word' id='word_1_205' title='bbox 510 2144 806 2190; x_wconf 79' lang='lat' dir='ltr'>salutabatur.</span> <span class='ocrx_word' id='word_1_206' title='bbox 885 2148 952 2190; x_wconf 82' lang='lat'>14.</span> <span class='ocrx_word' id='word_1_207' title='bbox 993 2146 1035 2191; x_wconf 94' lang='lat' dir='ltr'>C.</span> <span class='ocrx_word' id='word_1_208' title='bbox 1065 2146 1248 2201; x_wconf 83' lang='lat' dir='ltr'>Marius,</span> <span class='ocrx_word' id='word_1_209' title='bbox 1277 2147 1572 2207; x_wconf 79' lang='lat' dir='ltr'>Arpinatibus</span> <span class='ocrx_word' id='word_1_210' title='bbox 1602 2149 1745 2193; x_wconf 90' lang='lat' dir='ltr'>hono·</span> <span class='ocrx_word' id='word_1_211' title='bbox 1768 2150 1859 2185; x_wconf 76' lang='lat' dir='ltr'>Par.</span> 
     </span>
     <span class='ocr_line' id='line_1_31' title="bbox 125 2214 1745 2279; baseline 0.002 -19"><span class='ocrx_word' id='word_1_212' title='bbox 125 2214 254 2260; x_wconf 89' lang='lat' dir='ltr'>ribus</span> <span class='ocrx_word' id='word_1_213' title='bbox 282 2215 507 2261; x_wconf 80' lang='lat' dir='ltr'>iudicatus</span> <span class='ocrx_word' id='word_1_214' title='bbox 535 2215 749 2266; x_wconf 83' lang='lat' dir='ltr'>inferior,</span> <span class='ocrx_word' id='word_1_215' title='bbox 786 2216 953 2261; x_wconf 82' lang='lat' dir='ltr'>Romae</span> <span class='ocrx_word' id='word_1_216' title='bbox 987 2231 1134 2277; x_wconf 89' lang='lat' dir='ltr'>usque</span> <span class='ocrx_word' id='word_1_217' title='bbox 1174 2218 1229 2262; x_wconf 80' lang='lat' dir='ltr'>ad</span> <span class='ocrx_word' id='word_1_218' title='bbox 1266 2225 1441 2279; x_wconf 83' lang='lat' dir='ltr'>septem</span> <span class='ocrx_word' id='word_1_219' title='bbox 1478 2218 1745 2264; x_wconf 81' lang='lat' dir='ltr'>consulatus</span> 
     </span>
     <span class='ocr_line' id='line_1_32' title="bbox 122 2286 1744 2349; baseline 0.002 -19"><span class='ocrx_word' id='word_1_220' title='bbox 122 2286 365 2344; x_wconf 81' lang='lat' dir='ltr'>processit.</span> <span class='ocrx_word' id='word_1_221' title='bbox 443 2289 511 2330; x_wconf 82' lang='lat'>15.</span> <span class='ocrx_word' id='word_1_222' title='bbox 551 2286 594 2330; x_wconf 91' lang='lat' dir='ltr'>C.</span> <span class='ocrx_word' id='word_1_223' title='bbox 626 2286 787 2331; x_wconf 79' lang='lat' dir='ltr'>Caesar</span> <span class='ocrx_word' id='word_1_224' title='bbox 815 2289 934 2333; x_wconf 82' lang='lat' dir='ltr'>inter</span> <span class='ocrx_word' id='word_1_225' title='bbox 959 2287 1105 2347; x_wconf 80' lang='lat' dir='ltr'>prima</span> <span class='ocrx_word' id='word_1_226' title='bbox 1140 2288 1354 2333; x_wconf 76' lang='lat' dir='ltr'>iuuentae</span> <span class='ocrx_word' id='word_1_227' title='bbox 1381 2291 1510 2334; x_wconf 83' lang='lat' dir='ltr'>initia</span> <span class='ocrx_word' id='word_1_228' title='bbox 1535 2289 1744 2349; x_wconf 84' lang='lat' dir='ltr'>priuatus</span> 
     </span>
     <span class='ocr_line' id='line_1_33' title="bbox 126 2355 1805 2416; baseline 0.004 -17"><span class='ocrx_word' id='word_1_229' title='bbox 126 2355 278 2400; x_wconf 81' lang='lat' dir='ltr'>Asiam</span> <span class='ocrx_word' id='word_1_230' title='bbox 305 2362 465 2415; x_wconf 85' lang='lat' dir='ltr'>petens</span> <span class='ocrx_word' id='word_1_231' title='bbox 492 2362 537 2401; x_wconf 84' lang='lat' dir='ltr'>et</span> <span class='ocrx_word' id='word_1_232' title='bbox 562 2358 800 2401; x_wconf 82' lang='lat' dir='ltr'>maritimis</span> <span class='ocrx_word' id='word_1_233' title='bbox 828 2357 1132 2416; x_wconf 84' lang='lat' dir='ltr'>praedonibus</span> <span class='ocrx_word' id='word_1_234' title='bbox 1159 2360 1279 2404; x_wconf 82' lang='lat' dir='ltr'>circa</span> <span class='ocrx_word' id='word_1_235' title='bbox 1309 2359 1501 2405; x_wconf 85' lang='lat' dir='ltr'>insulam</span> <span class='ocrx_word' id='word_1_236' title='bbox 1528 2360 1740 2405; x_wconf 85' lang='lat' dir='ltr'>Pharma-</span> <span class='ocrx_word' id='word_1_237' title='bbox 1764 2365 1805 2397; x_wconf 87' lang='lat'>3⁰</span> 
     </span>
    </p>
   </div>
   <div class='ocr_carea' id='block_1_6' title="bbox 117 2491 1778 2997">
    <p class='ocr_par' dir='ltr' id='par_1_8' title="bbox 117 2491 1778 2940">
     <span class='ocr_line' id='line_1_34' title="bbox 164 2491 1740 2546; baseline 0.004 -16"><span class='ocrx_word' id='word_1_238' title='bbox 164 2514 169 2515; x_wconf 45' lang='grc' dir='ltr'><em>ε</em></span> <span class='ocrx_word' id='word_1_239' title='bbox 236 2492 261 2530; x_wconf 89' lang='lat'>5</span> <span class='ocrx_word' id='word_1_240' title='bbox 284 2491 478 2532; x_wconf 87' lang='lat' dir='ltr'>maxime</span> <span class='ocrx_word' id='word_1_241' title='bbox 511 2492 544 2531; x_wconf 85' lang='lat' dir='ltr'>f.</span> <span class='ocrx_word' id='word_1_242' title='bbox 574 2491 828 2532; x_wconf 83' lang='lat' dir='ltr'>luctatione</span> <span class='ocrx_word' id='word_1_243' title='bbox 856 2493 911 2541; x_wconf 82' lang='lat' dir='ltr'>B,</span> <span class='ocrx_word' id='word_1_244' title='bbox 943 2495 1146 2533; x_wconf 82' lang='lat' dir='ltr'>maxima</span> <span class='ocrx_word' id='word_1_245' title='bbox 1170 2495 1200 2533; x_wconf 92' lang='lat' dir='ltr'>f.</span> <span class='ocrx_word' id='word_1_246' title='bbox 1223 2495 1420 2536; x_wconf 86' lang='lat' dir='ltr'>luctatio</span> <span class='ocrx_word' id='word_1_247' title='bbox 1445 2493 1555 2546; x_wconf 78' lang='lat' dir='ltr'>(sine</span> <span class='ocrx_word' id='word_1_248' title='bbox 1579 2496 1665 2546; x_wconf 82' lang='lat' dir='ltr'>est)</span> <span class='ocrx_word' id='word_1_249' title='bbox 1690 2497 1740 2542; x_wconf 88' lang='lat' dir='ltr'>b;</span> 
     </span>
     <span class='ocr_line' id='line_1_35' title="bbox 122 2549 1740 2604; baseline 0.002 -17"><span class='ocrx_word' id='word_1_250' title='bbox 122 2550 357 2588; x_wconf 78' lang='lat' dir='ltr'>emendatio</span> <span class='ocrx_word' id='word_1_251' title='bbox 382 2550 463 2588; x_wconf 81' lang='lat' dir='ltr'>loci</span> <span class='ocrx_word' id='word_1_252' title='bbox 482 2549 703 2589; x_wconf 78' lang='lat' dir='ltr'>admodum</span> <span class='ocrx_word' id='word_1_253' title='bbox 725 2551 890 2588; x_wconf 79' lang='lat' dir='ltr'>incerta</span> <span class='ocrx_word' id='word_1_254' title='bbox 911 2551 1080 2590; x_wconf 76' lang='lat' dir='ltr'>uidetur</span> <span class='ocrx_word' id='word_1_255' title='bbox 1149 2553 1174 2591; x_wconf 88' lang='grc'>6</span> <span class='ocrx_word' id='word_1_256' title='bbox 1198 2563 1285 2603; x_wconf 92' lang='lat' dir='ltr'>quo</span> <span class='ocrx_word' id='word_1_257' title='bbox 1309 2574 1359 2579; x_wconf 91' lang='lat'><strong>—</strong></span> <span class='ocrx_word' id='word_1_258' title='bbox 1386 2564 1474 2604; x_wconf 91' lang='lat' dir='ltr'>quo</span> <span class='ocrx_word' id='word_1_259' title='bbox 1498 2551 1520 2591; x_wconf 84' lang='lat' dir='ltr'><em>b</em></span> <span class='ocrx_word' id='word_1_260' title='bbox 1598 2553 1649 2591; x_wconf 82' lang='lat'>12</span> <span class='ocrx_word' id='word_1_261' title='bbox 1672 2552 1740 2591; x_wconf 84' lang='lat' dir='ltr'>ita</span> 
     </span>
     <span class='ocr_line' id='line_1_36' title="bbox 121 2603 1739 2661; baseline 0.002 -18"><span class='ocrx_word' id='word_1_262' title='bbox 121 2604 275 2644; x_wconf 87' lang='lat' dir='ltr'>haesit</span> <span class='ocrx_word' id='word_1_263' title='bbox 296 2604 352 2656; x_wconf 83' lang='lat' dir='ltr'>B,</span> <span class='ocrx_word' id='word_1_264' title='bbox 377 2604 581 2644; x_wconf 86' lang='lat' dir='ltr'>inhaesit</span> <span class='ocrx_word' id='word_1_265' title='bbox 604 2605 641 2653; x_wconf 82' lang='lat' dir='ltr'>b,</span> <span class='ocrx_word' id='word_1_266' title='bbox 665 2619 739 2645; x_wconf 85' lang='lat' dir='ltr'>em.</span> <span class='ocrx_word' id='word_1_267' title='bbox 763 2606 804 2647; x_wconf 77' lang='lat' dir='ltr'>J.</span> <span class='ocrx_word' id='word_1_268' title='bbox 827 2605 876 2643; x_wconf 82' lang='lat' dir='ltr'>F.</span> <span class='ocrx_word' id='word_1_269' title='bbox 908 2606 1144 2647; x_wconf 80' lang='lat' dir='ltr'>Gronouz’us</span> <span class='ocrx_word' id='word_1_270' title='bbox 1164 2603 1184 2660; x_wconf 82' lang='grc' dir='ltr'>ΙΙ</span> <span class='ocrx_word' id='word_1_271' title='bbox 1206 2620 1342 2659; x_wconf 88' lang='lat' dir='ltr'>quam</span> <span class='ocrx_word' id='word_1_272' title='bbox 1364 2608 1387 2647; x_wconf 87' lang='lat' dir='ltr'>b</span> <span class='ocrx_word' id='word_1_273' title='bbox 1450 2609 1502 2647; x_wconf 86' lang='lat'>15</span> <span class='ocrx_word' id='word_1_274' title='bbox 1525 2609 1739 2661; x_wconf 87' lang='lat' dir='ltr'>arpinate</span> 
     </span>
     <span class='ocr_line' id='line_1_37' title="bbox 119 2660 1740 2717; baseline 0.002 -17"><span class='ocrx_word' id='word_1_275' title='bbox 119 2660 169 2700; x_wconf 88' lang='lat' dir='ltr'>b:</span> <span class='ocrx_word' id='word_1_276' title='bbox 202 2661 365 2714; x_wconf 85' lang='lat' dir='ltr'>arpina</span> <span class='ocrx_word' id='word_1_277' title='bbox 387 2661 445 2708; x_wconf 87' lang='lat' dir='ltr'>B,</span> <span class='ocrx_word' id='word_1_278' title='bbox 478 2661 630 2714; x_wconf 87' lang='lat' dir='ltr'>arpini</span> <span class='ocrx_word' id='word_1_279' title='bbox 654 2661 698 2701; x_wconf 92' lang='grc' dir='ltr'><em>Γ</em></span> <span class='ocrx_word' id='word_1_280' title='bbox 772 2663 823 2702; x_wconf 83' lang='grc'>17</span> <span class='ocrx_word' id='word_1_281' title='bbox 847 2662 1032 2714; x_wconf 85' lang='lat' dir='ltr'>subegit</span> <span class='ocrx_word' id='word_1_282' title='bbox 1054 2664 1132 2714; x_wconf 90' lang='lat' dir='ltr'>qui</span> <span class='ocrx_word' id='word_1_283' title='bbox 1155 2664 1341 2716; x_wconf 84' lang='lat' dir='ltr'>subegit</span> <span class='ocrx_word' id='word_1_284' title='bbox 1362 2665 1462 2717; x_wconf 74' lang='lat' dir='ltr'>iug.¹</span> <span class='ocrx_word' id='word_1_285' title='bbox 1480 2664 1536 2714; x_wconf 87' lang='lat' dir='ltr'>B,</span> <span class='ocrx_word' id='word_1_286' title='bbox 1571 2678 1636 2706; x_wconf 83' lang='lat' dir='ltr'>uu.</span> <span class='ocrx_word' id='word_1_287' title='bbox 1662 2665 1740 2717; x_wconf 89' lang='lat' dir='ltr'>qui</span> 
     </span>
     <span class='ocr_line' id='line_1_38' title="bbox 118 2718 1738 2770; baseline 0.002 -14"><span class='ocrx_word' id='word_1_288' title='bbox 118 2718 304 2770; x_wconf 81' lang='lat' dir='ltr'>subegit</span> <span class='ocrx_word' id='word_1_289' title='bbox 323 2719 538 2770; x_wconf 74' lang='lat' dir='ltr'>punc-tatis</span> <span class='ocrx_word' id='word_1_290' title='bbox 608 2718 658 2757; x_wconf 88' lang='lat'>18</span> <span class='ocrx_word' id='word_1_291' title='bbox 681 2718 1003 2758; x_wconf 84' lang='lat' dir='ltr'>teuthonorum</span> <span class='ocrx_word' id='word_1_292' title='bbox 1025 2719 1066 2758; x_wconf 89' lang='lat' dir='ltr'><em>B</em></span> <span class='ocrx_word' id='word_1_293' title='bbox 1147 2721 1198 2760; x_wconf 83' lang='lat'>19</span> <span class='ocrx_word' id='word_1_294' title='bbox 1220 2721 1380 2760; x_wconf 89' lang='lat' dir='ltr'>urbem</span> <span class='ocrx_word' id='word_1_295' title='bbox 1402 2721 1444 2760; x_wconf 90' lang='lat' dir='ltr'><em>B</em></span> <span class='ocrx_word' id='word_1_296' title='bbox 1523 2723 1578 2761; x_wconf 88' lang='grc'>20</span> <span class='ocrx_word' id='word_1_297' title='bbox 1601 2721 1674 2760; x_wconf 89' lang='grc'><strong>0111</strong></span> <span class='ocrx_word' id='word_1_298' title='bbox 1695 2721 1738 2760; x_wconf 87' lang='grc' dir='ltr'><em>Β</em></span> 
     </span>
     <span class='ocr_line' id='line_1_39' title="bbox 117 2771 1740 2826; baseline 0.002 -13"><span class='ocrx_word' id='word_1_299' title='bbox 117 2786 231 2816; x_wconf 83' lang='lat' dir='ltr'>corr.</span> <span class='ocrx_word' id='word_1_300' title='bbox 255 2787 277 2814; x_wconf 86' lang='lat' dir='ltr'>e</span> <span class='ocrx_word' id='word_1_301' title='bbox 300 2775 376 2826; x_wconf 88' lang='lat' dir='ltr'>qui</span> <span class='ocrx_word' id='word_1_302' title='bbox 451 2776 502 2814; x_wconf 83' lang='lat'>21</span> <span class='ocrx_word' id='word_1_303' title='bbox 529 2771 651 2815; x_wconf 79' lang='lat' dir='ltr'>cofis.</span> <span class='ocrx_word' id='word_1_304' title='bbox 676 2775 718 2814; x_wconf 91' lang='lat' dir='ltr'><em>B</em></span> <span class='ocrx_word' id='word_1_305' title='bbox 787 2778 840 2815; x_wconf 84' lang='grc'>23</span> <span class='ocrx_word' id='word_1_306' title='bbox 862 2775 1143 2815; x_wconf 87' lang='lat' dir='ltr'>miserrimus</span> <span class='ocrx_word' id='word_1_307' title='bbox 1165 2776 1205 2816; x_wconf 89' lang='lat' dir='ltr'>si</span> <span class='ocrx_word' id='word_1_308' title='bbox 1224 2777 1345 2817; x_wconf 88' lang='lat' dir='ltr'>inter</span> <span class='ocrx_word' id='word_1_309' title='bbox 1367 2779 1470 2818; x_wconf 78' lang='lat' dir='ltr'>dett.</span> <span class='ocrx_word' id='word_1_310' title='bbox 1541 2779 1596 2817; x_wconf 84' lang='lat'>24</span> <span class='ocrx_word' id='word_1_311' title='bbox 1617 2778 1740 2817; x_wconf 87' lang='lat' dir='ltr'>inter</span> 
     </span>
     <span class='ocr_line' id='line_1_40' title="bbox 118 2827 1778 2886; baseline 0.005 -17"><span class='ocrx_word' id='word_1_312' title='bbox 118 2829 413 2871; x_wconf 87' lang='lat' dir='ltr'>felicissimos</span> <span class='ocrx_word' id='word_1_313' title='bbox 437 2829 531 2882; x_wconf 87' lang='lat' dir='ltr'>(om.</span> <span class='ocrx_word' id='word_1_314' title='bbox 558 2830 741 2883; x_wconf 85' lang='lat' dir='ltr'>felices)</span> <span class='ocrx_word' id='word_1_315' title='bbox 764 2828 817 2870; x_wconf 87' lang='lat' dir='ltr'>B&#39;</span> <span class='ocrx_word' id='word_1_316' title='bbox 839 2828 857 2885; x_wconf 82' lang='grc' dir='ltr'>Η</span> <span class='ocrx_word' id='word_1_317' title='bbox 886 2833 1200 2886; x_wconf 82' lang='lat' dir='ltr'>repperiretur</span> <span class='ocrx_word' id='word_1_318' title='bbox 1220 2827 1275 2872; x_wconf 83' lang='lat' dir='ltr'>B‘</span> <span class='ocrx_word' id='word_1_319' title='bbox 1349 2835 1403 2874; x_wconf 87' lang='grc'>26</span> <span class='ocrx_word' id='word_1_320' title='bbox 1425 2834 1740 2875; x_wconf 79' lang='lat' dir='ltr'>instruxerunt</span> <span class='ocrx_word' id='word_1_321' title='bbox 1771 2872 1778 2877; x_wconf 32' lang='lat' dir='ltr'><em>J</em></span> 
     </span>
     <span class='ocr_line' id='line_1_41' title="bbox 119 2885 888 2940; baseline 0.004 -15"><span class='ocrx_word' id='word_1_322' title='bbox 119 2885 175 2934; x_wconf 86' lang='lat' dir='ltr'>B,</span> <span class='ocrx_word' id='word_1_323' title='bbox 197 2888 342 2927; x_wconf 77' lang='lat' dir='ltr'>sedin</span> <span class='ocrx_word' id='word_1_324' title='bbox 361 2895 507 2940; x_wconf 79' lang='lat' dir='ltr'>punct.</span> <span class='ocrx_word' id='word_1_325' title='bbox 530 2902 580 2929; x_wconf 87' lang='lat' dir='ltr'>m.</span> <span class='ocrx_word' id='word_1_326' title='bbox 606 2891 629 2927; x_wconf 86' lang='lat'><em>1</em></span> <span class='ocrx_word' id='word_1_327' title='bbox 652 2894 696 2928; x_wconf 81' lang='lat' dir='ltr'>ut</span> <span class='ocrx_word' id='word_1_328' title='bbox 716 2889 888 2928; x_wconf 81' lang='lat' dir='ltr'>uidetur</span> 
     </span>
    </p>

    <p class='ocr_par' dir='ltr' id='par_1_9' title="bbox 232 2938 711 2997">
     <span class='ocr_line' id='line_1_42' title="bbox 232 2938 711 2997; baseline 0.002 -13"><span class='ocrx_word' id='word_1_329' title='bbox 232 2945 287 2984; x_wconf 88' lang='lat'>30</span> <span class='ocrx_word' id='word_1_330' title='bbox 309 2957 619 2997; x_wconf 83' lang='lat' dir='ltr'>parnacusam</span> <span class='ocrx_word' id='word_1_331' title='bbox 652 2938 711 2985; x_wconf 88' lang='lat' dir='ltr'>V&#39;</span> 
     </span>
    </p>
   </div>
  </div>
 </body>
</html>
