1936 3120
1316 0 1670 54 1³·*zirrif1yfjfraaw
1682 0 1819 55 &27⁶2ss-

234 99 340 151 380
378 162 383 166 ¹
858 136 862 139 ι
916 105 1015 150 LIB.
1055 106 1160 151 Vlll.

234 213 377 262 mine
402 209 622 279 publica
648 212 965 280 quaestione
992 212 1239 264 adflictus
1267 223 1377 281 est,
1413 215 1670 269 innocens
1684 256 1699 283 ,
1734 218 1843 269 nisi

234 292 348 334 tam
375 280 554 350 prisco
584 280 799 332 saeculo
827 290 986 333 natus
1015 291 1176 335 esset.

339 355 619 403 Ambustae.
645 353 691 403 1.
706 351 886 422 Atque
905 360 964 403 ut
984 371 1073 404 eos
1096 371 1307 424 quoque
1326 355 1644 422 referamne,
1673 357 1767 426 qui
1787 357 1843 408 in

237 420 527 471 discrimen
565 422 762 491 capitis
804 422 1027 475 adducti
1063 442 1236 493 neque
1272 425 1513 477 damnati
1551 444 1725 496 neque
1752 426 1843 479 ab·

194 505 213 535 5
238 490 404 543 soluti
442 501 595 558 sunt,
634 510 665 543 a
705 493 779 545 ud
805 493 878 544 M.
907 493 1181 563 Popilium
1205 493 1502 548 Laenatem
1537 504 1844 566 praetorem

235 560 517 631 quaedam,
547 581 652 632 quo
718 571 945 615 matrem
971 566 1115 615 fuste
1142 583 1457 634 percussam
1476 567 1844 631 interemerat,

235 650 455 682 causam
484 632 640 685 dixit.
718 634 783 685 de
822 653 927 703 qua
962 643 1208 686 neutram
1236 635 1292 687 in
1317 643 1530 705 partem
1555 636 1699 689 latae
1726 654 1844 687 sen-

235 703 442 753 tentiae
472 711 620 766 sunt,
659 705 787 773 quia
815 703 1031 756 abunde
1068 706 1356 757 constabat
1382 706 1608 758 eandem
1635 723 1843 758 ueneno

233 780 549 824 necatorum
586 772 883 826 liberorum
922 773 1104 826 dolore
1142 785 1496 841 commotam,
1532 795 1679 846 *quos
1717 775 1843 826 auia

172 858 212 888 ιο
234 841 379 894 filiae
405 842 622 894 infensa
649 844 971 909 sustulerat,
1000 845 1353 914 parricidium
1377 845 1550 898 ultam
1578 864 1696 897 esse
1721 863 1841 915 par-

235 912 445 963 ricidio.
499 931 728 983 quorum
751 915 981 966 alterum
1004 914 1225 982 ultione,
1248 916 1482 968 alterum
1502 914 1844 968 absolutione

241 980 393 1052 [non]
425 983 651 1051 dignum
678 985 981 1036 iudicatum
1010 995 1108 1037 est.

340 1053 389 1103 2.
430 1054 640 1105 Eadem
677 1055 1039 1107 haesitatione
1067 1055 1227 1107 Publi
1264 1075 1476 1126 quoque
1501 1053 1843 1120 Dolabellae,

234 1123 611 1192 proconsulari
636 1124 861 1195 imperio
888 1126 1080 1177 Asiam
1108 1126 1429 1193 obtinentis,
1471 1127 1682 1178 animus
1717 1124 1843 1176 fluc—

171 1207 211 1238 15
235 1202 417 1245 tuatus
446 1203 544 1247 est.
598 1204 772 1247 mater
797 1195 1039 1247 familiae
1058 1197 1368 1267 Zmyrnaea
1393 1197 1573 1248 uirum
1595 1205 1648 1246 et
1673 1193 1843 1246 filium

235 1265 529 1331 interemit,
560 1285 683 1317 cum
710 1266 779 1318 ab
803 1267 886 1317 his
909 1267 1145 1335 optimae
1166 1266 1364 1319 indolis
1386 1268 1656 1332 iuuenem,
1685 1283 1843 1334 quem

237 1353 305 1385 ex
349 1335 528 1403 priore
572 1337 692 1387 uiro
740 1337 903 1387 enixa
950 1336 1151 1401 fuerat,
1208 1337 1444 1388 occisum
1490 1336 1839 1404 conperisset.

236 1422 395 1474 quam
424 1423 539 1455 rem
565 1404 875 1457 Dollabella
901 1406 968 1457 ad
998 1425 1054 1458 se
1083 1406 1320 1458 delatam
1347 1407 1592 1458 Athenas
1619 1405 1688 1456 ad
1710 1403 1844 1455 Arei

235 1475 365 1543 pagi
392 1474 755 1543 cognitionem
781 1474 1073 1544 relegauit,
1111 1477 1238 1547 quia
1273 1477 1389 1546 ipse
1414 1494 1588 1545 neque
1613 1474 1844 1527 liberare

172 1557 213 1588 20
238 1544 451 1596 duabus
498 1545 756 1597 caedibus
803 1548 1227 1598 contaminatam
1271 1565 1446 1616 neque
1484 1545 1676 1615 punire
1725 1561 1843 1595 eam

235 1615 379 1666 iusto
426 1613 611 1667 dolore
656 1615 924 1684 inpulsam
966 1617 1284 1669 sustinebat.
1355 1615 1766 1669 consideranter
1793 1622 1846 1664 et

237 1693 520 1736 mansuete
546 1685 735 1754 populi
761 1687 994 1738 Romani
1019 1688 1403 1756 magistratus,
1445 1684 1541 1737 sed
1567 1683 1843 1754 areopagi-

236 1765 325 1806 tae
353 1773 564 1825 quoque
602 1774 706 1806 non
734 1757 909 1807 minus
940 1757 1239 1826 sapienter,
1279 1759 1372 1826 qui
1407 1758 1654 1826 inspecta
1679 1771 1846 1806 causa

237 1833 292 1876 et
317 1834 695 1877 accusatorem
723 1839 774 1877 et
799 1845 947 1877 ream
984 1838 1109 1896 post
1142 1835 1357 1879 centum
1384 1845 1554 1878 annos
1583 1825 1655 1876 ad
1681 1843 1738 1876 se
1763 1842 1842 1875 re·

172 1923 214 1954 25
234 1895 377 1946 uerti
414 1896 714 1961 iusserunt,
762 1896 953 1948 eodem
990 1898 1188 1950 affectu
1234 1898 1366 1950 moti
1400 1915 1504 1966 quo
1540 1892 1847 1947 Dolabella.

122 2057 213 2090 Par.
351 2045 386 2086 l.
428 2042 557 2101 Apud
583 2043 635 2086 M.
656 2042 878 2101 Popilium
908 2043 1147 2087 Laenatem
1175 2050 1431 2102 praetorem
1461 2042 1693 2102 quaedam,
1722 2040 1842 2100 quod

238 2119 425 2155 matrem
452 2112 768 2162 interemerat,
806 2112 923 2157 dicta
951 2126 1083 2156 causa
1112 2112 1318 2158 absoluta
1346 2119 1437 2162 est,
1476 2113 1579 2170 quia
1609 2109 1843 2155 constabat

240 2195 335 2226 eam
376 2195 552 2226 ueneno
590 2189 850 2226 necatorum
897 2181 1146 2226 liberorum
1190 2183 1346 2228 dolore
1387 2187 1679 2230 commotam,
1727 2194 1844 2239 quos

240 2251 339 2295 auia
366 2250 484 2294 filiae
511 2251 683 2296 insensa
713 2252 973 2316 sustulerat.
1049 2256 1087 2296 2.
1120 2254 1260 2298 Mater
1288 2252 1480 2297 familiae
1506 2252 1749 2310 Zmyrnaea
1776 2251 1845 2293 ui·

177 2339 220 2370 30
243 2335 340 2366 rum
370 2328 414 2365 et
441 2321 580 2365 filium
609 2323 852 2373 interemit,
883 2336 980 2367 cum
1009 2322 1062 2367 ab
1090 2324 1159 2368 his
1187 2325 1423 2379 iuuentem,
1453 2335 1584 2381 quem
1613 2335 1664 2365 ex
1691 2321 1845 2380 priore

242 2392 343 2436 uiro
374 2393 501 2436 enixa
528 2393 699 2442 suerat,
740 2394 939 2438 occisum
965 2396 1264 2452 conperisset.
1325 2406 1459 2452 quam
1497 2405 1591 2436 rem
1616 2390 1842 2436 Dolabella

237 2463 427 2521 imperio
455 2463 605 2506 Asiam
646 2463 855 2508 obtinens
894 2463 946 2507 ad
982 2466 1346 2524 areopagitarum
1375 2463 1682 2522 cognitionem
1710 2460 1844 2506 remi-

353 2615 373 2651 1
416 2613 602 2664 publico
625 2607 679 2651 B'
758 2616 782 2653 6
819 2612 935 2653 feste
955 2607 1011 2653 B'
1088 2618 1113 2656 8
1151 2614 1341 2654 eandem
1363 2614 1404 2653 B
1427 2616 1469 2654 in
1488 2625 1593 2658 ras„
1612 2611 1716 2661 fort.
1742 2621 1839 2649 eam

239 2670 290 2706 12
331 2681 421 2707 non
443 2670 703 2709 inclusimus:
737 2669 927 2709 alterum
953 2670 1126 2710 ultione
1150 2671 1346 2722 dignum,
1374 2670 1569 2710 alterum
1587 2666 1732 2707 absol.
1751 2677 1841 2704 non

237 2723 422 2774 dignum
446 2727 472 2763 2
494 2727 615 2766 codd.
639 2727 888 2776 interpolati
908 2727 1051 2778 Piyhii
1070 2733 1110 2765 et
1132 2737 1158 2770 ς
1220 2730 1269 2767 15
1293 2739 1507 2777 zmyrnea
1527 2725 1570 2764 B
1631 2724 1680 2762 17
1704 2722 1841 2761 enixa

236 2779 327 2818 Pb:
358 2780 487 2819 enisa
509 2781 549 2820 B
631 2783 682 2821 18
706 2783 916 2834 areipagi
938 2783 1003 2822 B:
1037 2783 1258 2835 areopagi
1281 2782 1303 2821 b
1384 2783 1434 2821 19
1463 2781 1675 2822 laberare
1699 2799 1749 2805 —
1772 2780 1835 2817 inv

237 2834 414 2887 pulsum
437 2829 491 2875 B'
551 2838 603 2875 22
626 2839 927 2887 magistratus
949 2852 1024 2879 om.
1048 2838 1090 2878 B
1112 2842 1154 2878 in
1175 2852 1262 2878 ras.

350 2893 404 2931 29
427 2905 666 2942 smyrnaea
696 2895 867 2935 Vcorr.
