1936 3120
322 145 439 192 GAP.
471 145 574 198 VIII,
602 145 633 205 S
658 147 799 190 6—9.
838 145 937 190 LIB.
964 139 1215 192 VIIIssCAP.
1243 146 1273 196 1,
1301 145 1454 191 Absol.
1481 144 1511 203 3
1541 149 1578 190 l.
1653 141 1755 192 371

253 252 302 304 9.
341 251 418 304 M.
444 270 574 304 uero
601 251 846 322 Popilius
876 252 1114 304 sena-tori
1142 251 1348 304 ordinis
1371 251 1609 322 Oppium
1632 251 1759 306 Gal-

142 324 275 390 lum,
303 323 374 375 ab
400 323 620 376 ineunte
647 330 829 374 aetate
854 321 1343 374 familiarissimum
1371 322 1494 389 sibi,
1522 323 1759 375 moriens

141 412 242 465 pro
277 401 499 445 uetusto
535 394 653 444 iure
691 393 963 445 amicitiae
991 401 1045 444 et
1069 392 1225 444 uultu
1251 392 1488 462 benigno
1517 393 1761 463 respexit

142 474 197 517 et
221 463 407 516 uerbis
435 481 695 532 magnum
721 481 854 533 prae
883 482 940 515 se
977 482 1217 516 amorem
1245 463 1550 516 ferentibus
1577 482 1759 534 prose-

142 542 300 587 cutus
339 542 447 597 est,
483 552 652 585 unum
688 535 854 586 etiam
892 533 957 585 de
993 533 1178 586 multis
1208 535 1300 604 qui
1328 533 1657 590 adsidebant
1681 532 1758 586 ul·
1781 551 1803 583 5

141 605 274 657 timo
297 603 569 675 conplexu
589 612 642 657 et
662 604 847 657 osculo
870 605 1091 673 dignum
1112 604 1402 656 iudicauit:
1433 605 1762 676 insuperque

143 673 333 727 anulos
363 693 577 746 quoque
606 694 732 728 suos
762 676 812 727 ei
838 675 1093 741 tradidit,
1137 674 1394 727 uidelicet
1427 693 1494 727 ne
1531 675 1661 744 quid
1689 693 1760 727 ex

141 764 206 797 ea
239 745 570 812 hereditate,
617 764 779 817 quam
819 765 926 798 non
975 755 1092 798 erat
1141 745 1388 798 aditurus
1405 786 1419 812 7
1466 747 1760 799 amitteret.

143 834 276 886 quos
307 817 458 871 ocius
485 817 572 867 uir
599 816 833 886 diligens
850 857 864 883 ,
905 817 999 868 sed
1035 816 1315 869 morientis
1353 815 1514 867 amici
1540 815 1761 888 plenum

141 885 502 938 contumeliae
545 886 877 953 ludibrium,
924 887 982 937 in
1022 886 1272 940 locellum
1321 906 1376 938 re
1421 887 1590 940 ositos
1636 895 1690 949 et
1726 905 1759 939 a
1784 904 1824 937 ιο

141 957 523 1027 praesentibus
562 958 882 1026 adsignatos
923 957 1340 1026 diligentissime
1415 956 1671 1010 eredibus
1700 955 1758 1008 il-

144 1028 250 1078 lius
279 1028 506 1079 exheres
531 1028 651 1098 ipse
677 1027 937 1079 reddidit.
990 1028 1121 1098 quid
1147 1027 1248 1080 hoc
1274 1029 1392 1081 ioco
1419 1027 1759 1080 inhonestius

141 1107 239 1150 aut
264 1098 391 1168 quid
414 1099 900 1169 intempestiuius‘?
950 1108 1170 1151 senator
1196 1098 1383 1169 populi
1409 1098 1645 1151 Romani
1672 1117 1759 1150 cu—

142 1169 227 1220 ria
253 1187 526 1237 egressuS‚
554 1169 891 1222 homo'uitae
916 1169 1187 1222 fructibus
1211 1169 1466 1222 continuo
1487 1169 1757 1220 cariturus

51 1303 54 1305 ι
142 1239 488 1291 sanctissima
512 1241 634 1291 iura
660 1239 1050 1291 familiaritatis
1078 1247 1251 1292 morte
1277 1239 1479 1310 pressis
1507 1237 1677 1290 oculis
1706 1247 1760 1290 et
1784 1255 1823 1286 15

49 1307 51 1309 ’
141 1308 339 1379 spiritu
366 1328 652 1380 supremos
677 1308 946 1361 anhelitus
969 1310 1232 1367 reddente
1255 1308 1468 1361 scurrili
1492 1309 1611 1360 lusu
1636 1326 1757 1378 sug—

139 1378 388 1448 gillanda
414 1381 517 1433 sibi
546 1381 868 1450 desumpsit.

621 1563 852 1615 LIBER
897 1525 1281 1616 OCTAVVS.-

140 1675 185 1727 Ι.
226 1679 545 1728 INFAMES
568 1680 698 1727 REI
722 1679 993 1737 QVIBVS
1017 1680 1114 1726 DE
1135 1678 1382 1726 CAVSIS
1407 1677 1759 1727 ABSOLVTI

589 1750 737 1797 AVT
771 1749 1099 1797 DAMNATI
1135 1748 1313 1796 SINT.
1777 1757 1819 1788 20

226 1845 434 1917 ‘NunQ
471 1864 576 1915 quo
613 1844 872 1915 aequiore
906 1845 1088 1894 animo
1125 1844 1389 1912 ancipites
1427 1842 1754 1898 iudiciorum

141 1923 321 1968 motus
349 1916 667 1981 tolerentur,
694 1914 1044 1967 recordemur
1069 1913 1281 1964 inuidia
1301 1913 1612 1965 laborantes
1640 1913 1753 1982 qui-

140 1987 243 2040 bus
271 1986 339 2039 de
365 1987 544 2038 causis
573 1995 668 2038 aut
693 1986 935 2038 absoluti
962 1985 1070 2036 sint
1095 1993 1190 2036 aut
1217 1982 1475 2034 damnati.

248 2062 414 2110 Absol.
451 2060 495 2109 1.
533 2057 608 2109 Μ.
638 2057 922 2122 Horatius,
949 2054 1272 2106 interfectae
1300 2053 1503 2107 sororis
1530 2053 1753 2105 crimine

141 2145 176 2180 a
201 2128 362 2181 Tullo
389 2146 518 2197 rege
546 2129 836 2179 damnatus
852 2167 865 2193 ‚
903 2126 973 2178 ad
1000 2125 1259 2196 populum
1294 2130 1589 2194 prouocato
1618 2122 1754 2174 iudi·
1778 2135 1819 2166 25

141 2263 182 2305 9.
222 2262 276 2306 Μ.
312 2261 520 2322 Popilius
567 2268 751 2306 senator
788 2261 940 2306 Urium
979 2259 1153 2305 Gallum
1195 2260 1393 2304 moriens
1439 2271 1521 2317 pro
1566 2262 1751 2301 uetusto
1776 2268 1866 2303 Par.

142 2322 242 2377 iure
268 2333 492 2385 amicitiae
518 2332 650 2377 uultu
677 2331 946 2391 benigniore
973 2330 1234 2389 conspexit,
1272 2343 1411 2373 unum
1439 2329 1572 2372 etiam
1602 2341 1652 2371 ex
1681 2326 1755 2371 ad·

143 2402 414 2447 sistentibus
446 2401 531 2446 sibi
559 2401 794 2446 osculatus
822 2402 981 2446 anulos
1010 2414 1195 2460 quoque
1223 2414 1332 2444 suos
1360 2400 1399 2443 ci
1430 2396 1625 2446 tradidit,
1654 2409 1753 2440 eum

143 2472 278 2516 alium
306 2470 571 2531 reliquisset
594 2472 817 2515 heredem.

248 2542 342 2587 DE
376 2541 661 2587 IVDICIIS
696 2540 1018 2585 PVBLICIS.
1088 2543 1124 2584 1.
1166 2540 1219 2584 Μ.
1249 2539 1459 2584 Horatius
1485 2536 1753 2581 interfectae
1777 2550 1817 2581 80

259 2669 279 2706 1
303 2666 446 2719 pilius
468 2658 522 2705 B'
542 2662 561 2717 ΙΙ
590 2665 772 2717 oppium
797 2664 863 2703 B.-
894 2667 1037 2703 orium
1063 2664 1102 2702 P
1156 2664 1183 2702 4
1204 2660 1493 2701 feruentibus
1514 2652 1570 2698 B'
1628 2657 1754 2699 aad·

142 2724 376 2765 sistebant
405 2723 446 2762 P
521 2724 546 2761 6
576 2722 855 2774 insuperque
880 2721 1042 2760 Aldus:
1074 2730 1256 2770 superq.
1279 2718 1321 2756 B
1398 2719 1424 2757 9
1454 2711 1605 2770 ocius]
1639 2718 1754 2754 immo
1868 2750 1892 2761 ,,

145 2780 324 2832 Oppius
345 2782 414 2819 uel
431 2780 656 2819 secundum
682 2779 717 2816 Ι)
739 2779 876 2817 Orius
958 2778 1008 2815 12
1030 2776 1133 2815 ioco
1159 2775 1354 2827 Lipsius:
1383 2773 1488 2813 Ioco
1510 2771 1553 2811 B
1615 2773 1666 2811 13
1687 2784 1753 2812 uu.

145 2837 274 2876 curia
294 2849 425 2889 usqne
447 2837 506 2875 ad
517 2838 641 2886 linem
664 2834 761 2874 libri
781 2833 822 2873 B
844 2836 885 2872 in
906 2845 994 2872 rus,
1017 2832 1143 2871 hahet
1222 2833 1276 2872 16
1316 2829 1547 2870 anhelitus
1586 2825 1658 2878 (——
1680 2830 1753 2865 tus

144 2891 278 2938 corr.)
302 2893 343 2932 B
364 2897 406 2932 in
427 2906 515 2933 ras.
595 2893 645 2930 21
672 2903 761 2943 quo
785 2889 847 2930 Γ.·
879 2901 1012 2941 quoq.
1039 2888 1093 2937 Β,
1119 2899 1255 2940 quoq.
1278 2890 1330 2927 ut
1350 2887 1374 2927 b
1462 2886 1517 2924 ‘22
1541 2884 1755 2924 laboran—

145 2950 262 2988 test*
283 2948 326 2988 B
383 2950 439 2989 25
460 2948 593 2988 tullio
617 2945 675 2987 B'
1700 2942 1719 2958 ’

1393 3009 1504 3064 24*
