1872 3132
225 116 293 168 12
943 122 1041 167 LIB.
1082 123 1112 166 1.

226 228 473 282 sublatos
502 228 573 280 ad
600 246 722 279 eum
742 246 840 298 pro
860 226 1002 280 dono
1030 227 1320 294 attulisset,
1346 236 1408 280 ut
1428 231 1674 301 conperit
1691 231 1839 284 unde

225 307 410 351 essent
458 297 705 363 aduecti,
770 298 1144 368 quinqueremi
1188 299 1546 368 reportandos
1590 300 1838 353 Melitam

224 370 390 439 inque
417 367 617 437 templo
639 367 864 421 Iunonis
893 367 1253 421 conlocandos
1282 371 1509 436 curauit,
1536 370 1836 441 insculptos

227 439 404 508 gentis
445 457 576 490 suae
621 437 842 503 litteris,
884 438 1319 507 significantibus
1355 458 1542 508 regem
1584 441 1838 510 ignoran-

181 526 203 557 5
227 518 337 561 tem
363 528 454 561 eos
483 508 787 579 accepisse,
826 508 1059 561 libenter
1086 509 1219 561 deae
1256 510 1582 563 reddidisse.
1632 511 1839 563 factum

224 580 556 631 Masinissae
615 579 794 631 animo
857 597 1019 648 quam
1068 580 1274 632 Punico
1335 581 1588 649 sanguini
1646 599 1838 634 conue-

223 650 406 702 niens!

334 721 385 771 3.
451 720 628 784 Quam
668 738 795 771 uam
839 718 971 789 quid
1006 719 1203 771 attinet
1237 737 1410 772 mores
1455 721 1676 774 natione
1719 739 1837 790 per-

226 789 432 860 pendi?
473 791 530 840 in
555 808 638 841 me
683 791 736 840 ia
760 790 1019 842 barbaria
1046 797 1195 842 ortus
1224 790 1575 859 sacrilegium
1601 789 1840 842 alienum

161 877 204 909 10
227 859 471 913 rescidit.
532 859 818 929 Syracusis
854 861 1071 928 genitus
1098 859 1398 930 Dionysius
1434 869 1517 913 tot
1553 860 1841 929 sacrilegia

228 949 342 996 sua,
380 938 512 1000 quot
538 930 646 982 iam
674 930 1133 998 recognoscimus,
1172 930 1370 983 iocosis
1399 930 1558 983 dictis
1583 931 1841 1001 prosequi

225 999 523 1070 uoluptatis
571 1000 689 1053 loco
736 1000 911 1052 duxit.
971 1000 1098 1051 fano
1137 1000 1278 1051 enim
1314 1001 1675 1071 Proserpinae
1719 1019 1839 1071 spo-

225 1070 359 1123 liato
394 1071 616 1136 Locris,
667 1089 788 1121 cum
833 1088 931 1140 per
977 1069 1146 1121 altum
1182 1070 1418 1123 secundo
1466 1078 1628 1124 uento
1665 1071 1840 1122 classe

225 1140 542 1206 ueheretur,
582 1140 767 1192 ridens
796 1140 981 1191 amicis
1013 1140 1339 1192 ‘uidetisne’
1375 1141 1452 1192 ait
1479 1147 1667 1211 ‘quam
1692 1142 1841 1193 bona

162 1227 205 1259 15
227 1211 507 1279 nauigatio
536 1211 605 1263 ab
632 1211 767 1280 ipsis
793 1209 895 1261 diis
923 1210 1306 1262 inmortalibus
1331 1210 1610 1279 sacrilegis
1632 1211 1838 1263 tribua-

226 1281 389 1333 tur‘P’
440 1281 683 1332 detracto
723 1281 886 1332 etiam
921 1279 1044 1332 Ioui
1072 1279 1325 1350 Olympio
1362 1282 1548 1350 magni
1581 1281 1838 1351 ponderis

227 1369 394 1404 aureo
432 1350 694 1416 amicuIO,
733 1369 837 1420 quo
866 1369 989 1401 eum
1023 1358 1288 1419 tyrannus
1326 1350 1464 1404 Gelo
1503 1370 1531 1403 e
1567 1351 1839 1404 manubiis

225 1420 772 1489 Karthaginiensium
800 1428 1107 1486 ornauerat,
1135 1420 1444 1491 iniectoque
1471 1421 1519 1473 ei
1543 1420 1699 1473 laneo
1726 1420 1838 1491 pal-

225 1491 299 1544 lio
329 1491 470 1543 dixit
497 1498 704 1542 aestate
731 1508 900 1559 graue
928 1508 1047 1541 esse
1076 1508 1301 1542 aureum
1328 1490 1636 1557 amiculum,
1662 1491 1839 1543 hieme

160 1579 204 1611 20
227 1560 516 1629 frigidum,
563 1561 779 1612 laneum
816 1567 996 1612 autem
1030 1559 1101 1611 ad
1134 1569 1423 1631 utrumque
1458 1569 1671 1632 tempus
1711 1561 1851 1612 anni

226 1632 428 1701 aptius.
502 1631 649 1683 idem
685 1630 954 1700 Epidauri
991 1630 1315 1700 Aesculapio
1351 1631 1583 1684 barbam
1618 1650 1839 1683 auream

228 1701 374 1754 demi
405 1701 587 1766 iussit,
630 1702 775 1772 quod
812 1701 1125 1753 adfirmaret
1158 1720 1268 1754 non
1303 1701 1591 1754 conuenire
1626 1709 1839 1771 patrem

228 1771 543 1842 Apollinem
560 1771 864 1836 inberbem,
891 1773 1071 1840 ipsum
1091 1771 1385 1823 barbatum
1406 1772 1665 1841 conspici.
1693 1771 1839 1823 idem

227 1861 442 1894 mensas
466 1850 751 1911 argenteas
781 1850 941 1911 atque
970 1859 1161 1893 aureas
1191 1860 1218 1893 e
1237 1841 1381 1893 fanis
1405 1841 1645 1908 sustulit,
1671 1840 1838 1912 quod-

163 1960 206 1993 25
232 1947 435 1992 sublatos
463 1961 485 1991 e
517 1946 683 2006 templo
712 1946 893 1990 Iunonis
921 1959 970 1989 ex
997 1946 1143 1990 insula
1171 1945 1344 1994 Melita,
1383 1947 1568 2003 cognito
1596 1945 1837 2004 sacrilegio

107 2001 204 2036 Par.
229 2017 338 2061 deae
365 2016 553 2061 remisit.
606 2019 648 2059 3.
677 2015 923 2074 Dionysius¹
943 2015 1119 2060 Siciliae
1149 2022 1380 2073 tyrannus,
1409 2014 1511 2060 fano
1538 2015 1839 2074 Proserpinae

224 2086 384 2132 Locris
412 2086 631 2145 spoliato,
670 2099 769 2130 cum
798 2085 995 2130 secundo
1023 2091 1161 2129 uento
1189 2085 1446 2142 nauigaret,
1483 2085 1732 2135 uidetisne‚
1771 2086 1839 2128 in-

227 2158 341 2215 quit,
380 2156 535 2209 amici,
574 2170 704 2214 quam
732 2155 848 2200 hona
884 2155 1115 2214 nauigatio
1152 2153 1384 2212 sacrilegis
1412 2154 1569 2199 detur?
1617 2155 1736 2199 idem
1763 2155 1837 2200 de-

228 2232 370 2271 tracto
399 2226 495 2270 Ioui
523 2225 728 2285 Olympio
766 2225 957 2270 amiculo
986 2238 1147 2274 aureo,
1195 2238 1283 2283 quo
1320 2237 1420 2268 eum
1447 2224 1582 2269 Hiero
1623 2231 1838 2284 tyrannus

159 2303 491 2346 3oornauerat‚
548 2298 853 2355 impositoque
902 2294 1033 2340 laneo
1085 2294 1222 2354 pallio
1269 2294 1402 2344 dixit,
1455 2301 1627 2340 aestate
1675 2309 1836 2340 aurum

225 2381 391 2427 graue,
419 2366 565 2410 hieme
586 2365 800 2423 frigidum
821 2378 943 2409 esse:
984 2365 1129 2410 lanam
1152 2364 1204 2408 ad
1227 2370 1470 2423 utrumque
1494 2371 1669 2424 tempus
1690 2366 1837 2424 aptio-

226 2450 336 2482 rem.
404 2436 524 2481 Idem
559 2434 773 2495 Epidauri
810 2434 1079 2494 Aesculapio
1115 2433 1298 2479 barbam
1336 2447 1514 2478 auream
1552 2434 1665 2478 demi
1703 2435 1837 2479 iussit

224 2507 404 2556 dicens,
435 2514 566 2566 turpe
601 2506 646 2551 id
681 2507 745 2556 ei,
792 2519 891 2550 cum
918 2512 1048 2564 pater
1074 2505 1168 2549 eius
1195 2504 1309 2548 leuis
1335 2503 1654 2563 conspiciatur.
1717 2504 1835 2548 Idem

224 2592 405 2622 mensas
443 2583 681 2635 argenteas
719 2582 764 2621 et
791 2589 950 2620 aureas
985 2589 1007 2620 e
1044 2575 1159 2620 sanis
1197 2573 1384 2624 tollens,
1423 2574 1545 2633 quod
1580 2580 1676 2618 erat
1712 2588 1836 2618 more

339 2686 364 2725 5
394 2685 672 2725 reddidisset
702 2678 758 2724 B'
825 2686 849 2724 6
881 2696 1017 2734 quam
1047 2683 1088 2722 B
1118 2696 1231 2724 corr.
1254 2696 1275 2722 e
1307 2681 1388 2733 qd,
1421 2682 1524 2734 plus
1554 2679 1641 2733 (uel
1667 2680 1835 2733 magis)

226 2753 363 2792 quam
392 2743 496 2783 dett.
527 2743 688 2794 aliquot
747 2742 771 2780 6
805 2742 912 2792 fort.
945 2739 1294 2780 conuenientius
1363 2740 1414 2777 11
1454 2752 1508 2777 an
1537 2749 1834 2787 recognosce-

223 2798 353 2837 mus?
416 2798 466 2836 17
498 2797 600 2849 gelo
622 2797 690 2836 B:
721 2797 862 2837 Hiero
885 2797 934 2843 P,
968 2803 1013 2836 at
1040 2812 1078 2837 u.
1115 2796 1196 2836 Cic.
1229 2796 1280 2835 de
1311 2796 1430 2836 deor.
1465 2799 1550 2834 nat.
1581 2793 1687 2843 III,
1720 2794 1743 2841 ξ
1775 2794 1833 2832 83
1870 2847 1872 2850 ¹

227 2855 280 2894 19
312 2864 500 2906 grauem
529 2852 571 2892 B
630 2855 682 2892 21
714 2853 980 2904 epidauriae
1001 2853 1044 2892 B
1541 2884 1546 2890 ,
1868 2860 1872 2861 ’

339 2911 393 2949 27
414 2907 531 2949 locri
558 2910 601 2949 V
656 2910 708 2949 32
732 2909 998 2960 aescolapio
1028 2910 1066 2948 V
