1924 3152
649 13 687 38 3*
704 19 722 34 A„
740 27 748 35 ¹
783 6 894 38 ,-*<..7·{
911 15 947 25 7.‹0

754 125 873 171 GAP.
900 124 961 175 11,
1001 124 1031 183 3
1059 128 1199 170 1—5.
1404 151 1417 158 -
1697 119 1802 172 327

283 234 335 287 3.
375 233 573 300 Quinti
608 251 824 304 quoque
850 231 1061 285 Metelli
1098 251 1223 285 cum
1259 233 1447 301 grauis
1484 239 1599 285 tum
1635 232 1804 285 etiam

167 303 293 358 alta
316 305 376 356 in
412 312 607 357 senatu
635 304 932 369 sententia,
975 303 1067 374 qui
1093 304 1313 356 deuicta
1337 302 1683 372 Karthagine
1709 322 1803 355 ne-

172 377 318 429 scire
346 394 402 427 se
427 373 523 427 illa
546 374 781 427 uictoria
805 375 1005 426 bonine
1032 373 1156 445 plus
1184 392 1255 426 an
1281 375 1411 426 mali
1437 375 1518 426 rei
1544 373 1801 444 publicae

167 446 468 500 adtulisset
493 445 862 510 adseuerauit,
891 446 1149 515 quoniam
1167 453 1229 496 ut
1252 463 1444 515 pacem
1459 444 1799 499 restituendo

167 515 503 588 profuisset,
555 516 636 567 ita
684 514 1055 567 Hannibalem
1107 517 1499 569 summouendo
1549 514 1800 569 nonnihil
1821 534 1844 568 5

175 587 495 656 nocuisset(
531 585 646 638 eius
677 585 821 638 enim
847 586 1084 638 transitu
1109 586 1166 637 in
1193 586 1414 639 Italiam
1441 587 1801 639 dormientem

170 658 286 710 iam
311 656 499 728 populi
519 657 753 708 Romani
777 657 1042 709 uirtutem
1064 657 1379 723 excitatam,
1408 658 1686 728 metuique
1708 657 1799 710 de-

163 729 306 783 bere
330 747 399 780 ne
426 728 539 779 acri
566 726 778 779 aemulo
806 727 1041 780 liberata
1075 728 1135 778 in
1171 727 1406 781 eundem
1443 747 1694 781 somnum
1718 746 1799 780 re·

163 799 506 852 uolueretur.
559 800 617 850 in
643 817 707 850 ae
747 817 816 850 uo
843 799 1014 866 igitur
1035 797 1302 852 malorum
1323 799 1510 869 posuit
1527 800 1615 851 uri
1634 806 1798 865 tecta,

164 870 386 924 uastari
421 887 615 938 agrOS,
663 888 732 921 ex
773 870 942 921 auriri
978 870 1249 922 aerarium
1285 878 1340 922 et
1374 870 1542 940 prisci
1585 870 1798 923 roboris
1823 888 1867 921 10

164 959 375 994 *neruos
401 940 670 993 hebetari.

281 1011 333 1063 4.
375 1011 552 1077 Quid,
604 1009 743 1062 illud
793 1010 1003 1063 factum
1054 1011 1118 1062 L.
1162 1011 1446 1064 Fimbriae
1495 1010 1795 1064 consularis

212 1100 342 1134 uam
368 1082 612 1152 sapiens!
652 1081 728 1133 M.
757 1081 979 1133 Lutatio
1008 1081 1282 1147 Pinthiae,
1312 1081 1600 1152 splendido
1629 1083 1800 1153 equiti

165 1101 420 1205 sIltomano
437 1151 647 1218 ,iudex
673 1151 927 1204 addictus
957 1151 1024 1204 de
1051 1153 1371 1222 sponsione,
1410 1172 1573 1224 quam
1598 1153 1646 1204 is
1675 1171 1799 1204 cum

171 1222 497 1275 aduersario
539 1223 596 1274 ni
632 1223 720 1274 uir
754 1223 929 1274 bonus
970 1232 1116 1275 esset
1142 1223 1377 1289 fecerat,
1413 1241 1713 1294 numquam
1739 1223 1798 1275 id
1822 1240 1864 1274 15

163 1293 433 1346 iudicium
458 1293 901 1363 pronuntiatione
929 1312 1028 1345 sua
1053 1294 1213 1346 finire
1237 1293 1431 1360 uoluit,
1459 1313 1528 1346 ne
1555 1302 1651 1346 aut
1675 1313 1798 1365 pro-

171 1364 366 1417 batum
391 1364 592 1430 uirum,
623 1364 669 1416 si
697 1371 889 1416 contra
916 1382 1038 1415 eum
1065 1364 1393 1431 iudicasset,
1421 1365 1573 1417 fama
1598 1364 1797 1436 spolia-

162 1443 256 1488 ret
279 1432 375 1488 aut
400 1435 610 1487 iuraret
634 1435 817 1486 uirum
853 1435 1055 1487 bonum
1091 1454 1238 1502 esse,
1275 1454 1399 1488 cum
1438 1454 1503 1488 ea
1528 1455 1614 1488 res
1643 1437 1797 1487 innu-

166 1504 535 1558 merabilibus
563 1505 819 1567 laudibus
849 1507 1235 1559 contineretur.

9 1221 14 1224 ·
6 880 23 1178 ..a-..nqam-u...
13 837 18 858 ,..
12 782 18 788 .
12 695 19 744 --..,
13 612 20 662 m...
19 588 21 592 ,

278 1577 331 1628 5.
374 1576 711 1629 'Forensibus
760 1575 922 1641 haec,
974 1576 1070 1628 illa
1118 1577 1452 1630 militaribus
1505 1576 1795 1647 stipendiis
1819 1596 1861 1628 20

0 1661 8 1723 ᾗ
165 1645 464 1717 prudentia
489 1654 573 1698 est
599 1645 864 1699 exhibita.
918 1646 1173 1717 Papirius
1202 1647 1408 1700 Cursor
1435 1647 1643 1713 consul,
1674 1666 1796 1698 cum

3 1739 5 1741 ·
169 1716 529 1788 Aquiloniam
585 1735 906 1787 oppugnans
952 1717 1223 1787 proelium
1264 1717 1431 1770 uellet
1475 1718 1794 1771 conmittere

0 1633 9 1660 ur
0 1614 6 1628 m
0 1595 7 1605 -ι
2 1568 9 1582 <-
0 1504 12 1564 win—
0 1446 11 1500 e--w
6 1396 9 1398 ⁴

166 1851 318 1895 nisset
353 1856 433 1896 aut
469 1851 718 1894 necessitas
757 1850 1005 1895 incidisset.
1082 1853 1120 1895 3.
1162 1850 1211 1906 Q.
1239 1851 1447 1896 Metellus
1481 1851 1659 1896 deuicta
1686 1851 1792 1896 Car·
1814 1861 1910 1897 Par.

168 1920 360 1979 {hagiae
395 1922 570 1966 nescire
608 1934 655 1965 se
693 1919 778 1970 ait.
816 1920 892 1966 illa
929 1921 1124 1987 uictoria
1162 1921 1325 1966 bonine
1362 1921 1466 1982 plus
1503 1936 1557 1967 an
1595 1921 1699 1966 mali
1726 1923 1794 1967 rei

176 1991 389 2052 publicae
415 1991 669 2037 adtulisset.
746 1995 786 2033 4.
814 1991 863 2038 L.
891 1991 1089 2036 Fimbria
1116 1991 1372 2037 consularis
1398 1991 1454 2037 Μ.
1483 1991 1664 2037 Lutatio
1691 1992 1794 2037 Pin·
1817 2004 1859 2036 25

165 2061 296 2107 ‘thiae
331 2062 567 2123 splendido
606 2061 748 2122 equiti
783 2062 985 2107 Romano
1022 2062 1154 2107 iudex
1196 2062 1400 2108 addictus
1437 2063 1491 2108 de
1529 2064 1793 2123 sponsione,

162 2146 305 2193 quam
334 2134 373 2178 is
400 2147 501 2180 cum
528 2132 809 2182 aduersario,
835 2134 881 2178 ni
908 2134 981 2177 uir
1007 2132 1155 2178 bonus
1169 2140 1305 2184 esset,
1335 2133 1519 2185 fecerat,
1546 2148 1794 2194 numquam

169 2203 220 2248 «id
249 2203 466 2250 iudicium
492 2205 865 2264 pronuntiatione
894 2218 974 2249 sua
1001 2203 1132 2250 finire
1160 2204 1332 2254 uoluit,
1362 2218 1418 2249 ne
1445 2212 1523 2250 aut
1550 2204 1793 2265 probatum

167 2275 350 2324 uirum,
390 2276 426 2319 si
453 2281 613 2320 contra
642 2287 743 2319 eum
771 2275 1041 2324 iudicasset,
1077 2275 1194 2320 sama
1221 2274 1467 2335 spoliaret,
1506 2283 1584 2321 aut
1622 2278 1794 2320 iuraret

167 2345 322 2388 uirum
350 2343 521 2390 bonum
550 2358 676 2396 esse,
704 2359 806 2390 eum
835 2359 885 2389 ea
913 2359 984 2389 res
1013 2345 1421 2391 innumerabilibus
1448 2346 1658 2391 laudibus
1685 2361 1792 2392 eon-
1815 2357 1858 2390 30

166 2414 411 2458 fineretur.
487 2417 528 2458 5.
567 2414 772 2474 Papirius
799 2417 970 2460 Cursor
1005 2415 1165 2460 consul
1201 2416 1619 2476 cumAquiloniam
1647 2431 1794 2477 oppu-

288 2537 313 2576 2
335 2537 455 2577 scire
477 2532 531 2576 B'
600 2538 626 2578 8
649 2533 829 2576 εοωιιίὖ
854 2530 909 2576 B'
979 2539 1029 2576 11
1052 2537 1259 2578 habitari
1282 2538 1403 2588 (heb.
1427 2538 1468 2589 b)
1493 2539 1535 2579 B
1606 2540 1657 2578 12
1678 2539 1731 2578 L.
1754 2539 1796 2578 P

164 2598 215 2632 et
237 2595 281 2633 in
300 2606 394 2633 ras.
415 2594 509 2633 mai.
531 2592 599 2632 B:
631 2592 782 2632 licinii
803 2594 908 2634 dett.
993 2596 1044 2634 13
1066 2593 1126 2635 M.
1151 2595 1213 2634 P:
1247 2607 1275 2634 a
1295 2607 1354 2636 m.
1375 2594 1418 2633 B
1453 2593 1471 2648 Η
1511 2594 1731 2635 Pinthiae
1754 2607 1790 2638 s,

167 2649 320 2701 -equiti
340 2662 443 2690 nos:
473 2649 656 2702 pinthia
678 2661 713 2688 s.
739 2649 897 2700 equite
920 2649 1007 2689 BP
1065 2652 1116 2689 14
1140 2649 1350 2690 addictus
1373 2651 1479 2690 BP:
1512 2650 1698 2691 additus
1721 2653 1790 2698 aL,

164 2705 326 2746 aditus
347 2706 526 2759 Pighius
606 2707 657 2746 15
678 2706 727 2745 ni
749 2707 791 2745 P
808 2712 851 2746 et
873 2705 960 2746 Cic.
985 2707 1038 2745 de
1059 2707 1134 2758 off.
1161 2709 1202 2753 3,
1226 2708 1250 2756 ξ
1275 2710 1350 2746 77.·
1383 2707 1503 2760 quod
1523 2707 1566 2747 B
1605 2705 1624 2756 Η
1678 2721 1791 2747 nun—

117 2796 120 2799 .
165 2775 310 2814 quam
330 2784 387 2791 —
407 2761 539 2802 finire
563 2761 713 2802 noluit
733 2760 828 2813 (sic,
850 2764 930 2803 sed
948 2775 976 2802 n
998 2775 1058 2802 ex
1079 2762 1217 2814 corr.)
1239 2763 1335 2803 Bin
1355 2778 1444 2805 ras.
1469 2764 1597 2804 habet
1636 2765 1689 2806 18
1712 2768 1793 2805 aut

168 2818 403 2860 iudicaret
431 2820 525 2860 eod.
552 2818 702 2871 Copes.
718 2850 728 2868 ,
759 2819 815 2870 εῙί
844 2818 930 2861 Cic.
953 2822 981 2861 l.
1005 2832 1041 2859 c.
1123 2820 1174 2859 19
1214 2821 1530 2862 contineretur
1553 2821 1639 2861 Cic.
1664 2828 1705 2862 et
1727 2821 1788 2860 P:

169 2875 468 2916 contineatur
488 2875 532 2915 B
591 2877 642 2915 21
667 2874 916 2928 prudentia
939 2877 961 2915 ἔ
982 2889 1083 2916 nos:
1114 2876 1389 2928 prudentiae
1413 2878 1470 2930 B,
1494 2881 1563 2919 est
1584 2890 1661 2920 om.
1686 2887 1713 2922 ς

283 2933 339 2973 25
359 2931 541 2985 pinthia
565 2945 600 2974 s.
626 2933 782 2984 equite
812 2931 855 2971 V
1156 2946 1159 2949 ⁴
1680 2932 1698 2947 ⁰
