1878 3132
213 91 315 145 lOO
917 100 1015 144 LlB.
1055 99 1104 143 11.

207 205 266 257 in
291 207 564 257 aerarium
590 206 803 258 deferre
837 207 1138 269 iusserunt,
1175 205 1374 258 iterum
1398 205 1580 281 puniri
1605 205 1814 275 dignos,

209 275 265 327 si‘
293 294 398 344 quo
433 275 593 328 modo
632 275 699 328 de
734 284 847 328 tam
890 277 1036 328 iusta
1072 276 1457 329 constitutione
1502 275 1656 346 queri
1690 284 1817 328 sunt

209 346 353 411 ausi,
405 364 529 397 cum
561 346 621 396 in
653 345 798 398 hunc
832 346 1055 400 modum
1089 347 1522 416 increparentur:
1578 345 1818 399 ‘Natura

206 415 365 467 uobis
403 415 863 485 quemadmodum
898 416 1184 483 nascendi,
1230 418 1308 469 ita
1347 416 1609 486 gignendi
1642 416 1817 486 legem

164 498 185 530 5
208 485 425 552 scribit,
462 494 822 558 parentesque
854 506 951 541 uos
987 486 1181 541 alendo
1208 495 1466 557 nepotum
1503 486 1815 540 nutriendo-

206 574 329 607 rum
355 555 568 623 debito,
605 557 652 608 si
677 559 796 628 quis
825 565 908 610 est
932 559 1123 628 pudor,
1163 557 1544 627 alligauerunt.
1607 557 1818 610 accedit

206 625 291 677 his
330 626 477 696 quod
514 627 678 680 etiam
719 628 941 682 fortuna
976 629 1196 698 longam
1229 628 1547 699 praestandi
1590 627 1815 680 huiusce

205 697 448 748 muneris
495 697 913 752 aduocationem
947 700 1075 751 estis
1121 699 1390 764 adsecuti,
1441 717 1562 750 cum
1595 698 1816 751 interim

206 767 517 837 consumpti
555 777 681 821 sunt
717 771 846 820 anni
880 770 1075 835 uestri,
1117 779 1169 824 et
1204 769 1389 821 mariti
1426 777 1479 821 et
1515 769 1686 838 patris
1721 788 1813 821 no-

142 850 185 882 10
206 837 353 888 mine
387 838 566 890 uacui.
627 840 702 891 ite
735 839 904 908 igitur
938 848 991 891 et
1015 838 1278 892 nodosam
1303 838 1572 892 exsoluite
1599 838 1813 909 stipem,

205 906 399 959 utilem
463 910 735 961 osteritati
759 917 1123 962 numerosae!

311 978 362 1029 2.
471 997 624 1031 orum
661 981 1010 1033 seueritatem
1043 980 1119 1032 M.
1158 980 1412 1033 Valerius
1447 980 1723 1033 Maximus
1760 988 1815 1032 et

206 1046 265 1099 C.
295 1047 485 1099 Iunius
513 1049 791 1102 Bubulcus
829 1069 1080 1104 censores
1117 1050 1386 1103 consimili
1411 1069 1607 1119 genere
1643 1050 1813 1101 anim-

203 1117 546 1171 aduersionis
592 1120 793 1172 imitati
830 1129 972 1173 sunt.
1046 1121 1110 1172 L.
1156 1122 1298 1173 enim
1335 1121 1578 1172 Annium
1623 1127 1815 1172 senatu

141 1199 184 1232 15
206 1197 518 1255 mouerunt,
547 1191 693 1260 quod
719 1209 882 1260 quam
906 1191 1176 1259 uirginem
1202 1192 1259 1242 in
1285 1191 1692 1244 matrimonium
1718 1190 1812 1242 du-

200 1267 359 1311 xerat
385 1259 754 1328 repudiasset,
791 1259 938 1314 nullo
967 1262 1266 1314 amicorum
1293 1259 1517 1313 consilio
1545 1259 1811 1313 adhibito.

201 1336 259 1379 at
293 1329 397 1381 hoc
432 1329 640 1383 crimen
672 1332 854 1397 nescito
891 1350 962 1382 an
998 1332 1275 1401 superiore
1311 1332 1515 1382 maius:
1556 1349 1682 1382 nam
1717 1329 1811 1383 illo

201 1398 511 1467 coniugalia
546 1417 702 1452 sacra
737 1410 919 1470 spreta
945 1410 1182 1467 tantum,
1218 1401 1318 1454 hoc
1345 1402 1513 1454 etiam
1550 1400 1811 1454 iniuriose
1845 1407 1849 1412 ”

199 1475 436 1520 tractata
457 1477 597 1522 sunt.
637 1471 840 1540 optimo
869 1489 996 1541 ergo
1019 1471 1219 1523 iudicio
1241 1490 1495 1525 censores
1522 1469 1810 1539 indignum

134 1549 178 1583 20
202 1555 325 1589 eum
358 1538 513 1591 aditu
549 1542 732 1593 curiae
768 1542 1249 1609 existimauerunt,
1313 1542 1364 1594 3.
1410 1542 1550 1593 sicut
1583 1541 1809 1594 Porcius

200 1606 336 1660 Cato
362 1608 425 1660 L.
447 1608 834 1677 Flamininum,
863 1630 1023 1681 quem
1049 1630 1077 1663 e
1103 1630 1328 1664 numero
1357 1619 1670 1664 senatorum
1696 1629 1809 1662 sus—

197 1675 352 1744 tulit,
398 1679 528 1749 quia
562 1680 618 1731 in
651 1683 936 1750 prouincia
1010 1682 1245 1734 uendam
1281 1682 1599 1741 damnatum
1635 1682 1811 1734 securi

195 1757 560 1818 percusserat,
587 1758 829 1820 tempore
848 1701 1101 1822 suppolicii
1122 1752 1194 1804 ad
1219 1753 1511 1806 arbitrium
1530 1759 1584 1804 et
1604 1770 1628 1803 s
1671 1759 1809 1804 ecta-

198 1817 380 1870 culum
415 1820 794 1889 mulierculae,
847 1823 998 1874 cuius
1037 1809 1219 1876 amore
1254 1824 1565 1886 tenebatur,
1620 1840 1648 1874 e
1671 1829 1807 1874 ecto.

136 1900 179 1934 25
203 1897 256 1941 et
281 1897 499 1958 poterat
523 1890 758 1944 inhiberi
784 1901 1037 1962 respectu
1064 1892 1398 1958 consulatus,
1426 1910 1588 1962 quem
1613 1892 1660 1943 is
1687 1909 1806 1959 ges·

198 1966 372 2025 serat,
413 1967 573 2029 atque
610 1964 935 2015 auctoritate
969 1962 1158 2015 fratris
1197 1963 1311 2014 eius
1339 1962 1456 2013 Titi
1481 1961 1803 2012 Flaminini:

197 2027 296 2079 sed
323 2037 376 2080 et
402 2047 593 2083 censor
617 2039 666 2082 et
690 2031 853 2098 Cato,
901 2031 1105 2102 duplex
1131 2032 1438 2084 seueritatis
1477 2031 1804 2102 exemplum,

81 2165 174 2200 Par·
201 2169 533 2220 peruenerunt,
571 2163 616 2206 in
655 2164 877 2207 aerarium
916 2163 1092 2208 deferre
1128 2164 1376 2209 iusserunt.
1438 2168 1480 2212 2,
1519 2163 1573 2209 Μ.
1602 2163 1805 2209 Valerius

195 2229 407 2275 Maximus
443 2231 486 2276 C.
515 2232 668 2276 Iunius
699 2232 926 2279 Bubulcus
966 2246 1181 2279 censores
1207 2233 1255 2277 L.
1282 2235 1477 2278 Annium
1514 2240 1674 2279 senatu
1709 2247 1807 2278 mo-

130 2308 176 2342 30
198 2308 388 2351 uerunt,
426 2301 548 2361 quod
575 2316 708 2361 quam
734 2304 958 2362 uirginem
984 2303 1172 2350 duxerat
1197 2303 1501 2364 repudiasset,
1541 2302 1667 2348 nullo
1696 2304 1804 2348 ami-

308 2439 333 2478 2
364 2438 404 2477 si
426 2451 511 2490 quo
534 2438 664 2479 modo
687 2439 728 2478 B
750 2442 792 2480 in
812 2453 901 2483 ras.
963 2441 987 2480 6
1011 2440 1336 2493 allegauerunt
1357 2441 1398 2480 B
1459 2442 1484 2482 8
1511 2440 1804 2480 uacationem

195 2494 292 2536 edd.
323 2500 439 2541 nect„
471 2500 575 2537 atu.
599 2495 837 2537 Buecheler
868 2498 927 2537 ad
946 2496 1133 2537 Senecae
1157 2497 1322 2538 Claudii
1340 2497 1523 2549 Apoeol.
1553 2509 1589 2537 ο.
1613 2497 1668 2536 14
1726 2497 1752 2536 9
1782 2493 1805 2535 ἔ

197 2549 240 2599 (i.
265 2563 301 2590 e.
327 2550 449 2601 sunt)
482 2550 548 2590 B:
580 2551 673 2591 sint
693 2553 794 2594 dett.
857 2554 908 2594 10
936 2552 1156 2593 nodosam
1176 2553 1231 2603 B,
1266 2553 1472 2594 odiosam
1501 2553 1665 2599 Per-iz„
1697 2552 1805 2591 alios

193 2611 371 2647 conatus
391 2621 431 2647 u.
454 2608 497 2646 in
514 2608 582 2650 ed.
608 2607 731 2649 Torr.
795 2610 846 2650 13
870 2621 908 2650 c.
928 2609 1081 2649 iunius
1103 2609 1330 2650 bubulcus
1353 2619 1567 2649 censores
1586 2608 1635 2647 in
1653 2603 1799 2657 consi}

179 2661 238 2715 >B
267 2662 310 2700 in
330 2674 419 2701 ras.
450 2676 508 2703 eae
538 2663 579 2701 P
602 2663 729 2705 habet
758 2662 816 2717 (c.
839 2665 993 2705 iunius
1014 2665 1176 2706 brutus
1195 2665 1423 2705 bubulcus
1445 2662 1568 2710 dett.)
1630 2663 1683 2702 14
1711 2661 1802 2702 An-

195 2717 323 2756 nium
343 2717 406 2756 P:
441 2719 676 2760 antonium
695 2721 739 2760 B
801 2723 852 2763 16
874 2721 1067 2762 consilio
1089 2723 1152 2761 P:
1184 2721 1231 2760 in
1254 2719 1448 2761 consilio
1479 2717 1567 2767 (41⁹1
1594 2715 1730 2769 corr.)
1761 2718 1803 2757 B

195 2774 248 2814 17
271 2772 392 2813 adB
412 2770 431 2827 {l
452 2774 531 2815 illo
553 2787 659 2815 nam
680 2777 722 2815 B
780 2778 833 2817 21
855 2778 1104 2818 flaminium
1123 2777 1166 2816 B
1223 2778 1276 2817 22
1296 2777 1346 2816 in
1366 2774 1455 2827 piia
1474 2774 1516 2814 B
1535 2770 1556 2830 Η
1576 2772 1803 2826 quendam

194 2829 295 2871 edd.
316 2835 442 2873 ueta:
475 2829 562 2882 que
580 2830 635 2878 B,
666 2832 869 2883 aliquem
891 2836 945 2873 al.
1008 2835 1061 2874 23
1091 2833 1312 2873 arbitrum
1334 2825 1390 2872 B'
1447 2832 1502 2871 25
1524 2832 1737 2883 respecto
1758 2830 1801 2870 B

193 2886 248 2926 26
264 2882 383 2939 Titi]
407 2884 463 2927 .ὅ.
475 2886 518 2930 ιί.
534 2887 576 2926 Β
591 2883 610 2941 ΙΙ
629 2887 880 2929 flaminium
896 2889 950 2939 B,
969 2889 1162 2930 flaminii
1178 2888 1202 2929 b
1260 2890 1313 2930 27
1331 2890 1377 2929 et
1395 2885 1511 2939 (ante
1522 2884 1657 2938 Cato)
1674 2886 1802 2929 om.B
