1936 3120
736 0 746 4 ‘·
783 4 785 6 ·
811 5 825 21 τ·
852 0 962 19 ‘iffi-2⁶
983 0 1386 37 ‘few-”sm
1403 1 1407 3 ’

199 154 307 211 352
591 146 593 148 ’
877 160 1006 242 κΜΒ,
1040 161 1122 205 vu.

201 269 492 320 ritamento
532 266 765 318 uictores
806 266 1201 337 spoliauerunt:
1253 288 1423 341 panes
1460 272 1603 324 enim
1638 273 1815 327 iacere

203 337 553 407 conpluribus
582 355 609 387 e
638 337 768 388 locis
798 349 1107 460 coefperunt.
1159 359 1264 410 quo
1293 342 1602 411 spectaculo
1632 345 1814 398 obstu—

200 407 443 478 pefactos
471 407 848 478 infinitamque
909 410 1143 462 rumenti
1180 411 1579 465 abundantiam
1613 415 1814 468 nostris

202 496 486 547 superesse
514 476 795 530 credentes
824 479 893 530 ad
922 481 1223 548 pactionem
1254 483 1585 536 omittendae
1612 485 1815 538 obsidi—

155 563 177 595 5
201 551 318 600 onis
347 548 722 619 conpulerunt.
800 550 1056 603 misertus
1086 561 1170 603 est
1195 559 1325 604 tunc
1352 554 1599 623 profecto
1628 556 1812 626 Iuppi-

201 629 285 672 ter
310 619 588 671 Romanae
613 620 854 687 uirtutis,
884 621 1219 691 praesidium
1247 623 1315 676 ab
1339 625 1542 677 astutia
1560 633 1811 677 mutuan-

200 690 271 742 tis
286 730 300 757 ‚
330 709 453 741 cum
480 708 692 741 summa
718 690 1100 744 alimentorum
1127 693 1312 763 inopia
1338 694 1510 763 proici
1537 696 1813 765 praesidia

198 761 414 830 inopiae
442 768 703 812 cerneret.
757 762 925 830 igitur
950 772 1010 815 ut
1038 763 1222 829 uafro,
1250 765 1329 815 ita
1355 765 1662 834 periculoso
1690 784 1810 818 con-

201 830 321 883 silio
350 830 643 883 salutarem
671 832 877 883 exitum
906 832 1075 884 dedit.

137 916 178 947 10
306 902 356 953 4.
397 901 659 972 Idemque
693 902 941 973 Iuppiter
982 911 1174 973 postea
1217 904 1814 974 praestantissimorum

201 972 400 1024 ducum
425 981 737 1024 nostrorum
774 974 1062 1042 sagacibus
1101 974 1342 1026 consiliis
1378 976 1645 1046 propitius
1673 977 1812 1048 aspi-

199 1045 364 1095 rauit.
415 1062 542 1095 nam
570 1061 691 1094 cum
719 1044 950 1095 alterum
976 1043 1171 1096 Italiae
1199 1044 1339 1097 latus
1368 1045 1650 1099 Hannibal
1675 1046 1813 1099 lace-

199 1123 364 1179 raret,
393 1113 625 1165 alterum
651 1114 947 1167 inuasisset
974 1115 1315 1181 Hasdrubal,
1352 1135 1419 1168 ne
1448 1116 1678 1169 duorum
1704 1117 1811 1170 fra-

200 1193 343 1237 trum
378 1185 598 1236 iunctae
634 1187 822 1254 copiae
859 1185 1187 1238 intolerabili
1235 1205 1395 1238 onere
1439 1186 1615 1239 fessas
1654 1187 1814 1240 simul

136 1268 176 1300 15
200 1274 285 1307 res
314 1264 532 1308 nostras
559 1265 872 1324 urguerent,
904 1256 1030 1307 hinc
1057 1255 1273 1308 Claudii
1300 1256 1529 1309 Neronis
1559 1266 1812 1327 uegetum

201 1325 515 1391 consilium,
544 1325 695 1377 illinc
720 1326 845 1377 Liui
877 1326 1200 1379 Salinatoris
1228 1325 1437 1396 inclyta
1462 1328 1813 1397 prouidentia

200 1396 396 1448 effecit.
447 1396 592 1447 Nero
621 1397 781 1462 enim,
809 1414 1100 1466 conpresso
1129 1415 1160 1447 a
1188 1416 1244 1448 se
1270 1397 1327 1448 in
1352 1398 1589 1462 Lucanis
1602 1399 1810 1450 Hanni-

197 1466 341 1532 bale,
369 1466 734 1536 praesentiam
762 1486 933 1532 suam,
962 1467 1216 1537 quoniam
1242 1468 1321 1520 ita
1347 1469 1486 1521 ratio
1512 1467 1644 1520 belli
1671 1468 1809 1520 desi—

200 1536 456 1603 derabat,
485 1537 743 1589 mentitus
773 1537 944 1603 hosti,
983 1538 1052 1589 ad
1080 1557 1236 1607 opem
1263 1536 1502 1607 collegae
1529 1539 1811 1591 ferendam

134 1621 176 1653 20
198 1626 296 1677 per
321 1607 542 1676 longum
569 1608 672 1659 iter
698 1608 976 1659 celeritate
994 1608 1133 1658 mira
1154 1608 1402 1661 tetendit.
1457 1607 1729 1661 Salinator
1754 1610 1811 1660 in

198 1678 431 1731 Vmbria
456 1678 603 1748 apud
628 1677 937 1730 Metaurum
966 1678 1167 1730 flumen
1194 1680 1442 1749 proximo
1472 1679 1560 1732 die
1587 1679 1810 1732 dimica-

197 1756 352 1801 turus
398 1767 608 1800 summa
653 1767 773 1800 cum
819 1748 1251 1801 dissimulatione
1297 1749 1567 1802 Neronem
1617 1750 1810 1802 castris

196 1827 362 1872 noctu
388 1821 610 1889 recepit.
664 1819 914 1873 tribunos
944 1822 1085 1871 enim
1112 1839 1144 1871 a
1170 1820 1403 1871 tribunis
1421 1860 1434 1885 ,
1464 1822 1808 1874 centuriones

199 1909 231 1942 a
257 1890 685 1956 centurionibus7
714 1891 922 1961 equites
953 1892 1021 1943 ab
1050 1890 1343 1961 equitibuS‚
1372 1890 1581 1960 pedites
1604 1909 1636 1942 a
1661 1891 1810 1961 pedi-

134 1983 176 2016 25
198 1961 345 2014 tibus
375 1961 553 2030 excipi
580 1961 740 2012 iussit
767 1980 829 2012 ac
857 1962 973 2013 sine
993 1960 1104 2012 ulla
1124 1961 1546 2014 tumultuatione
1575 1961 1688 2013 solo
1715 1961 1811 2012 uix

197 2050 367 2082 unum
395 2032 697 2098 exercitum
724 2032 973 2100 capiente
1001 2031 1232 2083 alterum
1257 2032 1503 2082 inseruit.
1556 2049 1661 2102 quo
1689 2049 1809 2082 eue—

198 2102 282 2153 nit
307 2120 374 2153 ne
402 2101 719 2154 Hasdrubal
754 2120 875 2152 cum
914 2101 1122 2154 duobus
1152 2120 1210 2152 se
1237 2101 1551 2153 consulibus
1579 2099 1809 2170 proelia-

85 2250 174 2284 Par.
202 2233 316 2278 same
344 2246 501 2278 eorum
528 2234 774 2292 repositam
811 2233 1245 2283 animaduerterent,
1284 2247 1501 2292 perquam
1543 2232 1702 2278 callido
1731 2247 1808 2292 ge-

183 2318 305 2349 mere
343 2304 520 2349 consilii
549 2303 733 2348 Romani
772 2304 844 2348 usi
882 2318 1018 2363 panes
1058 2305 1205 2348 iacere
1242 2303 1538 2363 conpluribus
1564 2298 1676 2348 lo‘cis
1705 2317 1808 2348 coe-

134 2393 176 2425 30
198 2381 380 2435 perunt.
432 2388 522 2434 quo
551 2374 811 2434 spectaculo
842 2374 1146 2434 obstupefacti
1174 2373 1226 2419 ad
1255 2376 1513 2434 pactionem
1541 2387 1590 2419 se
1617 2387 1809 2418 conuer-

199 2452 354 2490 terunt
391 2446 556 2490 omissa
595 2445 846 2490 obsidione.
922 2450 962 2487 4.
1003 2445 1110 2489 Cum
1148 2445 1339 2489 alterum
1366 2445 1485 2490 latus
1512 2444 1666 2489 Italiae
1692 2444 1810 2488 Han-

197 2516 318 2561 nibal
355 2516 602 2566 laceraret,
640 2516 830 2560 alterum
869 2515 1140 2566 Hasdrubal,
1178 2516 1293 2560 Nero
1332 2529 1580 2575 conpresso
1620 2529 1644 2559 a
1679 2527 1726 2559 se
1762 2515 1808 2558 in

196 2587 388 2632 Lucanis
415 2586 675 2637 Hannibale,
704 2588 1005 2646 praesentiam
1034 2600 1158 2631 suam
1186 2587 1404 2631 mentitus
1431 2586 1567 2636 hosti,
1596 2584 1650 2629 ad
1676 2598 1807 2644 opem

198 2657 400 2717 collegae
437 2657 664 2702 serendam
703 2658 918 2702 tetendit:
968 2662 1275 2716 receptusque
1310 2657 1355 2701 in
1382 2655 1560 2701 Umbria
1587 2669 1610 2699 a
1637 2654 1807 2699 Salina-

312 2795 336 2833 2
362 2797 581 2846 ceperunt
602 2794 644 2833 B
666 2795 708 2833 z‘n
729 2807 815 2834 ras.
856 2790 876 2847 [l
917 2793 1270 2846 obstupefactus
1292 2785 1346 2832 B'
1421 2794 1446 2832 6
1468 2793 1730 2831 mutuante*
1751 2783 1808 2830 B'

199 2851 224 2890 7
246 2847 420 2889 summa
440 2863 479 2889 a.
504 2848 662 2902 inopia
682 2850 718 2895 b,
742 2851 880 2891 deleto
901 2851 1030 2903 proci
1054 2852 1105 2902 (S.
1130 2849 1291 2902 proici)
1333 2845 1352 2901 ΙΙ
1391 2848 1519 2900 proci
1541 2847 1582 2886 B
1645 2848 1696 2886 14
1726 2847 1806 2887 ho-

141 2978 146 2982 .
198 2902 534 3015 ξὲἑξθὶῖῖεεὲἱῖ
598 2908 647 2946 15
671 2906 812 2946 eladii
832 2919 876 2949 n.
899 2910 1054 2946 uetum
1077 2903 1133 2946 B'
1199 2907 1252 2946 ⁶23
1277 2905 1452 2956 recepit
1475 2903 1516 2943 B
1538 2904 1580 2943 in
1602 2916 1691 2944 ras.
1754 2903 1807 2942 26
