1924 3152
719 147 839 221 cap,
865 147 980 199 v111,
1021 146 1050 206 g
1078 149 1215 193 1—3.
1291 129 1293 131 ’
1652 139 1780 224 v155

154 275 346 328 agere,
384 266 499 311 tum
527 255 745 309 demum
772 255 1011 327 aperuit,
1049 262 1341 327 postquam
1364 253 1476 306 illis
1504 253 1780 325 obtempe-

152 329 264 382 rari
307 348 416 382 non
458 334 689 400 poterat.
768 345 877 398 qua
920 325 1228 380 constantia
1260 325 1528 379 uictoriae
1564 343 1779 396 quoque

152 399 386 471 gloriam
412 397 719 466 antecellit,
757 398 913 469 quia,
953 397 1001 450 si
1038 416 1164 450 eum
1189 396 1334 449 intra
1360 415 1418 450 se
1453 396 1632 467 ipsum
1658 414 1779 466 par-

153 472 259 525 tita
299 469 462 523 laude
507 469 793 536 aestimes,
844 468 1109 523 maiorem
1151 468 1348 539 punita
1384 466 1575 538 Capua
1618 485 1780 538 quam

154 549 316 612 capta
339 540 603 612 reperiaS.
1800 553 1822 587 5

259 612 310 664 2.
350 612 535 683 Atque
555 611 664 663 ista
720 610 906 663 uidem
927 610 1260 676 seueritatis,
1288 608 1383 662 illa
1403 628 1534 662 uero
1556 609 1779 679 pietatis

152 683 461 736 constantia
487 682 701 735 admira
743 680 851 748 ilis,
881 700 1044 753 quam
1072 682 1140 747 Q.
1162 681 1371 734 Fabius
1393 680 1671 733 Maximus
1700 680 1779 731 in-

150 753 494 823 fatigabilem
520 753 733 824 patriae
758 752 1050 823 praestitit.
1103 753 1395 823 pecuniam
1421 770 1518 822 pro
1547 750 1780 822 captiuis

149 824 455 878 Hannibali
478 831 883 890 numerauerat,
910 822 1199 875 fraudatus
1228 841 1292 876 ea
1310 824 1542 893 pecunia
1560 821 1780 893 publice

150 896 348 950 tacuit:
380 895 638 948 dictatori
660 895 709 947 ei
729 895 1054 964 magistrum
1075 895 1319 965 equitum
1338 893 1641 946 Minucium
1662 895 1780 946 iure
1803 908 1845 940 10

150 966 366 1038 imperii
391 975 614 1019 senatus
642 974 994 1037 aequauerat,
1023 965 1303 1018 silentium
1330 965 1465 1035 egit:
1509 963 1780 1036 conpluri-

150 1037 254 1091 bus
290 1045 575 1108 praeterea
607 1037 821 1089 iniuriis
858 1034 1146 1090 lacessitus
1174 1037 1230 1088 in
1266 1036 1457 1089 eodem
1494 1036 1661 1088 animi
1687 1035 1780 1087 ha-

150 1108 272 1162 bitu
313 1109 515 1162 mansit
549 1126 650 1160 nec
684 1126 947 1178 umquam
983 1108 1089 1161 sibi
1122 1107 1202 1160 rei
1239 1106 1493 1178 publicae
1529 1107 1780 1178 permisit

151 1179 335 1231 irasci.
397 1187 511 1232 tam
538 1197 898 1249 perseuerans
937 1179 994 1229 in
1031 1198 1217 1232 amore
1244 1178 1471 1231 ciuium:
1514 1176 1685 1248 quid?
1724 1177 1781 1228 in

149 1248 295 1303 bello
332 1250 570 1320 gerendo
606 1267 783 1302 nonne
810 1268 910 1320 par
946 1250 1059 1302 eius
1100 1249 1451 1302 constantia?
1490 1248 1779 1319 imperium
1802 1261 1843 1295 15

150 1320 456 1374 Romanum
502 1320 777 1374 Cannensi
821 1319 1027 1391 proelio
1074 1339 1247 1391 paene
1300 1320 1640 1374 destructum
1682 1319 1781 1371 uix

152 1391 404 1444 sufficere
432 1390 504 1444 ad
531 1391 808 1444 exercitus
831 1390 1212 1462 conparandos
1240 1390 1555 1444 uidebatur.
1596 1392 1780 1462 itaque

152 1462 407 1514 frustrari
434 1470 487 1516 et
514 1462 734 1515 eludere
760 1463 1071 1516 Poenorum
1106 1462 1342 1532 impetus
1371 1480 1535 1532 quam
1562 1480 1781 1513 manum

151 1552 276 1586 cum
321 1533 387 1585 iis
424 1541 540 1586 tota
577 1534 692 1586 acie
737 1551 1023 1586 conserere
1060 1532 1255 1585 melius
1294 1541 1479 1599 ratus,
1529 1532 1779 1605 plurimis

151 1604 649 1657 conminationibus
686 1603 1016 1657 Hannibalis
1061 1604 1348 1670 inritatuS,
1402 1622 1566 1674 saepe
1616 1603 1778 1656 etiam
1801 1616 1842 1649 20

153 1674 334 1744 specie
359 1675 799 1744 benegerendae
825 1675 903 1727 rei
931 1674 1118 1728 oblata
1133 1715 1146 1741 ,
1185 1693 1482 1745 numquam
1509 1693 1542 1726 a
1568 1673 1782 1726 consilii

153 1743 478 1798 salubritate
523 1764 591 1797 ne
635 1745 797 1815 parui
841 1746 1063 1816 quidem
1108 1746 1421 1797 certaminis
1468 1744 1780 1798 discrimine

150 1815 401 1882 recessit,
429 1816 684 1886 quodque
712 1824 795 1868 est
822 1815 1224 1882 difficillimum,
1253 1815 1458 1886 ubique
1483 1815 1566 1867 ira
1593 1833 1656 1866 ac
1684 1833 1781 1885 spe

154 1886 402 1956 superior
435 1886 709 1957 apparuit.
772 1904 900 1955 ergo
928 1894 989 1938 ut
1015 1885 1199 1956 Scipio
1225 1885 1553 1956 pugnando,
1590 1886 1669 1938 ita
1694 1885 1781 1937 hic

149 1975 260 2010 non
299 1955 608 2010 dimicando
644 1957 882 2009 maxime
925 1957 1138 2010 ciuitati
1173 1966 1396 2010 nostrae
1443 1957 1780 2008 succurrisse
1802 1970 1845 2003 25

150 2027 304 2079 uisus
333 2034 444 2080 est:
486 2026 625 2080 alter
652 2028 797 2080 enim
824 2026 1104 2081 celeritate
1133 2046 1232 2080 sua
1256 2027 1660 2098 Karthaginem
1687 2045 1779 2098 op-

102 2161 106 2169 }
150 2099 380 2168 pressit,
433 2097 572 2152 alter
608 2099 952 2152 cunctatione
988 2098 1047 2151 id
1087 2099 1198 2170 egit
1234 2118 1300 2151 ne
1335 2099 1511 2153 Roma
1547 2098 1780 2170 opprimi

149 2177 355 2239 posset.

256 2240 309 2292 3.
349 2240 412 2292 O.
440 2240 605 2293 etiam
630 2240 888 2294 Pisonem
914 2238 1142 2294 mirifice
1171 2249 1225 2295 et
1250 2248 1566 2294 constanter
1591 2241 1779 2293 turbu-

153 2359 288 2404 iussit
315 2359 423 2419 legi.
474 2363 516 2403 2.
543 2359 593 2415 Q.
617 2359 784 2405 Fabius
811 2362 1014 2421 pecunia,
1043 2375 1177 2421 quam
1204 2374 1289 2421 pro
1318 2361 1513 2421 captiuis
1540 2359 1776 2406 Hannibali
1800 2365 1843 2439 ἒξ)

150 2436 496 2479 numerauerat,
535 2430 772 2475 fraudatus
808 2445 832 2475 a
861 2437 1021 2476 senatu
1051 2431 1208 2477 tacuit.
1259 2431 1375 2476 idem
1410 2437 1519 2491 post
1545 2430 1776 2476 Cannense
1832 2416 1893 2439 αφ’

151 2497 365 2544 damnum
385 2499 801 2545 missusaduersus
822 2501 1132 2552 Hannibalem,
1161 2515 1261 2547 eum
1291 2515 1373 2562 per
1394 2502 1601 2546 diuersas
1629 2516 1778 2547 moras

157 2569 358 2614 traheret
383 2567 579 2619 bellum.
609 2568 652 2614 id
680 2570 776 2630 egit
802 2585 859 2616 ne
884 2572 1024 2618 Roma
1051 2572 1249 2632 opprimi
1277 2578 1451 2631 posset.
1503 2573 1543 2616 3.
1583 2570 1628 2615 C.
1658 2571 1777 2620 Piso,

266 2679 287 2716 1
320 2678 506 2731 aparuit
533 2671 590 2718 B'
648 2680 675 2718 4
703 2679 892 2731 punita*
919 2679 963 2718 B
1030 2681 1055 2720 5
1085 2680 1291 2732 reperies
1321 2679 1344 2719 b
1414 2681 1440 2719 9
1473 2679 1673 2732 pecunia
1694 2692 1776 2733 pu-

150 2733 271 2775 blice
293 2747 394 2775 nos:
425 2734 639 2787 peculice
661 2734 717 2782 B,
750 2735 938 2788 publice
961 2735 985 2776 b
1055 2735 1108 2776 10
1137 2735 1357 2776 dictatori
1388 2739 1434 2776 et
1463 2736 1686 2789 magistro
1718 2736 1774 2783 B,

149 2802 227 2830 em.
256 2792 300 2831 in
328 2792 425 2834 edd.
457 2797 586 2838 uett.,·
625 2792 682 2842 cf.
720 2792 771 2839 V,
804 2794 846 2840 2,
869 2794 896 2832 4
915 2793 972 2835 in.
1047 2794 1102 2833 14
1131 2805 1331 2834 amorem
1360 2792 1401 2832 B
1471 2794 1524 2834 17
1553 2791 1774 2834 uidebat·

153 2843 232 2897 (sic
247 2860 333 2900 pro
354 2840 589 2902 uidebaz’)
612 2848 655 2888 B
716 2850 769 2890 19
791 2848 862 2888 his
884 2848 926 2888 B
946 2845 966 2903 Η
985 2849 1110 2890 iusta
1132 2861 1175 2892 a.
1195 2849 1481 2891 Kellerbauer
1541 2850 1594 2890 21
1618 2850 1775 2902 specie

150 2902 216 2942 B:
247 2915 328 2956 spe
350 2903 392 2943 B
412 2917 490 2957 my.
516 2906 619 2948 dett.
642 2911 684 2945 et
706 2915 757 2952 ς,·
789 2905 845 2956 ef.
870 2905 993 2958 Piylz.
1055 2907 1110 2946 22
1131 2918 1214 2947 ne*
1234 2905 1277 2946 B

264 2961 318 3000 32
340 2959 548 3001 diuersas
571 2961 688 3002 Mai:
721 2960 942 3003 aduersus
972 2962 1014 3001 V
