1924 3152
209 171 310 224 196
901 173 1002 220 LIB.
1040 172 1127 219 1111.

208 283 429 354 quidem
463 288 517 333 et
542 280 740 348 uiginti
774 278 1093 334 uulneribus
1121 281 1250 350 quin
1283 280 1644 334 uerecundiae
1659 279 1823 336 ssobse-

208 359 465 423 queretur
490 350 786 404 absterreri
807 351 1012 431 potuit,
1053 351 1099 403 si
1126 350 1346 422 quidem
1377 358 1610 423 utraque
1633 359 1822 420 togam

207 441 370 475 manu
416 420 661 487 demisit,
707 428 770 473 ut
805 420 1031 473 1nferior
1065 439 1193 491 pars
1232 422 1478 492 corporis
1520 428 1669 474 tecta
1703 438 1825 474 con·

208 493 500 546 laberetur.
540 491 598 542 in
615 491 759 543 hunc
782 490 1004 544 modum
1029 509 1140 544 non
1157 491 1402 545 homines
1430 492 1700 562 expirant,
1728 491 1826 544 sed

165 579 186 611 5
211 564 266 616 di
291 562 620 616 immortales
649 562 805 614 sedes
833 580 959 614 suas
984 570 1256 631 repetunt.

315 638 437 686 Ext.
480 633 527 684 1.
588 631 752 698 Quod
787 632 1032 702 sequitur
1067 633 1307 684 externis
1345 631 1662 699 adnectam,
1735 634 1825 684 uia

211 712 336 757 ante
364 710 581 773 gestum
607 710 691 756 est
716 721 879 773 quam
904 702 1162 755 Etruriae
1189 703 1384 754 ciuitas
1413 702 1654 756 daretur.
1698 651 1826 754 ‘lzx-

210 774 452 828 cellentis
488 775 545 825 in
581 791 645 825 ea
678 773 899 841 regione
933 771 1355 842 pulchritudinis
1392 771 1708 825 adulescens
1734 790 1826 824 no-

211 847 355 898 mine
382 843 419 897 S
461 844 657 896 urinna
670 882 684 910 ,
713 861 838 895 cum
862 844 1002 895 mira
1029 842 1207 913 specie
1234 841 1578 912 conplurium
1603 842 1825 895 femina-

151 931 191 964 ιο
215 934 335 969 rum
379 915 436 966 in
460 914 698 966 ustrium
733 912 1053 966 sollicitaret
1098 911 1280 966 oculos
1314 913 1541 983 ideoque
1578 913 1714 966 uiris
1765 930 1829 966 ac

251 985 532 1040 arentibus
570 1002 760 1037 earum
796 1002 854 1036 se
902 991 1215 1053 suspectum
1249 1001 1369 1036 esse
1404 983 1661 1051 sentiret,
1717 983 1826 1037 oris

210 1005 462 1111 {ecorem
488 1053 806 1109 uulneribus
827 1053 1078 1108 confudit
1102 1053 1606 1125 deformitatemque
1632 1054 1829 1106 sancti-

211 1129 341 1180 tatis
370 1144 500 1178 suae
526 1125 690 1178 fidem
717 1143 880 1195 quam
905 1125 1140 1178 formam
1176 1125 1583 1178 inritamentum
1618 1123 1829 1178 alienae

210 1196 452 1251 libidinis
478 1214 598 1249 esse
624 1195 835 1248 maluit.

148 1283 190 1316 15
317 1267 368 1319 2.
424 1267 657 1320 Athenis
697 1266 923 1336 quidam
957 1265 1179 1318 ultimae
1217 1265 1510 1318 senectutis
1545 1265 1655 1331 uir,
1708 1282 1831 1317 cum

213 1346 519 1409 spectatum
557 1336 713 1389 ludos
750 1336 806 1387 in
840 1337 1114 1388 theatrum
1148 1335 1393 1388 uenisset
1418 1352 1648 1416 eumque
1672 1353 1829 1387 nemo

213 1428 243 1462 e
270 1408 484 1461 ciuibus
512 1425 725 1459 sessum
751 1408 1044 1476 reciperet,
1081 1406 1152 1458 ad
1176 1406 1732 1459 Lacedaemomorum
1758 1404 1829 1457 le-

213 1487 373 1548 gatos
410 1477 551 1531 forte
586 1477 854 1548 peruenit.
957 1476 1015 1527 ui
1039 1476 1273 1528 hominis
1302 1484 1481 1529 aetate
1505 1476 1639 1528 moti
1663 1493 1828 1528 canos

214 1549 328 1602 eius
357 1555 412 1601 et
437 1566 609 1601 annos
638 1547 912 1617 adsurgen
956 1548 968 1558 ‘
999 1546 1181 1600 officio
1203 1548 1450 1598 uenerati
1471 1554 1598 1600 sunt
1622 1546 1829 1599 sedem-

148 1635 191 1668 20
214 1637 318 1691 que
345 1618 395 1671 ei
419 1619 561 1672 inter
585 1618 734 1689 ipsos
761 1617 1183 1672 honoratissimo
1209 1615 1329 1670 loco
1357 1616 1650 1686 dederunt,
1688 1614 1834 1687 quod

215 1689 311 1743 ubi
338 1688 457 1742 fieri
482 1688 720 1759 populus
749 1689 993 1759 aspexit,
1021 1687 1258 1740 maximo
1284 1685 1484 1757 plausu
1510 1687 1721 1739 alienae
1744 1703 1830 1738 ur-

214 1759 301 1814 bis
337 1758 726 1812 uerecundiam
762 1758 1139 1830 conprobauit.
1213 1758 1400 1810 ferunt
1432 1764 1561 1810 tunc
1593 1775 1765 1810 unum
1803 1774 1831 1809 e

212 1829 667 1884 Lacedaemoniis
706 1829 943 1882 dixisse:
999 1836 1158 1898 ‘ergo
1195 1827 1557 1881 Athenienses
1593 1828 1726 1898 quid
1761 1827 1831 1881 sit

213 1909 427 1954 rectum
455 1901 663 1968 sciunt,
705 1899 801 1953 sed
824 1899 883 1952 id
903 1899 1090 1952 facere
1111 1898 1458 1968 neglegunt'.

151 2027 194 2062 25
540 2012 641 2066 VI.
691 2016 790 2065 DE
822 2014 1073 2066 AMORE
1107 2013 1505 2066 CONIVGALI.

324 2097 377 2150 A
402 2096 618 2167 placido
648 2103 702 2148 et
726 2095 837 2149 leni
863 2096 1085 2149 adfectu
1111 2096 1181 2149 ad
1207 2114 1379 2166 aeque
1404 2097 1714 2158 honestum,
1741 2112 1830 2147 ue-

104 2210 196 2246 Par.
333 2203 373 2244 1.
412 2200 640 2260 Spurinna
665 2200 908 2251 Etruscus,
947 2213 1048 2245 cum
1075 2199 1222 2246 forma
1249 2213 1330 2245 sua
1356 2199 1454 2259 capi
1481 2199 1669 2244 feminas
1705 2198 1831 2244 uide-

219 2277 314 2322 ret,
364 2272 455 2316 oris
493 2270 703 2317 decorem
739 2269 1007 2317 uulneribus
1044 2269 1260 2317 confodit.
1336 2274 1377 2316 2.
1424 2269 1613 2315 Athenis
1653 2269 1832 2330 quidam

218 2341 406 2388 ultimae
442 2343 689 2388 senectutis
727 2342 823 2393 uir,
876 2355 978 2387 cum
1013 2340 1145 2386 ludos
1180 2347 1434 2401 spectatum
1468 2341 1692 2391 uenisset,
1744 2341 1832 2385 iam

153 2423 198 2456 30
221 2411 356 2473 pleno
379 2412 562 2458 theatro
583 2425 674 2458 non
702 2418 911 2472 receptus
938 2425 960 2456 a
982 2412 1075 2457 suis
1103 2411 1157 2455 ad
1176 2410 1632 2457 Lacedaemoniorum
1656 2409 1831 2470 legatos

219 2482 339 2529 forte
375 2484 609 2544 peruenit:
659 2497 683 2529 a
725 2482 889 2543 quibus
928 2488 1141 2543 receptus
1182 2495 1282 2528 cum
1319 2486 1465 2532 esset,
1502 2480 1702 2542 populus
1738 2493 1833 2526 rem

218 2552 383 2612 plausu
418 2559 695 2614 prosecutus
734 2559 818 2599 est.
880 2553 1035 2599 serunt
1073 2558 1179 2599 tunc
1213 2566 1354 2598 unum
1390 2566 1443 2598 ex
1466 2551 1831 2598 Lacedaemoniis

218 2623 411 2669 dixisse:
452 2624 467 2647 ‘
485 2636 594 2685 ergo
622 2623 924 2670 Athenienses
952 2623 1059 2685 quid
1087 2624 1144 2669 sit
1171 2628 1347 2670 rectum
1373 2621 1544 2674 sciunt,
1584 2621 1662 2668 sed
1697 2620 1741 2666 id
1767 2620 1831 2666 fa-

220 2705 323 2739 cere
348 2693 601 2755 neglegunt
616 2694 648 2741 '.

262 2819 264 2822 v
332 2790 357 2829 3
380 2787 554 2829 dimisit
574 2780 631 2829 B'
688 2790 717 2831 4
739 2790 982 2843 expierant
1001 2781 1056 2830 B'
1118 2789 1168 2830 12
1191 2786 1395 2830 confodit
1410 2789 1453 2829 P
1471 2788 1473 2790 ’
1509 2787 1561 2828 15
1582 2786 1655 2827 uir
1670 2785 1732 2826 P:
1753 2798 1830 2827 om.

219 2842 261 2884 B
323 2844 375 2885 17
404 2843 462 2884 ad
486 2845 528 2884 B
550 2858 663 2889 corr.
686 2858 744 2887 θα)
766 2861 793 2888 a
855 2847 906 2888 18
931 2846 1042 2888 moti
1066 2845 1115 2886 b:
1144 2844 1323 2888 modica
1340 2844 1382 2885 B
1441 2843 1495 2885 25
1515 2842 1597 2884 DE
1619 2840 1830 2883 AMORE

221 2898 558 2942 CONIVGALI
579 2901 621 2940 B
642 2903 684 2943 in
703 2916 794 2947 ras,

333 2957 387 2997 28
408 2959 524 2999 immo
547 2958 753 3000 confudit
