1924 3152
126 109 233 162 252
846 113 944 158 LlB.
983 115 1030 158 V.

127 221 367 274 hostium
411 219 482 270 ad
525 219 944 288 conplectendos
989 229 1242 289 parentes
1282 226 1535 286 uenerat,
1581 221 1740 289 graui

127 290 281 342 illum
309 299 360 341 et
386 288 696 359 periculosa
720 287 1025 341 ualitudine
1058 290 1116 341 in
1143 289 1443 342 Germania
1476 290 1740 343 fluctuare

129 368 441 428 cognosset,
478 360 727 429 protinus
763 359 892 411 inde
930 368 1077 413 metu
1115 360 1376 412 attonitus
1413 367 1737 431 erumperet.

126 431 231 481 iter
256 447 466 499 quoque
494 447 658 499 quam
682 429 935 500 rapidum
961 438 1014 483 et
1038 448 1298 500 praeceps
1325 429 1478 482 uelut
1501 448 1608 482 uno
1631 431 1738 500 spi-

81 523 102 555 5
126 501 236 551 ritu
281 499 610 568 corripuerit
654 518 716 553 eo
743 507 942 569 patet,
989 500 1134 570 quod
1171 500 1340 569 Alpes
1380 500 1630 552 Rhenum
1669 518 1737 552 ue

126 578 499 637 transgressus
537 569 624 621 die
661 588 724 621 ac
758 578 918 623 nocte
957 578 1163 623 mutato
1202 570 1432 622 subinde
1470 588 1497 621 e
1537 587 1604 621 uo
1633 519 1736 622 (du-

126 648 283 691 centa
319 638 471 691 milia
506 658 772 715 passuum
802 659 900 710 per
936 640 1095 693 modo
1125 640 1397 691 deuictam
1423 641 1524 692 bar
1567 640 1737 692 ariam

125 709 440 777 Antabagio
477 709 612 762 duce
647 710 759 762 solo
808 711 1002 761 comite
1048 717 1334 762 contentus
1381 710 1584 761 euasit:
1638 709 1769 762 sed·

125 798 249 831 eum
275 787 392 831 tum
418 781 656 831 maximo
684 779 870 832 labore
898 788 950 831 et
975 779 1216 849 periculo
1237 778 1576 848 implicatum
1596 798 1735 832 mor-

58 873 99 904 10
123 849 421 919 taliumque
448 850 529 900 fre
571 850 758 901 uentia
786 849 1059 901 defectum
1086 849 1488 901 sanctissimum
1515 849 1736 919 pietatis

123 938 322 971 numen
360 927 413 971 et
448 920 502 971 di
565 928 779 971 autores
817 920 1141 972 eximiarum
1168 920 1433 971 uirtutum
1460 926 1513 971 et
1538 918 1736 971 fidissi-

122 1009 239 1041 mus
277 989 509 1042 Romani
554 991 748 1060 imperi
791 997 972 1042 custos
1009 990 1258 1060 Iuppiter
1302 991 1588 1042 comitatus
1634 996 1734 1042 est.

121 1061 337 1123 Drusus
368 1078 578 1130 quoque
593 1100 606 1126 7
636 1078 965 1130 quamquam
991 1060 1105 1111 fato
1132 1061 1242 1111 iam
1270 1079 1367 1112 suo
1395 1078 1556 1130 quam
1584 1058 1732 1112 illius

122 1129 305 1183 officio
342 1130 565 1199 propior
601 1138 720 1182 erat
730 1170 743 1196 ,
780 1131 970 1199 uigore
998 1131 1222 1199 spiritus
1252 1138 1305 1183 et
1332 1131 1576 1200 corporis
1602 1130 1733 1182 uiri-

59 1221 100 1253 15
123 1200 226 1252 bus
259 1199 569 1270 conlapsus,
603 1218 664 1253 eo
685 1202 804 1269 ipso
825 1207 1007 1251 tamen
1029 1218 1133 1271 quo
1154 1200 1270 1252 uita
1290 1218 1354 1251 ac
1372 1217 1518 1251 mors
1541 1200 1732 1252 distin-

118 1271 304 1338 guitur
338 1278 610 1323 momento
644 1269 885 1337 legiones
922 1289 1044 1321 cum
1077 1270 1385 1339 msignibus
1423 1271 1534 1321 suis
1571 1269 1755 1344 fratri·

119 1341 339 1392 obuiam
372 1339 665 1409 procedere
709 1340 897 1404 iussit,
941 1348 1003 1392 ut
1044 1340 1342 1409 imperator
1382 1338 1730 1392 salutaretur.

118 1411 397 1479 praecepit
423 1410 584 1461 etiam
607 1410 836 1461 dextera
855 1410 913 1460 in
933 1417 1087 1479 parte
1106 1409 1438 1479 praetorium
1465 1410 1515 1461 ei
1542 1407 1729 1476 statui,

119 1488 174 1531 et
201 1478 484 1532 consulare
511 1488 563 1531 et
598 1480 1012 1550 imperatorium
1046 1498 1241 1533 nomen
1268 1479 1511 1550 optinere
1537 1478 1727 1546 uoluit,

49 1570 95 1603 20
118 1549 414 1620 eodemque
457 1557 701 1619 tempore
745 1559 799 1602 et
841 1549 1118 1602 fraternae
1161 1551 1438 1602 maiestati
1472 1549 1638 1602 cessit
1675 1557 1730 1602 et

116 1621 233 1671 uita
270 1620 523 1672 excessit.
585 1620 668 1672 his
708 1621 821 1672 scio
859 1621 1109 1690 equidem
1145 1619 1354 1671 nullum
1389 1620 1539 1671 aliud
1565 1637 1729 1690 quam

117 1690 359 1742 Castoris
389 1698 441 1742 et
461 1689 697 1743 Pollucis
721 1691 996 1760 specimen
1021 1690 1458 1759 consanguineae
1481 1690 1726 1742 caritatis

116 1760 503 1812 conuenienter
529 1761 672 1812 adici
699 1778 877 1830 posse.
1694 1814 1695 1817 ,

218 1831 270 1882 4.
310 1829 419 1882 Sed
447 1831 621 1883 omnis
642 1832 937 1883 memoriae
963 1829 1277 1882 clarissimis
1303 1829 1726 1900 imperatoribus

47 1920 91 1953 25
114 1902 357 1970 profecto
395 1918 503 1951 non
537 1901 641 1952 erit
675 1900 981 1969 ingratum,
1028 1901 1074 1952 si
1109 1900 1296 1953 militis
1346 1918 1558 1952 summa
1595 1917 1726 1968 erga

113 1971 339 2023 fratrem
366 1989 522 2022 suum
548 1971 723 2040 pietas
750 1970 875 2035 huic
900 1971 1045 2039 parti
1070 1970 1363 2022 uoluminis
1393 1969 1722 2022 adhaeserit.

112 2041 159 2090 is
187 2058 418 2109 namque
445 2040 503 2090 in
529 2041 722 2091 castris
752 2041 849 2091 Cn.
879 2040 1106 2108 Pompei
1141 2040 1413 2109 stipendia
1439 2057 1723 2107 peragenS‚

113 2128 237 2161 cum
263 2109 637 2161 Sertorianum
672 2109 900 2160 militem
936 2109 1112 2160 acrius
1150 2109 1255 2161 sibi
1291 2110 1348 2159 in
1373 2110 1489 2160 acie
1515 2110 1722 2160 instan-

114 2187 222 2230 tem
249 2179 528 2230 conminus
555 2179 924 2231 interemisset
949 2178 1321 2248 iacentemque
1349 2177 1633 2245 spoliaret,
1661 2185 1722 2230 ut

47 2271 92 2304 30
115 2248 343 2301 fratrem
381 2267 700 2317 germanum
747 2267 865 2300 esse
910 2250 1196 2317 cognouit,
1243 2247 1474 2300 multum
1518 2264 1580 2299 ac
1626 2247 1721 2299 diu

113 2319 360 2372 conuicio
389 2319 518 2371 deos
559 2319 627 2372 ob
665 2318 866 2371 donum
901 2319 1100 2388 impiae
1135 2318 1397 2371 uictoriae
1423 2319 1720 2384 insecutUS‚

0 2483 86 2527 par,
113 2466 282 2510 iturum
309 2465 583 2524 repromisit.
636 2469 676 2509 4.
705 2465 830 2510 Miles
856 2465 1082 2510 Romanus
1108 2464 1228 2510 bello
1257 2464 1520 2510 Sertoriano
1548 2478 1646 2508 eum
1674 2464 1720 2508 in

111 2536 271 2580 castris
299 2535 374 2580 Cn.
401 2535 587 2595 Pompei
613 2534 849 2585 militaret,
888 2535 1072 2580 fratrem
1101 2549 1233 2580 suum
1268 2536 1416 2581 acrius
1443 2540 1720 2594 pugnantem

224 2673 249 2711 3
270 2669 393 2723 inde]
423 2671 541 2712 idem
562 2672 604 2711 B
645 2674 670 2713 5
692 2672 856 2724 halpes
880 2665 934 2711 B'
955 2669 973 2725 Η
994 2683 1192 2724 renumq.
1214 2671 1256 2711 B
1297 2674 1322 2712 6
1343 2674 1480 2712 noctu
1500 2669 1542 2709 B
1562 2666 1581 2722 Η
1602 2681 1717 2721 equo

109 2739 186 2767 om.
207 2719 262 2765 B'
342 2729 365 2767 7
395 2727 574 2768 modum
603 2721 656 2767 B'
737 2731 762 2770 8
792 2741 899 2768 nam
931 2725 1184 2781 ant'abagio
1206 2727 1269 2776 B,
1299 2729 1380 2767 sed
1397 2739 1503 2766 nam
1522 2731 1665 2778 punct.
1691 2722 1713 2778 ΙΙ

111 2785 353 2822 contentus
375 2782 417 2821 B
437 2785 592 2834 partim
613 2787 655 2823 in
675 2797 763 2826 ras.
846 2786 898 2824 10
931 2783 1164 2824 adfectum
1185 2783 1228 2823 B
1307 2785 1360 2823 13
1381 2781 1518 2822 ullius
1541 2780 1583 2821 B
1664 2781 1718 2822 14

108 2839 318 2890 proprior
345 2838 387 2878 B
410 2844 508 2879 ante
529 2853 615 2879 ras.
706 2843 757 2881 18
793 2840 1030 2880 dexteram
1051 2833 1106 2880 B'
1195 2841 1247 2879 19
1287 2838 1486 2891 optineri
1506 2837 1669 2878 uolens
1691 2838 1715 2878 b

107 2897 162 2934 23
183 2897 339 2946 posset
359 2888 414 2934 B'
472 2897 526 2935 26
547 2896 738 2947 pietatis
759 2889 813 2935 B'

83 3126 172 3152 x

1848 0 1886 41 gii
