1878 3132
225 112 293 164 56
567 177 569 179 q
935 119 1037 162 Lm.
1079 119 1107 162 1.

228 224 472 275 dentium
505 243 671 273 unum
707 241 764 273 os
801 223 1101 292 aequaliter
1143 232 1425 276 extentum
1464 225 1682 293 habuit,
1729 245 1829 278 nec

226 295 295 345 ad
320 294 553 362 speciem
582 292 824 345 deforme
851 311 1023 362 neque
1051 293 1122 344 ad
1148 313 1307 346 usum
1334 294 1444 347 ulla
1471 314 1540 348 ex
1568 304 1722 365 parte
1749 297 1827 347 in-

225 363 584 416 commodum.
665 363 744 414 13.
785 362 1080 415 Mitridatis
1117 383 1246 416 uero
1287 366 1430 434 regis
1467 364 1579 418 filia
1613 366 1826 436 Drype—

226 434 365 498 tine,
413 433 651 484 Laodice
685 433 875 500 regina
912 442 1064 499 nata,
1113 433 1316 504 duplici
1353 435 1542 489 ordine
1583 435 1827 489 dentium

181 526 200 558 5
226 503 453 555 deformi
498 502 819 568 admodum,
873 521 1052 555 comes
1098 504 1261 573 fugae
1293 507 1462 575 patris
1501 525 1532 557 a
1567 506 1825 576 Pompeio

225 573 423 624 deuicti
459 573 581 624 fuit.
660 573 740 624 14.
780 573 862 624 Ne
899 573 1041 625 illius
1087 575 1306 644 quidem
1346 595 1549 646 paruae
1594 577 1825 628 admira-

222 643 381 699 tionis
419 643 587 709 oculi,
634 662 792 713 quem
836 652 1046 695 constat
1087 653 1199 697 tam
1236 654 1383 698 certa
1418 647 1534 698 acie
1559 646 1825 697 luminum

221 732 378 764 usum
406 732 549 779 esse,
596 722 655 765 ut
682 732 713 764 a
738 712 1001 784 Lilybaeo
1039 723 1256 784 portum
1280 716 1825 784 Karthaginiensium

221 784 557 851 egredientes
594 783 792 835 classes
835 785 1154 838 intueretur.
1233 786 1314 839 15.
1354 785 1540 840 Oculis
1580 786 1694 837 eius
1733 787 1822 837 ad-

159 875 199 906 10
221 853 519 905 mirabilius
547 854 911 906 Aristomenis
940 855 1180 907 Messeni
1205 875 1319 922 cor,
1359 856 1502 926 quod
1529 855 1822 908 Athenien-

222 943 304 975 ses
336 924 402 976 ob
431 924 686 975 eximiam
724 923 1079 976 calliditatem
1119 934 1371 978 exectum
1408 925 1533 996 pilis
1561 925 1824 978 refertum

218 994 567 1059 inuenerunt,
605 1013 732 1050 cum
761 1014 883 1046 eum
918 994 1242 1065 aliquotiens
1282 1004 1503 1066 captum
1540 1004 1592 1047 et
1621 995 1823 1048 astutia

220 1063 461 1132 elapsum
488 1065 774 1132 cepissent.
854 1065 933 1116 16.
963 1065 1036 1116 Et
1060 1074 1221 1135 poeta
1248 1066 1538 1136 Antipater
1565 1065 1819 1118 Sidonius

220 1134 467 1186 omnibus
515 1135 668 1184 annis
713 1152 820 1186 uno
866 1136 1245 1189 tantummodo
1292 1136 1407 1200 die,
1459 1155 1562 1205 quo
1607 1135 1822 1204 genitus

155 1224 194 1255 15
219 1212 350 1269 erat,
379 1204 520 1255 febri
546 1204 932 1273 inplicabatur,
961 1224 1189 1275 cumque
1216 1205 1287 1257 ad
1311 1205 1562 1258 ultimam
1587 1213 1823 1257 aetatem

215 1274 578 1343 peruenisset,
616 1273 787 1326 natali
813 1295 908 1328 suo
944 1285 1089 1328 certo
1125 1275 1217 1328 illo
1246 1276 1473 1334 circuitu
1500 1275 1677 1328 morbi
1701 1293 1822 1327 con-

217 1353 461 1412 sumptus
491 1353 586 1396 est.

324 1415 404 1465 17.
443 1414 562 1466 Hoc
588 1414 705 1467 loco
744 1423 869 1484 apte
900 1415 1209 1467 referuntur
1235 1415 1579 1486 Polystratus
1608 1423 1661 1467 et
1686 1414 1820 1483 Hip-

216 1483 457 1552 poclides
496 1483 829 1554 philosophi,
871 1485 1063 1538 eodem
1099 1486 1186 1537 die
1215 1487 1359 1552 nati,
1399 1485 1642 1537 eiusdem
1668 1502 1820 1554 prae-

153 1575 194 1606 ρο
218 1556 449 1622 ceptoris
478 1555 696 1623 Epicuri
724 1564 927 1606 sectam
955 1556 1144 1622 secuti,
1173 1556 1489 1625 patrimonii
1516 1555 1679 1606 etiam
1701 1572 1821 1624 pos-

150 1650 154 1653 *
217 1623 429 1674 sidendi
466 1623 854 1694 habendaeque
886 1624 1102 1678 scholae
1141 1625 1515 1677 communione
1544 1623 1821 1676 coniuncti

217 1693 508 1763 eodemque
554 1704 825 1747 momento
867 1697 1128 1765 temporis
1171 1694 1363 1747 ultima
1408 1703 1685 1747 senectute
1730 1712 1818 1744 ex—

217 1763 415 1814 stincti.
444 1770 648 1816 tantam
669 1776 715 1816 el
734 1774 833 1817 lam
860 1765 1143 1835 aequalem
1162 1765 1412 1817 fortunae
1431 1765 1637 1835 pariter
1657 1772 1820 1834 atque

216 1833 486 1885 amicitiae
532 1835 844 1887 societatem
879 1836 998 1906 quis
1035 1854 1144 1888 non
1179 1836 1350 1905 ipsius
1397 1834 1644 1887 caelestis
1684 1834 1819 1886 Con-

153 1923 193 1954 25
217 1902 431 1955 cordiae
460 1904 581 1955 sinu
606 1907 865 1974 genitam,
894 1908 1153 1958 nutritam
1181 1913 1235 1957 et
1260 1906 1468 1957 finitam
1494 1905 1687 1975 putet?

323 1974 403 2024 18.
445 1974 792 2045 Quapropter
832 1976 967 2028 haec
1015 1969 1357 2046 potissimum
1401 1984 1494 2026 aut
1537 1975 1593 2024 in
1632 1972 1816 2025 liberis

215 2043 581 2109 potentissimi
613 2046 759 2113 regis
796 2054 889 2097 aut
922 2046 980 2096 in
1006 2064 1131 2114 rege
1160 2044 1462 2096 clarissimo
1490 2051 1584 2094 aut
1610 2043 1667 2093 in
1690 2051 1818 2094 uate

102 2170 193 2205 Par,
218 2159 464 2217 aequaliter
489 2167 717 2207 extensum
747 2164 914 2208 babuit.
968 2166 1036 2208 16.
1070 2164 1305 2222 Antipater
1331 2161 1540 2207 Sidonius
1566 2167 1701 2220 poeta
1727 2175 1817 2206 uno

220 2230 525 2274 tantummodo
553 2231 645 2281 die,
677 2248 765 2291 quo
794 2235 975 2292 genitus
1003 2239 1121 2283 erat,
1150 2232 1263 2277 febri
1290 2231 1626 2291 implicabatur,
1655 2230 1698 2274 iu
1727 2244 1816 2289 quo

211 2304 261 2346 ‘et
289 2298 493 2344 decessit.
570 2303 637 2344 17.
674 2302 958 2362 Polystratus
985 2311 1029 2348 et
1057 2302 1344 2363 Hippoclides
1372 2299 1633 2362 philosophi
1661 2300 1816 2344 eodem

152 2383 193 2414 30
219 2374 421 2426 tempore
458 2369 697 2428 Epicurum
743 2373 980 2418 audiebant
1026 2380 1068 2418 et
1111 2372 1340 2419 habendae
1387 2370 1568 2416 scholae
1616 2383 1818 2415 commu·

215 2438 351 2482 nione
378 2439 518 2484 iuncti
546 2441 699 2485 eodem
726 2442 795 2486 die
821 2443 1126 2488 decesserunt.

331 2561 350 2598 1
385 2564 619 2601 extensum
643 2565 683 2602 P
740 2566 763 2603 3
786 2562 1055 2618 Mitridatis]
1081 2567 1142 2605 sic
1164 2565 1204 2604 B
1222 2565 1319 2616 fere
1340 2576 1506 2615 semper
1535 2559 1555 2616 {l
1583 2562 1821 2618 drypetinc

218 2613 456 2656 laodiceae
478 2618 519 2655 B
579 2620 603 2658 8
626 2624 804 2669 portum
826 2622 892 2660 B:
914 2626 1046 2672 portu
1068 2622 1090 2660 b
1153 2623 1204 2662 10
1227 2620 1402 2660 meseni
1419 2619 1478 2658 B·
1522 2621 1573 2659 12
1598 2622 1751 2658 catum
1774 2623 1818 2657 et

218 2671 418 2709 astutiae
460 2672 638 2724 lapsum
680 2675 719 2713 B
759 2672 778 2728 Η
826 2682 870 2716 et
911 2677 977 2716 B:
1016 2667 1066 2716 ‘at
1106 2678 1208 2719 dett.
1250 2678 1407 2728 aliquot
1495 2675 1546 2715 13
1589 2674 1818 2725 antipater

216 2728 354 2775 poeta
377 2726 399 2765 b
429 2723 447 2778 [l
473 2728 643 2767 sidonis
668 2725 721 2768 B'
782 2733 831 2772 18
862 2732 1158 2784 hyppoclides
1180 2732 1222 2771 B
1280 2733 1331 2771 21
1357 2730 1640 2781 alendaeque
1662 2727 1717 2776 B,
1742 2741 1815 2768 em.

217 2792 275 2819 ex
308 2781 346 2819 P
402 2782 454 2821 23
485 2786 659 2822 tantam
693 2789 737 2824 et
768 2791 860 2825 tam
890 2788 1138 2828 Tor-renites:
1172 2791 1348 2827 tantam
1370 2787 1430 2833 B,
1465 2789 1558 2825 tam
1579 2785 1602 2825 b
1662 2786 1714 2824 27
1744 2797 1819 2837 po-

219 2836 386 2875 tissimi
408 2839 529 2888 regis
552 2839 608 2884 B,
643 2842 1057 2890 potentissimorum
1080 2856 1235 2895 regum
1258 2843 1431 2894 Pz‘ylzz'us
1453 2855 1474 2881 e
1497 2842 1591 2882 eod.
1613 2853 1688 2881 suo

330 2893 380 2932 31
407 2894 715 2934 communione
743 2897 784 2934 V
