1924 3152
660 158 929 211 CAP.V1111‚
957 122 1182 217 §5—10.
1238 158 1241 161 ·
1282 197 1286 202 .
1630 117 1733 205 31‘7
1801 139 1803 141 ’

112 278 227 324 tam
262 268 457 322 Asiam
493 265 921 349 proconsulari
907 252 1136 334 imperio
1181 265 1436 318 obtinuit.
1511 283 1612 318 nec
1656 266 1733 316 in-

78 401 86 403 *
114 340 328 410 dignati
363 346 491 391 sunt
528 339 662 391 socii
689 338 806 390 eius
833 356 936 408 par
939 355 1028 389 ere
1054 336 1299 390 fascibus
1316 377 1330 403 7
1367 355 1528 418 quem
1554 335 1736 389 aliena

113 409 416 464 tribunalia
441 407 759 462 adulantem
785 407 1057 460 uiderant.
1122 408 1296 477 gessit
1323 407 1488 460 etiam
1515 426 1573 459 se
1598 408 1734 460 inte-

71 499 81 505 *
114 481 347 551 gerrime
373 489 537 562 atque
564 478 1022 549 splendidissime.
1076 497 1182 548 quo
1211 479 1431 548 quidem
1455 478 1616 533 modo
1646 478 1736 530 de-

113 551 458 615 monstrauit,
482 569 548 620 pl
549 550 776 602 istinum
797 559 1086 619 quaestum
1108 568 1266 601 suum
1285 550 1558 616 fortunae,
1580 567 1735 620 prae-
1759 563 1780 597 5

115 641 238 675 sens
265 640 396 675 uero
426 621 755 690 dignitatis
741 629 1138 672 incrementum
1174 620 1417 673 moribus
1456 621 1628 691 ipsius
1657 621 1735 671 in-

118 693 303 764 putari
330 692 549 745 debere.

120 818 122 821 ,
221 764 272 816 8.
312 764 389 815 Α1
415 763 476 814 Ρ.
504 760 759 832 Rupilius
788 781 899 814 non
924 760 1321 831 publicanum
1307 781 1362 812 111
1389 760 1579 813 Sicilia
1607 761 1734 830 egit,

116 834 213 886 sed
240 852 437 904 opelas
462 832 776 913 publicanis
806 832 982 885 dedit:
1034 832 1182 885 idem
1215 831 1506 885 ultimam
1493 833 1736 902 mopiam

115 923 270 957 suam
314 912 598 956 auctorato
646 903 808 956 sociis
853 903 1037 956 officio
1084 903 1433 955 sustentauit.
1517 903 1587 956 ab
1634 903 1736 956 1100
1760 919 1802 952 ιο

113 975 468 1056 postmodum
502 973 724 1027 consule
763 973 910 1043 leges
937 973 1184 1026 uniuersi
1212 967 1380 1026 Siculi
1405 982 1739 1044 acceperunt

116 1044 582 1115 acerbissimoque
619 1044 958 1126 praedonum
994 1064 1057 1097 ac
1094 1044 1458 1114 fugitiuorum
1494 1044 1638 1099 bello
1674 1044 1739 1096 li-

117 1117 298 1170 berati
326 1125 470 1168 sunt.
530 1126 721 1186 portus
749 1116 926 1185 ipsos,
965 1115 1012 1167 si
1039 1117 1158 1186 quis
1187 1116 1349 1168 modo
1376 1116 1542 1168 mutis
1571 1117 1735 1170 rebus

116 1187 260 1240 inest
303 1205 525 1252 sensus,
575 1195 787 1240 tantam
820 1187 878 1238 in
917 1186 1107 1239 eodem
1154 1185 1371 1238 homine
1411 1186 1737 1240 uarietatem

117 1266 292 1310 status
329 1256 624 1310 admiratos
661 1257 919 1311 arbitror.
981 1276 1138 1327 quem
1179 1258 1323 1309 enim
1361 1257 1585 1310 diurnas
1613 1277 1735 1328 cap·
1763 1274 1804 1307 15

117 1336 269 1380 turas
298 1327 610 1398 exigentem
638 1327 1170 1394 animaduerterant7
1202 1328 1473 1380 eundem
1460 1348 1581 1381 lura
1608 1329 1736 1382 dan-

115 1407 223 1451 tem
252 1397 568 1470 classesque
596 1407 650 1451 et
675 1399 948 1451 exercitus
976 1406 1258 1467 regentem
1285 1398 1562 1452 uiderunt.

223 1469 274 1522 9.
313 1469 459 1522 Huic
487 1479 640 1525 tanto
669 1470 1003 1522 incremento
1031 1471 1207 1522 maius
1237 1469 1489 1522 adiciam.
1531 1469 1737 1523 Asculo

119 1548 280 1620 capto
309 1539 409 1592 Cn.
436 1540 754 1622 Pompeius7
778 1540 969 1609 Magni
994 1550 1177 1611 pater,
1209 1541 1270 1591 P.
1300 1540 1623 1593 Ventidium
1653 1559 1737 1593 ae-

118 1618 232 1662 tate
257 1610 618 1679 inpuberem
604 1631 662 1662 111
688 1611 964 1681 triumpho
1003 1630 1101 1664 suo
1130 1609 1320 1682 populi
1357 1610 1528 1664 oculis
1558 1612 1736 1665 subie-
1761 1630 1803 1663 20

118 1681 213 1733 cit.
263 1680 354 1732 hic
381 1689 463 1733 est
490 1681 785 1734 Ventidius
801 1721 814 1748 7
846 1682 939 1762 qui
965 1691 1161 1751 postea
1187 1682 1393 1734 Romae
1421 1701 1490 1734 ex
1517 1683 1736 1735 Pa1this

119 1759 173 1803 et
199 1769 297 1820 per
322 1750 555 1804 Parthos
584 1752 652 1803 de
681 1753 755 1804 C1
759 1752 870 1803 assi
907 1753 1160 1805 manibus
1201 1754 1257 1804 in
1283 1753 1471 1805 hostili
1498 1752 1613 1805 8010
1640 1753 1737 1804 1111-

123 1821 435 1875 serabiliter
459 1822 767 1874 iacentibus
796 1823 1135 1903 triumphum
1162 1824 1338 1875 duxit.
1389 1824 1468 1875 ita
1493 1823 1585 1893 qui
1612 1841 1737 1893 cap-

119 1892 267 1944 tiuus
295 1911 571 1945 carcerem
599 1893 975 1959 exhorruerat,
1004 1894 1181 1946 uictor
1208 1893 1541 1974 Capitolium
1568 1892 1736 1946 felici-

120 1970 232 2015 tate
259 1963 578 2016 celebrauit.
632 1963 686 2014 in
713 1963 903 2016 eodem
931 1933 1098 2016 eliam
1124 1963 1263 2015 illud
1290 1983 1562 2031 exlmlum7
1592 1965 1739 2067 quod
1763 1983 1805 2015 25

123 2031 313 2085 eodem
341 2052 481 2085 anno
509 2042 729 2104 praetor
755 2043 806 2086 et
830 2041 1007 2087 consul
1032 2044 1115 2087 est
1141 2036 1339 2087 factus.

230 2104 313 2156 10.
354 2104 593 2157 Casuum
621 2124 763 2157 nunc
792 2104 1224 2176 contemplemur
1250 2106 1598 2158 uarietatem.
1672 2105 1737 2157 L.

117 2173 383 2226 Lentulus
412 2175 713 2227 consularis
753 2175 872 2245 lege
900 2175 1142 2228 Caecilia
1174 2176 1603 2247 repetundarum
1638 2176 1738 2229 cri-

119 2245 262 2297 mine
290 2264 583 2316 oppressus
612 2265 804 2299 censor
830 2266 952 2299 cum
976 2247 1040 2299 L.
1066 2246 1365 2301 Censorino
1394 2256 1609 2300 creatus
1638 2256 1738 2299 est.

121 2362 308 2413 linisset,
337 2370 496 2423 postea
525 2371 663 2409 totam
691 2366 840 2410 Asiam
868 2366 1120 2424 proconsul
1148 2366 1361 2412 obtinuit.
1411 2368 1451 2411 9.
1482 2366 1733 2416 Ventidius,
1759 2375 1800 2406 30

123 2434 200 2492 qui
229 2432 282 2477 de
307 2433 488 2478 Paithis
528 2434 851 2493 triumphauit,
890 2436 1050 2480 aetatis
1086 2437 1324 2482 admodum
1354 2436 1537 2496 puberis
1563 2437 1732 2482 Asculo
1759 2415 1849 2450 ΡΝ·

121 2509 255 2562 capto
293 2517 314 2547 a
352 2503 428 2548 Cn.
467 2503 684 2563 Pompeio
719 2512 847 2564 patre
883 2511 1043 2564 captus
1080 2507 1122 2549 in
1161 2507 1393 2566 triumpho
1441 2513 1511 2552 est
1555 2507 1735 2552 ductus.

122 2574 191 2616 10.
218 2573 265 2617 L.
294 2572 514 2618 Lentulus
542 2574 797 2619 consularis
825 2574 925 2633 lege
952 2575 1138 2620 Caecilia
1167 2569 1521 2635 repetundarum
1550 2576 1737 2622 crimine

235 2684 262 2721 4
284 2694 371 2733 quo
396 2681 579 2734 quidem
600 2683 784 2735 Kempf:
818 2695 948 2736 quoq.
973 2684 1019 2723 id
1040 2683 1082 2723 B
1142 2686 1168 2724 8
1189 2685 1373 2724 rutilius
1397 2685 1438 2724 B
1498 2687 1523 2725 9
1546 2685 1738 2726 idemB:

121 2737 168 2777 id
190 2742 260 2778 est
281 2739 470 2791 Lipsius
493 2745 538 2779 at
560 2753 597 2779 ιι.
630 2739 756 2781 Torr.
839 2742 891 2780 10
923 2740 978 2780 ab
1002 2740 1050 2780 b:
1085 2741 1142 2780 ad
1164 2741 1205 2780 B
1286 2743 1337 2782 19
1367 2743 1552 2794 pompei
1573 2742 1627 2789 B,
1661 2756 1737 2784 em.

123 2795 301 2846 Piyhius
379 2798 433 2836 20
454 2796 688 2857 puberem
695 2796 747 2842 B,
773 2809 845 2837 em.
869 2798 1003 2839 idem:
1035 2798 1206 2837 aetatis
1231 2798 1469 2839 admodum
1492 2799 1678 2851 puberis
1700 2799 1742 2838 P

123 2851 175 2889 21
199 2852 302 2901 qui*
322 2852 364 2891 B
423 2854 476 2893 23
499 2852 614 2891 dixit
634 2845 688 2892 Β
758 2853 812 2891 26
835 2856 881 2892 01
905 2852 1062 2893 00118111
1086 2855 1151 2895 ed.
1182 2855 1288 2898 Ven
1313 2857 1448 2895 1478·
1481 2869 1559 2896 om.
1581 2855 1623 2895 B
1684 2857 1737 2894 23

125 2903 357 2962 Caecilia]
383 2922 499 2950 zmmo
523 2908 773 2974 Calpmnia
799 2907 856 2960 (ιι
872 2909 1059 2950 Momms.
1087 2910 1129 2950 C.
1152 2911 1196 2950 J.
1221 2912 1272 2951 L.
1296 2911 1335 2958 I,
1359 2911 1448 2963 55).
1470 2913 1738 2952 seduceretur

125 2974 250 3002 error
265 2965 442 3004 ναῖεν-ιι·
462 2967 556 3018 ipsi
549 2979 594 3005 cs
