<?xml version="1.0" encoding="UTF-8"?>
<!DOCTYPE html PUBLIC "-//W3C//DTD XHTML 1.0 Transitional//EN"
    "http://www.w3.org/TR/xhtml1/DTD/xhtml1-transitional.dtd">
<html xmlns="http://www.w3.org/1999/xhtml" xml:lang="en" lang="en">
 <head>
  <title>
</title>
<meta http-equiv="Content-Type" content="text/html;charset=utf-8" />
  <meta name='ocr-system' content='tesseract 3.04.00' />
  <meta name='ocr-capabilities' content='ocr_page ocr_carea ocr_par ocr_line ocrx_word'/>
</head>
<body>
  <div class='ocr_page' id='page_1' title='image "./factorumetdictor00valeuoft_0049.png"; bbox 0 0 1872 3132; ppageno 0'>
   <div class='ocr_carea' id='block_1_1' title="bbox 529 104 1720 178">
    <p class='ocr_par' dir='ltr' id='par_1_1' title="bbox 529 104 1720 178">
     <span class='ocr_line' id='line_1_1' title="bbox 529 104 1720 178; baseline -0.003 -12"><span class='ocrx_word' id='word_1_1' title='bbox 529 114 648 166; x_wconf 60' lang='lat' dir='ltr'>CAR</span> <span class='ocrx_word' id='word_1_2' title='bbox 675 119 742 170; x_wconf 80' lang='lat' dir='ltr'>iv,</span> <span class='ocrx_word' id='word_1_3' title='bbox 768 119 865 166; x_wconf 79' lang='lat' dir='ltr'>Ext.</span> <span class='ocrx_word' id='word_1_4' title='bbox 894 119 923 178; x_wconf 67' lang='lat' dir='ltr'>g</span> <span class='ocrx_word' id='word_1_5' title='bbox 950 124 991 164; x_wconf 80' lang='lat'>2.</span> <span class='ocrx_word' id='word_1_6' title='bbox 1022 119 1068 170; x_wconf 90' lang='lat' dir='ltr'>v,</span> <span class='ocrx_word' id='word_1_7' title='bbox 1096 118 1125 177; x_wconf 68' lang='lat' dir='ltr'>g</span> <span class='ocrx_word' id='word_1_8' title='bbox 1155 121 1296 163; x_wconf 84' lang='lat'><strong>1—4.</strong></span> <span class='ocrx_word' id='word_1_9' title='bbox 1345 104 1355 111; x_wconf 75' lang='grc'><em>“</em></span> <span class='ocrx_word' id='word_1_10' title='bbox 1653 111 1720 162; x_wconf 81' lang='grc'>21</span> 
     </span>
    </p>
   </div>
   <div class='ocr_carea' id='block_1_2' title="bbox 98 225 1791 1998">
    <p class='ocr_par' dir='ltr' id='par_1_2' title="bbox 99 225 1722 354">
     <span class='ocr_line' id='line_1_2' title="bbox 99 225 1722 299; baseline -0.004 -17"><span class='ocrx_word' id='word_1_11' title='bbox 99 229 439 282; x_wconf 83' lang='lat' dir='ltr'>Veientanae</span> <span class='ocrx_word' id='word_1_12' title='bbox 472 228 626 281; x_wconf 91' lang='lat' dir='ltr'>urbis</span> <span class='ocrx_word' id='word_1_13' title='bbox 653 226 1022 299; x_wconf 82' lang='lat' dir='ltr'>appellatione</span> <span class='ocrx_word' id='word_1_14' title='bbox 1047 226 1253 279; x_wconf 88' lang='lat' dir='ltr'>mutari</span> <span class='ocrx_word' id='word_1_15' title='bbox 1285 225 1616 296; x_wconf 80' lang='lat' dir='ltr'>inclitaeque</span> <span class='ocrx_word' id='word_1_16' title='bbox 1641 225 1722 276; x_wconf 92' lang='lat' dir='ltr'>ui-</span> 
     </span>
     <span class='ocr_line' id='line_1_3' title="bbox 101 294 1606 354; baseline -0.004 -1"><span class='ocrx_word' id='word_1_17' title='bbox 101 300 307 354; x_wconf 82' lang='lat' dir='ltr'>ctoriae</span> <span class='ocrx_word' id='word_1_18' title='bbox 334 299 500 352; x_wconf 90' lang='lat' dir='ltr'>decus</span> <span class='ocrx_word' id='word_1_19' title='bbox 527 298 691 352; x_wconf 90' lang='lat' dir='ltr'>modo</span> <span class='ocrx_word' id='word_1_20' title='bbox 719 298 967 351; x_wconf 89' lang='lat' dir='ltr'>abiectae</span> <span class='ocrx_word' id='word_1_21' title='bbox 993 298 1145 350; x_wconf 90' lang='lat' dir='ltr'>urbis</span> <span class='ocrx_word' id='word_1_22' title='bbox 1171 296 1343 349; x_wconf 88' lang='lat' dir='ltr'>ruinis</span> <span class='ocrx_word' id='word_1_23' title='bbox 1370 294 1606 348; x_wconf 86' lang='lat' dir='ltr'>infundi.</span> 
     </span>
    </p>

    <p class='ocr_par' dir='ltr' id='par_1_3' title="bbox 99 365 1791 990">
     <span class='ocr_line' id='line_1_4' title="bbox 206 365 1723 440; baseline -0.003 -18"><span class='ocrx_word' id='word_1_24' title='bbox 206 371 257 422; x_wconf 81' lang='lat'>2.</span> <span class='ocrx_word' id='word_1_25' title='bbox 314 369 495 433; x_wconf 85' lang='lat' dir='ltr'>Huius</span> <span class='ocrx_word' id='word_1_26' title='bbox 543 378 657 421; x_wconf 91' lang='lat' dir='ltr'>tam</span> <span class='ocrx_word' id='word_1_27' title='bbox 691 368 958 440; x_wconf 85' lang='lat' dir='ltr'>praeclari</span> <span class='ocrx_word' id='word_1_28' title='bbox 993 369 1172 439; x_wconf 89' lang='lat' dir='ltr'>operis</span> <span class='ocrx_word' id='word_1_29' title='bbox 1210 376 1401 422; x_wconf 77' lang='lat' dir='ltr'>auctor</span> <span class='ocrx_word' id='word_1_30' title='bbox 1439 365 1723 433; x_wconf 82' lang='lat' dir='ltr'>Camillus,</span> 
     </span>
     <span class='ocr_line' id='line_1_5' title="bbox 102 437 1721 510; baseline -0.004 -17"><span class='ocrx_word' id='word_1_31' title='bbox 102 460 224 494; x_wconf 89' lang='lat' dir='ltr'>cum</span> <span class='ocrx_word' id='word_1_32' title='bbox 259 449 404 493; x_wconf 88' lang='lat' dir='ltr'>esset</span> <span class='ocrx_word' id='word_1_33' title='bbox 428 449 682 510; x_wconf 85' lang='lat' dir='ltr'>precatus</span> <span class='ocrx_word' id='word_1_34' title='bbox 709 448 795 507; x_wconf 88' lang='lat' dir='ltr'>ut,</span> <span class='ocrx_word' id='word_1_35' title='bbox 833 439 880 492; x_wconf 90' lang='lat' dir='ltr'>si</span> <span class='ocrx_word' id='word_1_36' title='bbox 906 440 993 491; x_wconf 87' lang='lat' dir='ltr'>cui</span> <span class='ocrx_word' id='word_1_37' title='bbox 1031 439 1257 492; x_wconf 89' lang='lat' dir='ltr'>deorum</span> <span class='ocrx_word' id='word_1_38' title='bbox 1291 439 1460 490; x_wconf 89' lang='lat' dir='ltr'>nimia</span> <span class='ocrx_word' id='word_1_39' title='bbox 1486 437 1721 490; x_wconf 84' lang='lat' dir='ltr'>felicitas</span> 
     </span>
     <span class='ocr_line' id='line_1_6' title="bbox 99 507 1768 583; baseline -0.004 -18"><span class='ocrx_word' id='word_1_40' title='bbox 99 511 289 583; x_wconf 89' lang='lat' dir='ltr'>populi</span> <span class='ocrx_word' id='word_1_41' title='bbox 312 511 548 564; x_wconf 89' lang='lat' dir='ltr'>Romani</span> <span class='ocrx_word' id='word_1_42' title='bbox 573 511 882 576; x_wconf 90' lang='lat' dir='ltr'>uideretur,</span> <span class='ocrx_word' id='word_1_43' title='bbox 911 511 1027 563; x_wconf 91' lang='lat' dir='ltr'>eius</span> <span class='ocrx_word' id='word_1_44' title='bbox 1053 509 1267 562; x_wconf 89' lang='lat' dir='ltr'>inuidia</span> <span class='ocrx_word' id='word_1_45' title='bbox 1306 528 1405 563; x_wconf 92' lang='lat' dir='ltr'>suo</span> <span class='ocrx_word' id='word_1_46' title='bbox 1433 507 1506 561; x_wconf 90' lang='lat' dir='ltr'>ali</span> <span class='ocrx_word' id='word_1_47' title='bbox 1545 527 1615 561; x_wconf 90' lang='lat' dir='ltr'>uo</span> <span class='ocrx_word' id='word_1_48' title='bbox 1641 508 1720 559; x_wconf 91' lang='lat' dir='ltr'>in·</span> <span class='ocrx_word' id='word_1_49' title='bbox 1744 522 1768 554; x_wconf 82' lang='lat'>5</span> 
     </span>
     <span class='ocr_line' id='line_1_7' title="bbox 100 580 1727 652; baseline -0.004 -16"><span class='ocrx_word' id='word_1_50' title='bbox 100 581 384 636; x_wconf 90' lang='lat' dir='ltr'>commodo</span> <span class='ocrx_word' id='word_1_51' title='bbox 413 582 720 648; x_wconf 79' lang='lat' dir='ltr'>satiaretur,</span> <span class='ocrx_word' id='word_1_52' title='bbox 749 581 932 635; x_wconf 86' lang='lat' dir='ltr'>subito</span> <span class='ocrx_word' id='word_1_53' title='bbox 952 580 1107 652; x_wconf 89' lang='lat' dir='ltr'>lapso</span> <span class='ocrx_word' id='word_1_54' title='bbox 1135 580 1355 633; x_wconf 86' lang='lat' dir='ltr'>decidit.</span> <span class='ocrx_word' id='word_1_55' title='bbox 1397 598 1502 651; x_wconf 89' lang='lat' dir='ltr'>quo</span> <span class='ocrx_word' id='word_1_56' title='bbox 1566 597 1727 631; x_wconf 85' lang='lat' dir='ltr'>omen</span> 
     </span>
     <span class='ocr_line' id='line_1_8' title="bbox 101 649 1726 724; baseline -0.004 -18"><span class='ocrx_word' id='word_1_57' title='bbox 101 653 172 706; x_wconf 85' lang='lat' dir='ltr'>ad</span> <span class='ocrx_word' id='word_1_58' title='bbox 209 652 643 719; x_wconf 80' lang='lat' dir='ltr'>damnationem,</span> <span class='ocrx_word' id='word_1_59' title='bbox 696 671 804 724; x_wconf 87' lang='lat' dir='ltr'>qua</span> <span class='ocrx_word' id='word_1_60' title='bbox 837 661 1031 723; x_wconf 90' lang='lat' dir='ltr'>postea</span> <span class='ocrx_word' id='word_1_61' title='bbox 1066 670 1364 723; x_wconf 90' lang='lat' dir='ltr'>oppressus</span> <span class='ocrx_word' id='word_1_62' title='bbox 1403 659 1515 715; x_wconf 88' lang='lat' dir='ltr'>est,</span> <span class='ocrx_word' id='word_1_63' title='bbox 1560 649 1726 720; x_wconf 88' lang='lat' dir='ltr'>perti-</span> 
     </span>
     <span class='ocr_line' id='line_1_9' title="bbox 99 721 1724 777; baseline -0.002 -1"><span class='ocrx_word' id='word_1_64' title='bbox 99 724 284 777; x_wconf 87' lang='lat' dir='ltr'>nuisse</span> <span class='ocrx_word' id='word_1_65' title='bbox 317 724 500 776; x_wconf 91' lang='lat' dir='ltr'>uisum</span> <span class='ocrx_word' id='word_1_66' title='bbox 535 732 634 776; x_wconf 89' lang='lat' dir='ltr'>est.</span> <span class='ocrx_word' id='word_1_67' title='bbox 718 725 912 777; x_wconf 87' lang='lat' dir='ltr'>merito</span> <span class='ocrx_word' id='word_1_68' title='bbox 950 732 1135 776; x_wconf 90' lang='lat' dir='ltr'>autem</span> <span class='ocrx_word' id='word_1_69' title='bbox 1171 723 1238 775; x_wconf 89' lang='lat' dir='ltr'>de</span> <span class='ocrx_word' id='word_1_70' title='bbox 1279 721 1443 774; x_wconf 91' lang='lat' dir='ltr'>laude</span> <span class='ocrx_word' id='word_1_71' title='bbox 1486 722 1630 774; x_wconf 88' lang='lat' dir='ltr'>inter</span> <span class='ocrx_word' id='word_1_72' title='bbox 1666 739 1724 772; x_wconf 89' lang='lat' dir='ltr'>se</span> 
     </span>
     <span class='ocr_line' id='line_1_10' title="bbox 100 792 1719 866; baseline -0.004 -18"><span class='ocrx_word' id='word_1_73' title='bbox 100 795 334 848; x_wconf 87' lang='lat' dir='ltr'>uictoria</span> <span class='ocrx_word' id='word_1_74' title='bbox 369 802 422 847; x_wconf 93' lang='lat' dir='ltr'>et</span> <span class='ocrx_word' id='word_1_75' title='bbox 455 795 550 866; x_wconf 90' lang='lat' dir='ltr'>pia</span> <span class='ocrx_word' id='word_1_76' title='bbox 583 795 829 866; x_wconf 89' lang='lat' dir='ltr'>precatio</span> <span class='ocrx_word' id='word_1_77' title='bbox 867 813 956 846; x_wconf 89' lang='lat' dir='ltr'>am</span> <span class='ocrx_word' id='word_1_78' title='bbox 996 793 1192 846; x_wconf 91' lang='lat' dir='ltr'>lissimi</span> <span class='ocrx_word' id='word_1_79' title='bbox 1225 794 1334 845; x_wconf 89' lang='lat' dir='ltr'>uiri</span> <span class='ocrx_word' id='word_1_80' title='bbox 1370 792 1719 845; x_wconf 89' lang='lat' dir='ltr'>certauerint.</span> 
     </span>
     <span class='ocr_line' id='line_1_11' title="bbox 101 863 1791 935; baseline -0.002 -17"><span class='ocrx_word' id='word_1_81' title='bbox 101 885 163 919; x_wconf 91' lang='lat' dir='ltr'>ae</span> <span class='ocrx_word' id='word_1_82' title='bbox 204 885 271 919; x_wconf 91' lang='lat' dir='ltr'>ue</span> <span class='ocrx_word' id='word_1_83' title='bbox 316 866 461 918; x_wconf 91' lang='lat' dir='ltr'>enim</span> <span class='ocrx_word' id='word_1_84' title='bbox 495 866 715 919; x_wconf 85' lang='lat' dir='ltr'>uirtutis</span> <span class='ocrx_word' id='word_1_85' title='bbox 752 875 836 919; x_wconf 89' lang='lat' dir='ltr'>est</span> <span class='ocrx_word' id='word_1_86' title='bbox 880 873 934 918; x_wconf 90' lang='lat' dir='ltr'>et</span> <span class='ocrx_word' id='word_1_87' title='bbox 1009 884 1116 919; x_wconf 91' lang='lat' dir='ltr'>ona</span> <span class='ocrx_word' id='word_1_88' title='bbox 1151 865 1362 935; x_wconf 84' lang='lat' dir='ltr'>patriae</span> <span class='ocrx_word' id='word_1_89' title='bbox 1409 863 1633 916; x_wconf 79' lang='lat' dir='ltr'>auxisse</span> <span class='ocrx_word' id='word_1_90' title='bbox 1670 871 1723 914; x_wconf 92' lang='lat' dir='ltr'>et</span> <span class='ocrx_word' id='word_1_91' title='bbox 1747 876 1791 907; x_wconf 83' lang='lat'>10</span> 
     </span>
     <span class='ocr_line' id='line_1_12' title="bbox 100 935 1025 990; baseline -0.002 -1"><span class='ocrx_word' id='word_1_92' title='bbox 100 956 187 989; x_wconf 91' lang='lat' dir='ltr'>ma</span> <span class='ocrx_word' id='word_1_93' title='bbox 211 955 243 988; x_wconf 92' lang='lat' dir='ltr'>a</span> <span class='ocrx_word' id='word_1_94' title='bbox 266 937 325 987; x_wconf 93' lang='lat' dir='ltr'>in</span> <span class='ocrx_word' id='word_1_95' title='bbox 352 956 409 988; x_wconf 91' lang='lat' dir='ltr'>se</span> <span class='ocrx_word' id='word_1_96' title='bbox 436 936 737 989; x_wconf 89' lang='lat' dir='ltr'>transferre</span> <span class='ocrx_word' id='word_1_97' title='bbox 761 935 1025 990; x_wconf 91' lang='lat' dir='ltr'>uoluisse.</span> 
     </span>
    </p>

    <p class='ocr_par' dir='ltr' id='par_1_4' title="bbox 98 1005 1791 1715">
     <span class='ocr_line' id='line_1_13' title="bbox 206 1005 1724 1078; baseline -0.003 -19"><span class='ocrx_word' id='word_1_98' title='bbox 206 1008 256 1060; x_wconf 88' lang='lat'>3.</span> <span class='ocrx_word' id='word_1_99' title='bbox 286 1006 436 1073; x_wconf 75' lang='lat' dir='ltr'>Quid</span> <span class='ocrx_word' id='word_1_100' title='bbox 458 1006 614 1074; x_wconf 88' lang='lat' dir='ltr'>illud,</span> <span class='ocrx_word' id='word_1_101' title='bbox 642 1007 790 1078; x_wconf 89' lang='lat' dir='ltr'>quod</span> <span class='ocrx_word' id='word_1_102' title='bbox 807 1007 872 1060; x_wconf 92' lang='lat' dir='ltr'>L.</span> <span class='ocrx_word' id='word_1_103' title='bbox 894 1005 1065 1060; x_wconf 88' lang='lat' dir='ltr'>Paulo</span> <span class='ocrx_word' id='word_1_104' title='bbox 1093 1007 1305 1060; x_wconf 90' lang='lat' dir='ltr'>consuli</span> <span class='ocrx_word' id='word_1_105' title='bbox 1329 1006 1529 1072; x_wconf 86' lang='lat' dir='ltr'>euenit,</span> <span class='ocrx_word' id='word_1_106' title='bbox 1558 1023 1724 1076; x_wconf 87' lang='lat' dir='ltr'>quam</span> 
     </span>
     <span class='ocr_line' id='line_1_14' title="bbox 100 1075 1723 1132; baseline -0.003 0"><span class='ocrx_word' id='word_1_107' title='bbox 100 1077 477 1132; x_wconf 83' lang='lat' dir='ltr'>memorabile!</span> <span class='ocrx_word' id='word_1_108' title='bbox 527 1096 650 1130; x_wconf 89' lang='lat' dir='ltr'>cum</span> <span class='ocrx_word' id='word_1_109' title='bbox 684 1078 735 1131; x_wconf 93' lang='lat' dir='ltr'>ei</span> <span class='ocrx_word' id='word_1_110' title='bbox 770 1086 918 1130; x_wconf 88' lang='lat' dir='ltr'>sorte</span> <span class='ocrx_word' id='word_1_111' title='bbox 952 1078 1226 1130; x_wconf 89' lang='lat' dir='ltr'>euenisset</span> <span class='ocrx_word' id='word_1_112' title='bbox 1260 1086 1323 1130; x_wconf 89' lang='lat' dir='ltr'>ut</span> <span class='ocrx_word' id='word_1_113' title='bbox 1356 1075 1564 1131; x_wconf 89' lang='lat' dir='ltr'>bellum</span> <span class='ocrx_word' id='word_1_114' title='bbox 1599 1094 1723 1128; x_wconf 89' lang='lat' dir='ltr'>cum</span> 
     </span>
     <span class='ocr_line' id='line_1_15' title="bbox 100 1145 1722 1220; baseline -0.002 -18"><span class='ocrx_word' id='word_1_115' title='bbox 100 1168 228 1220; x_wconf 84' lang='lat' dir='ltr'>rege</span> <span class='ocrx_word' id='word_1_116' title='bbox 253 1149 422 1202; x_wconf 91' lang='lat' dir='ltr'>Perse</span> <span class='ocrx_word' id='word_1_117' title='bbox 448 1156 679 1217; x_wconf 84' lang='lat' dir='ltr'>gereret,</span> <span class='ocrx_word' id='word_1_118' title='bbox 708 1157 762 1201; x_wconf 92' lang='lat' dir='ltr'>et</span> <span class='ocrx_word' id='word_1_119' title='bbox 789 1148 1013 1202; x_wconf 91' lang='lat' dir='ltr'>domum</span> <span class='ocrx_word' id='word_1_120' title='bbox 1040 1167 1068 1200; x_wconf 94' lang='lat' dir='ltr'>e</span> <span class='ocrx_word' id='word_1_121' title='bbox 1096 1149 1249 1200; x_wconf 89' lang='lat' dir='ltr'>curia</span> <span class='ocrx_word' id='word_1_122' title='bbox 1273 1166 1557 1218; x_wconf 84' lang='lat' dir='ltr'>regressus</span> <span class='ocrx_word' id='word_1_123' title='bbox 1585 1145 1722 1199; x_wconf 87' lang='lat' dir='ltr'>filio-</span> 
     </span>
     <span class='ocr_line' id='line_1_16' title="bbox 98 1217 1791 1290; baseline -0.002 -18"><span class='ocrx_word' id='word_1_124' title='bbox 98 1221 208 1273; x_wconf 90' lang='lat' dir='ltr'>lam</span> <span class='ocrx_word' id='word_1_125' title='bbox 234 1238 390 1272; x_wconf 91' lang='lat' dir='ltr'>suam</span> <span class='ocrx_word' id='word_1_126' title='bbox 413 1219 631 1272; x_wconf 89' lang='lat' dir='ltr'>nomine</span> <span class='ocrx_word' id='word_1_127' title='bbox 658 1219 932 1286; x_wconf 89' lang='lat' dir='ltr'>Tertiam,</span> <span class='ocrx_word' id='word_1_128' title='bbox 972 1238 1111 1290; x_wconf 89' lang='lat' dir='ltr'>quae</span> <span class='ocrx_word' id='word_1_129' title='bbox 1137 1227 1253 1271; x_wconf 90' lang='lat' dir='ltr'>tum</span> <span class='ocrx_word' id='word_1_130' title='bbox 1280 1228 1399 1272; x_wconf 87' lang='lat' dir='ltr'>erat</span> <span class='ocrx_word' id='word_1_131' title='bbox 1425 1217 1722 1270; x_wconf 89' lang='lat' dir='ltr'>admodum</span> <span class='ocrx_word' id='word_1_132' title='bbox 1746 1228 1791 1262; x_wconf 83' lang='lat'>15</span> 
     </span>
     <span class='ocr_line' id='line_1_17' title="bbox 98 1289 1723 1362; baseline -0.001 -19"><span class='ocrx_word' id='word_1_133' title='bbox 98 1290 356 1362; x_wconf 87' lang='lat' dir='ltr'>paruula,</span> <span class='ocrx_word' id='word_1_134' title='bbox 394 1290 670 1344; x_wconf 89' lang='lat' dir='ltr'>osculatus</span> <span class='ocrx_word' id='word_1_135' title='bbox 706 1290 922 1344; x_wconf 87' lang='lat' dir='ltr'>tristem</span> <span class='ocrx_word' id='word_1_136' title='bbox 958 1290 1446 1355; x_wconf 88' lang='lat' dir='ltr'>animaduerteret,</span> <span class='ocrx_word' id='word_1_137' title='bbox 1490 1289 1723 1342; x_wconf 84' lang='lat' dir='ltr'>interro-</span> 
     </span>
     <span class='ocr_line' id='line_1_18' title="bbox 99 1360 1724 1432; baseline -0.003 -17"><span class='ocrx_word' id='word_1_138' title='bbox 99 1363 252 1432; x_wconf 84' lang='lat' dir='ltr'>gauit</span> <span class='ocrx_word' id='word_1_139' title='bbox 279 1361 412 1432; x_wconf 90' lang='lat' dir='ltr'>quid</span> <span class='ocrx_word' id='word_1_140' title='bbox 437 1361 515 1414; x_wconf 87' lang='lat' dir='ltr'>ita</span> <span class='ocrx_word' id='word_1_141' title='bbox 540 1381 603 1415; x_wconf 92' lang='lat' dir='ltr'>eo</span> <span class='ocrx_word' id='word_1_142' title='bbox 631 1360 790 1414; x_wconf 88' lang='lat' dir='ltr'>uultu</span> <span class='ocrx_word' id='word_1_143' title='bbox 816 1370 980 1414; x_wconf 88' lang='lat' dir='ltr'>esset.</span> <span class='ocrx_word' id='word_1_144' title='bbox 1030 1380 1170 1431; x_wconf 89' lang='lat' dir='ltr'>quae</span> <span class='ocrx_word' id='word_1_145' title='bbox 1196 1361 1481 1432; x_wconf 88' lang='lat' dir='ltr'>respondit</span> <span class='ocrx_word' id='word_1_146' title='bbox 1497 1360 1724 1412; x_wconf 88' lang='lat' dir='ltr'>Persam</span> 
     </span>
     <span class='ocr_line' id='line_1_19' title="bbox 98 1429 1723 1504; baseline -0.004 -18"><span class='ocrx_word' id='word_1_147' title='bbox 98 1434 326 1504; x_wconf 90' lang='lat' dir='ltr'>perisse.</span> <span class='ocrx_word' id='word_1_148' title='bbox 398 1432 709 1486; x_wconf 89' lang='lat' dir='ltr'>decesserat</span> <span class='ocrx_word' id='word_1_149' title='bbox 747 1440 928 1485; x_wconf 89' lang='lat' dir='ltr'>autem</span> <span class='ocrx_word' id='word_1_150' title='bbox 963 1431 1219 1498; x_wconf 77' lang='lat' dir='ltr'>cateHUS,</span> <span class='ocrx_word' id='word_1_151' title='bbox 1265 1450 1428 1503; x_wconf 89' lang='lat' dir='ltr'>quem</span> <span class='ocrx_word' id='word_1_152' title='bbox 1453 1429 1639 1501; x_wconf 88' lang='lat' dir='ltr'>puella</span> <span class='ocrx_word' id='word_1_153' title='bbox 1665 1430 1723 1481; x_wconf 89' lang='lat' dir='ltr'>in</span> 
     </span>
     <span class='ocr_line' id='line_1_20' title="bbox 101 1502 1723 1574; baseline -0.001 -19"><span class='ocrx_word' id='word_1_154' title='bbox 101 1503 309 1556; x_wconf 90' lang='lat' dir='ltr'>deliciis</span> <span class='ocrx_word' id='word_1_155' title='bbox 331 1503 612 1570; x_wconf 88' lang='lat' dir='ltr'>habuerat,</span> <span class='ocrx_word' id='word_1_156' title='bbox 640 1505 859 1557; x_wconf 91' lang='lat' dir='ltr'>nomine</span> <span class='ocrx_word' id='word_1_157' title='bbox 880 1504 1067 1556; x_wconf 90' lang='lat' dir='ltr'>Persa.</span> <span class='ocrx_word' id='word_1_158' title='bbox 1110 1503 1343 1574; x_wconf 85' lang='lat' dir='ltr'>arripuit</span> <span class='ocrx_word' id='word_1_159' title='bbox 1368 1502 1537 1572; x_wconf 84' lang='lat' dir='ltr'>igitur</span> <span class='ocrx_word' id='word_1_160' title='bbox 1564 1519 1723 1554; x_wconf 89' lang='lat' dir='ltr'>omen</span> 
     </span>
     <span class='ocr_line' id='line_1_21' title="bbox 98 1571 1791 1645; baseline -0.001 -19"><span class='ocrx_word' id='word_1_161' title='bbox 98 1575 304 1627; x_wconf 88' lang='lat' dir='ltr'>Paulus</span> <span class='ocrx_word' id='word_1_162' title='bbox 341 1593 516 1645; x_wconf 84' lang='lat' dir='ltr'>exque</span> <span class='ocrx_word' id='word_1_163' title='bbox 551 1574 778 1629; x_wconf 84' lang='lat' dir='ltr'>fortuito</span> <span class='ocrx_word' id='word_1_164' title='bbox 818 1573 963 1628; x_wconf 84' lang='lat' dir='ltr'>dicto</span> <span class='ocrx_word' id='word_1_165' title='bbox 992 1574 1152 1645; x_wconf 88' lang='lat' dir='ltr'>quasi</span> <span class='ocrx_word' id='word_1_166' title='bbox 1189 1581 1393 1626; x_wconf 90' lang='lat' dir='ltr'>certam</span> <span class='ocrx_word' id='word_1_167' title='bbox 1429 1592 1584 1643; x_wconf 88' lang='lat' dir='ltr'>spem</span> <span class='ocrx_word' id='word_1_168' title='bbox 1617 1571 1722 1625; x_wconf 85' lang='lat' dir='ltr'>cla·</span> <span class='ocrx_word' id='word_1_169' title='bbox 1747 1585 1791 1615; x_wconf 78' lang='lat'>20</span> 
     </span>
     <span class='ocr_line' id='line_1_22' title="bbox 100 1644 1215 1715; baseline 0.001 -19"><span class='ocrx_word' id='word_1_170' title='bbox 100 1645 307 1698; x_wconf 90' lang='lat' dir='ltr'>rissimi</span> <span class='ocrx_word' id='word_1_171' title='bbox 331 1645 594 1715; x_wconf 88' lang='lat' dir='ltr'>triumphi</span> <span class='ocrx_word' id='word_1_172' title='bbox 619 1646 802 1698; x_wconf 90' lang='lat' dir='ltr'>animo</span> <span class='ocrx_word' id='word_1_173' title='bbox 867 1644 1215 1715; x_wconf 86' lang='lat' dir='ltr'>raesumpsit.</span> 
     </span>
    </p>

    <p class='ocr_par' dir='ltr' id='par_1_5' title="bbox 101 1713 1790 1998">
     <span class='ocr_line' id='line_1_23' title="bbox 205 1713 1724 1782; baseline -0.001 -15"><span class='ocrx_word' id='word_1_174' title='bbox 205 1717 256 1768; x_wconf 91' lang='lat'>4.</span> <span class='ocrx_word' id='word_1_175' title='bbox 298 1716 375 1767; x_wconf 91' lang='lat' dir='ltr'>At</span> <span class='ocrx_word' id='word_1_176' title='bbox 401 1715 642 1768; x_wconf 84' lang='lat' dir='ltr'>Caecilia</span> <span class='ocrx_word' id='word_1_177' title='bbox 664 1716 832 1768; x_wconf 86' lang='lat' dir='ltr'>Metel</span> <span class='ocrx_word' id='word_1_178' title='bbox 855 1717 890 1782; x_wconf 91' lang='lat' dir='ltr'>i,</span> <span class='ocrx_word' id='word_1_179' title='bbox 919 1716 1050 1768; x_wconf 90' lang='lat' dir='ltr'>dum</span> <span class='ocrx_word' id='word_1_180' title='bbox 1077 1716 1279 1769; x_wconf 88' lang='lat' dir='ltr'>sororis</span> <span class='ocrx_word' id='word_1_181' title='bbox 1307 1715 1472 1781; x_wconf 91' lang='lat' dir='ltr'>filiae,</span> <span class='ocrx_word' id='word_1_182' title='bbox 1502 1713 1724 1766; x_wconf 90' lang='lat' dir='ltr'>adultae</span> 
     </span>
     <span class='ocr_line' id='line_1_24' title="bbox 102 1782 1726 1856; baseline -0.002 -18"><span class='ocrx_word' id='word_1_183' title='bbox 102 1786 294 1838; x_wconf 87' lang='lat' dir='ltr'>aetatis</span> <span class='ocrx_word' id='word_1_184' title='bbox 331 1785 559 1854; x_wconf 85' lang='lat' dir='ltr'>uirgini,</span> <span class='ocrx_word' id='word_1_185' title='bbox 595 1805 747 1839; x_wconf 91' lang='lat' dir='ltr'>more</span> <span class='ocrx_word' id='word_1_186' title='bbox 771 1787 952 1856; x_wconf 88' lang='lat' dir='ltr'>prisco</span> <span class='ocrx_word' id='word_1_187' title='bbox 978 1795 1138 1838; x_wconf 91' lang='lat' dir='ltr'>nocte</span> <span class='ocrx_word' id='word_1_188' title='bbox 1177 1786 1442 1838; x_wconf 88' lang='lat' dir='ltr'>concubia</span> <span class='ocrx_word' id='word_1_189' title='bbox 1476 1782 1726 1855; x_wconf 89' lang='lat' dir='ltr'>nuptiale</span> 
     </span>
     <span class='ocr_line' id='line_1_25' title="bbox 101 1853 1724 1926; baseline -0.003 -17"><span class='ocrx_word' id='word_1_190' title='bbox 101 1856 239 1926; x_wconf 90' lang='lat' dir='ltr'>petit</span> <span class='ocrx_word' id='word_1_191' title='bbox 276 1875 461 1923; x_wconf 91' lang='lat' dir='ltr'>omen,</span> <span class='ocrx_word' id='word_1_192' title='bbox 496 1856 620 1926; x_wconf 89' lang='lat' dir='ltr'>ipsa</span> <span class='ocrx_word' id='word_1_193' title='bbox 654 1856 804 1909; x_wconf 84' lang='lat' dir='ltr'>fecit.</span> <span class='ocrx_word' id='word_1_194' title='bbox 863 1875 991 1908; x_wconf 90' lang='lat' dir='ltr'>nam</span> <span class='ocrx_word' id='word_1_195' title='bbox 1017 1875 1141 1908; x_wconf 91' lang='lat' dir='ltr'>cum</span> <span class='ocrx_word' id='word_1_196' title='bbox 1166 1857 1224 1907; x_wconf 91' lang='lat' dir='ltr'>in</span> <span class='ocrx_word' id='word_1_197' title='bbox 1258 1855 1455 1908; x_wconf 90' lang='lat' dir='ltr'>sacello</span> <span class='ocrx_word' id='word_1_198' title='bbox 1483 1853 1724 1925; x_wconf 90' lang='lat' dir='ltr'>quodam</span> 
     </span>
     <span class='ocr_line' id='line_1_26' title="bbox 103 1923 1790 1998; baseline -0.001 -20"><span class='ocrx_word' id='word_1_199' title='bbox 103 1927 219 1979; x_wconf 88' lang='lat' dir='ltr'>eius</span> <span class='ocrx_word' id='word_1_200' title='bbox 255 1927 335 1978; x_wconf 93' lang='lat' dir='ltr'>rei</span> <span class='ocrx_word' id='word_1_201' title='bbox 370 1927 552 1995; x_wconf 86' lang='lat' dir='ltr'>gratia</span> <span class='ocrx_word' id='word_1_202' title='bbox 587 1926 926 1997; x_wconf 89' lang='lat' dir='ltr'>aliquamdiu</span> <span class='ocrx_word' id='word_1_203' title='bbox 959 1927 1294 1998; x_wconf 88' lang='lat' dir='ltr'>persedisset</span> <span class='ocrx_word' id='word_1_204' title='bbox 1329 1945 1429 1979; x_wconf 90' lang='lat' dir='ltr'>nec</span> <span class='ocrx_word' id='word_1_205' title='bbox 1479 1923 1719 1996; x_wconf 89' lang='lat' dir='ltr'>[aliqua]</span> <span class='ocrx_word' id='word_1_206' title='bbox 1748 1936 1790 1968; x_wconf 81' lang='lat'>25</span> 
     </span>
    </p>
   </div>
   <div class='ocr_carea' id='block_1_3' title="bbox 99 2072 1839 2627">
    <p class='ocr_par' dir='ltr' id='par_1_6' title="bbox 99 2072 1839 2479">
     <span class='ocr_line' id='line_1_27' title="bbox 101 2072 1839 2135; baseline 0.001 -16"><span class='ocrx_word' id='word_1_207' title='bbox 101 2073 254 2119; x_wconf 88' lang='lat' dir='ltr'>subito</span> <span class='ocrx_word' id='word_1_208' title='bbox 281 2074 478 2134; x_wconf 84' lang='lat' dir='ltr'>procidit</span> <span class='ocrx_word' id='word_1_209' title='bbox 503 2074 648 2135; x_wconf 82' lang='lat' dir='ltr'>lapsu.</span> <span class='ocrx_word' id='word_1_210' title='bbox 711 2077 750 2119; x_wconf 83' lang='lat'>3.</span> <span class='ocrx_word' id='word_1_211' title='bbox 786 2074 834 2120; x_wconf 94' lang='lat' dir='ltr'>L.</span> <span class='ocrx_word' id='word_1_212' title='bbox 862 2074 1031 2120; x_wconf 79' lang='lat' dir='ltr'>Paulus</span> <span class='ocrx_word' id='word_1_213' title='bbox 1059 2075 1245 2125; x_wconf 89' lang='lat' dir='ltr'>consul,</span> <span class='ocrx_word' id='word_1_214' title='bbox 1284 2089 1386 2120; x_wconf 87' lang='lat' dir='ltr'>cum</span> <span class='ocrx_word' id='word_1_215' title='bbox 1422 2074 1460 2119; x_wconf 90' lang='lat' dir='ltr'>ei</span> <span class='ocrx_word' id='word_1_216' title='bbox 1490 2080 1615 2119; x_wconf 84' lang='lat' dir='ltr'>sorte</span> <span class='ocrx_word' id='word_1_217' title='bbox 1644 2072 1723 2118; x_wconf 87' lang='lat' dir='ltr'>ob·</span> <span class='ocrx_word' id='word_1_218' title='bbox 1747 2087 1839 2121; x_wconf 83' lang='lat' dir='ltr'>Par.</span> 
     </span>
     <span class='ocr_line' id='line_1_28' title="bbox 101 2143 1831 2205; baseline 0 -16"><span class='ocrx_word' id='word_1_219' title='bbox 101 2145 308 2189; x_wconf 87' lang='lat' dir='ltr'>uenisset</span> <span class='ocrx_word' id='word_1_220' title='bbox 333 2151 385 2189; x_wconf 91' lang='lat' dir='ltr'>ut</span> <span class='ocrx_word' id='word_1_221' title='bbox 410 2143 581 2190; x_wconf 81' lang='lat' dir='ltr'>bellum</span> <span class='ocrx_word' id='word_1_222' title='bbox 608 2159 708 2190; x_wconf 88' lang='lat' dir='ltr'>cum</span> <span class='ocrx_word' id='word_1_223' title='bbox 736 2159 846 2204; x_wconf 82' lang='lat' dir='ltr'>rege</span> <span class='ocrx_word' id='word_1_224' title='bbox 872 2145 1009 2190; x_wconf 84' lang='lat' dir='ltr'>Perse</span> <span class='ocrx_word' id='word_1_225' title='bbox 1034 2152 1230 2205; x_wconf 80' lang='lat' dir='ltr'>gereret,</span> <span class='ocrx_word' id='word_1_226' title='bbox 1258 2145 1440 2191; x_wconf 87' lang='lat' dir='ltr'>domum</span> <span class='ocrx_word' id='word_1_227' title='bbox 1467 2157 1724 2203; x_wconf 80' lang='lat' dir='ltr'>regressus,</span> <span class='ocrx_word' id='word_1_228' title='bbox 1828 2155 1831 2157; x_wconf 64' lang='grc'><strong>“</strong></span> 
     </span>
     <span class='ocr_line' id='line_1_29' title="bbox 99 2213 1726 2262; baseline 0.001 -4"><span class='ocrx_word' id='word_1_229' title='bbox 99 2213 238 2260; x_wconf 87' lang='lat' dir='ltr'>filiam</span> <span class='ocrx_word' id='word_1_230' title='bbox 273 2216 456 2260; x_wconf 86' lang='lat' dir='ltr'>nomine</span> <span class='ocrx_word' id='word_1_231' title='bbox 493 2215 690 2260; x_wconf 78' lang='lat' dir='ltr'>Tertiam</span> <span class='ocrx_word' id='word_1_232' title='bbox 726 2216 936 2262; x_wconf 82' lang='lat' dir='ltr'>osculans</span> <span class='ocrx_word' id='word_1_233' title='bbox 970 2216 1151 2262; x_wconf 86' lang='lat' dir='ltr'>tristem</span> <span class='ocrx_word' id='word_1_234' title='bbox 1189 2216 1523 2261; x_wconf 85' lang='lat' dir='ltr'>animaduertit.</span> <span class='ocrx_word' id='word_1_235' title='bbox 1584 2216 1726 2260; x_wconf 88' lang='lat' dir='ltr'>inter-</span> 
     </span>
     <span class='ocr_line' id='line_1_30' title="bbox 102 2285 1726 2347; baseline 0.001 -18"><span class='ocrx_word' id='word_1_236' title='bbox 102 2286 288 2346; x_wconf 84' lang='lat' dir='ltr'>rogauit</span> <span class='ocrx_word' id='word_1_237' title='bbox 323 2285 434 2345; x_wconf 91' lang='lat' dir='ltr'>quid</span> <span class='ocrx_word' id='word_1_238' title='bbox 458 2287 522 2331; x_wconf 86' lang='lat' dir='ltr'>ita</span> <span class='ocrx_word' id='word_1_239' title='bbox 548 2299 601 2332; x_wconf 89' lang='lat' dir='ltr'>eo</span> <span class='ocrx_word' id='word_1_240' title='bbox 629 2286 764 2332; x_wconf 89' lang='lat' dir='ltr'>uultu</span> <span class='ocrx_word' id='word_1_241' title='bbox 791 2294 927 2332; x_wconf 87' lang='lat' dir='ltr'>esset.</span> <span class='ocrx_word' id='word_1_242' title='bbox 991 2301 1104 2347; x_wconf 78' lang='lat' dir='ltr'>quae</span> <span class='ocrx_word' id='word_1_243' title='bbox 1140 2286 1378 2347; x_wconf 86' lang='lat' dir='ltr'>respondit</span> <span class='ocrx_word' id='word_1_244' title='bbox 1403 2286 1587 2331; x_wconf 85' lang='lat' dir='ltr'>Persam</span> <span class='ocrx_word' id='word_1_245' title='bbox 1622 2299 1726 2346; x_wconf 89' lang='lat' dir='ltr'>per·</span> 
     </span>
     <span class='ocr_line' id='line_1_31' title="bbox 102 2355 1792 2418; baseline 0.002 -18"><span class='ocrx_word' id='word_1_246' title='bbox 102 2355 217 2400; x_wconf 88' lang='lat' dir='ltr'>isse:</span> <span class='ocrx_word' id='word_1_247' title='bbox 257 2355 516 2401; x_wconf 80' lang='lat' dir='ltr'>decesserat</span> <span class='ocrx_word' id='word_1_248' title='bbox 551 2363 701 2402; x_wconf 78' lang='lat' dir='ltr'>autem</span> <span class='ocrx_word' id='word_1_249' title='bbox 738 2356 930 2404; x_wconf 82' lang='lat' dir='ltr'>catellus</span> <span class='ocrx_word' id='word_1_250' title='bbox 956 2358 1044 2403; x_wconf 90' lang='lat' dir='ltr'>hoc</span> <span class='ocrx_word' id='word_1_251' title='bbox 1070 2359 1277 2408; x_wconf 86' lang='lat' dir='ltr'>nomine,</span> <span class='ocrx_word' id='word_1_252' title='bbox 1319 2371 1452 2418; x_wconf 89' lang='lat' dir='ltr'>quem</span> <span class='ocrx_word' id='word_1_253' title='bbox 1491 2355 1645 2417; x_wconf 87' lang='lat' dir='ltr'>puella</span> <span class='ocrx_word' id='word_1_254' title='bbox 1680 2356 1725 2400; x_wconf 91' lang='lat' dir='ltr'>in</span> <span class='ocrx_word' id='word_1_255' title='bbox 1750 2373 1792 2404; x_wconf 82' lang='lat'>30</span> 
     </span>
     <span class='ocr_line' id='line_1_32' title="bbox 104 2424 1727 2479; baseline 0.001 -10"><span class='ocrx_word' id='word_1_256' title='bbox 104 2424 278 2471; x_wconf 87' lang='lat' dir='ltr'>deliciis</span> <span class='ocrx_word' id='word_1_257' title='bbox 304 2426 538 2472; x_wconf 82' lang='lat' dir='ltr'>habuerat.</span> <span class='ocrx_word' id='word_1_258' title='bbox 595 2432 638 2471; x_wconf 84' lang='lat'>4.</span> <span class='ocrx_word' id='word_1_259' title='bbox 675 2428 863 2474; x_wconf 77' lang='lat' dir='ltr'>Caecilia</span> <span class='ocrx_word' id='word_1_260' title='bbox 890 2428 1084 2479; x_wconf 85' lang='lat' dir='ltr'>Metelli,</span> <span class='ocrx_word' id='word_1_261' title='bbox 1120 2429 1226 2474; x_wconf 90' lang='lat' dir='ltr'>dum</span> <span class='ocrx_word' id='word_1_262' title='bbox 1255 2429 1429 2474; x_wconf 86' lang='lat' dir='ltr'>sororis</span> <span class='ocrx_word' id='word_1_263' title='bbox 1455 2427 1574 2472; x_wconf 82' lang='lat' dir='ltr'>filiae</span> <span class='ocrx_word' id='word_1_264' title='bbox 1601 2426 1727 2472; x_wconf 83' lang='lat' dir='ltr'>adul-</span> 
     </span>
    </p>

    <p class='ocr_par' dir='ltr' id='par_1_7' title="bbox 103 2496 1729 2627">
     <span class='ocr_line' id='line_1_33' title="bbox 107 2496 1727 2559; baseline 0.001 -20"><span class='ocrx_word' id='word_1_265' title='bbox 107 2500 176 2540; x_wconf 75' lang='lat' dir='ltr'>tae</span> <span class='ocrx_word' id='word_1_266' title='bbox 213 2497 373 2540; x_wconf 85' lang='lat' dir='ltr'>aetatis</span> <span class='ocrx_word' id='word_1_267' title='bbox 418 2497 622 2556; x_wconf 73' lang='lat' dir='ltr'>nuptiale</span> <span class='ocrx_word' id='word_1_268' title='bbox 659 2500 775 2558; x_wconf 87' lang='lat' dir='ltr'>petit</span> <span class='ocrx_word' id='word_1_269' title='bbox 811 2513 970 2549; x_wconf 88' lang='lat' dir='ltr'>omen,</span> <span class='ocrx_word' id='word_1_270' title='bbox 1018 2500 1118 2559; x_wconf 89' lang='lat' dir='ltr'>ipsa</span> <span class='ocrx_word' id='word_1_271' title='bbox 1158 2499 1292 2549; x_wconf 87' lang='lat' dir='ltr'>fecit,</span> <span class='ocrx_word' id='word_1_272' title='bbox 1342 2511 1536 2558; x_wconf 84' lang='lat' dir='ltr'>namque</span> <span class='ocrx_word' id='word_1_273' title='bbox 1573 2496 1727 2557; x_wconf 81' lang='lat' dir='ltr'>puella</span> 
     </span>
     <span class='ocr_line' id='line_1_34' title="bbox 103 2565 1729 2627; baseline 0.001 -18"><span class='ocrx_word' id='word_1_274' title='bbox 103 2577 231 2610; x_wconf 85' lang='lat' dir='ltr'>mora</span> <span class='ocrx_word' id='word_1_275' title='bbox 270 2565 417 2611; x_wconf 79' lang='lat' dir='ltr'>standi</span> <span class='ocrx_word' id='word_1_276' title='bbox 466 2566 587 2612; x_wconf 85' lang='lat' dir='ltr'>fessa</span> <span class='ocrx_word' id='word_1_277' title='bbox 623 2570 806 2627; x_wconf 82' lang='lat' dir='ltr'>rogauit</span> <span class='ocrx_word' id='word_1_278' title='bbox 843 2577 1132 2615; x_wconf 80' lang='lat' dir='ltr'>materteram</span> <span class='ocrx_word' id='word_1_279' title='bbox 1178 2577 1230 2614; x_wconf 89' lang='lat' dir='ltr'>ut</span> <span class='ocrx_word' id='word_1_280' title='bbox 1268 2568 1353 2614; x_wconf 86' lang='lat' dir='ltr'>sibi</span> <span class='ocrx_word' id='word_1_281' title='bbox 1388 2568 1491 2613; x_wconf 84' lang='lat' dir='ltr'>loeo</span> <span class='ocrx_word' id='word_1_282' title='bbox 1530 2567 1729 2613; x_wconf 86' lang='lat' dir='ltr'>eederet.</span> 
     </span>
    </p>
   </div>
   <div class='ocr_carea' id='block_1_4' title="bbox 104 2702 1729 2984">
    <p class='ocr_par' dir='ltr' id='par_1_8' title="bbox 104 2702 1729 2984">
     <span class='ocr_line' id='line_1_35' title="bbox 219 2702 1725 2756; baseline 0.003 -15"><span class='ocrx_word' id='word_1_283' title='bbox 219 2703 244 2741; x_wconf 87' lang='lat'>6</span> <span class='ocrx_word' id='word_1_284' title='bbox 274 2702 477 2754; x_wconf 85' lang='lat' dir='ltr'>procidit</span> <span class='ocrx_word' id='word_1_285' title='bbox 496 2704 555 2752; x_wconf 90' lang='lat' dir='ltr'>P,</span> <span class='ocrx_word' id='word_1_286' title='bbox 594 2705 674 2744; x_wconf 80' lang='lat' dir='ltr'>sed</span> <span class='ocrx_word' id='word_1_287' title='bbox 695 2706 839 2755; x_wconf 79' lang='lat' dir='ltr'>firmat</span> <span class='ocrx_word' id='word_1_288' title='bbox 868 2705 1042 2745; x_wconf 84' lang='lat' dir='ltr'>decidit</span> <span class='ocrx_word' id='word_1_289' title='bbox 1072 2706 1230 2756; x_wconf 73' lang='lat' dir='ltr'>Nepet.</span> <span class='ocrx_word' id='word_1_290' title='bbox 1294 2708 1346 2747; x_wconf 90' lang='lat'>13</span> <span class='ocrx_word' id='word_1_291' title='bbox 1376 2705 1646 2746; x_wconf 87' lang='lat' dir='ltr'>obuenisset</span> <span class='ocrx_word' id='word_1_292' title='bbox 1674 2707 1725 2753; x_wconf 85' lang='lat' dir='ltr'>P,</span> 
     </span>
     <span class='ocr_line' id='line_1_36' title="bbox 105 2760 1727 2815; baseline 0.002 -18"><span class='ocrx_word' id='word_1_293' title='bbox 105 2760 218 2810; x_wconf 79' lang='lat' dir='ltr'>quod</span> <span class='ocrx_word' id='word_1_294' title='bbox 242 2760 577 2810; x_wconf 79' lang='lat' dir='ltr'>praeferendum</span> <span class='ocrx_word' id='word_1_295' title='bbox 604 2762 774 2801; x_wconf 81' lang='lat' dir='ltr'>uidetur</span> <span class='ocrx_word' id='word_1_296' title='bbox 805 2760 882 2812; x_wconf 78' lang='lat' dir='ltr'>(cf.</span> <span class='ocrx_word' id='word_1_297' title='bbox 916 2764 952 2808; x_wconf 87' lang='grc'>6,</span> <span class='ocrx_word' id='word_1_298' title='bbox 979 2765 1019 2809; x_wconf 85' lang='grc'>3,</span> <span class='ocrx_word' id='word_1_299' title='bbox 1042 2764 1084 2802; x_wconf 84' lang='grc'>3.</span> <span class='ocrx_word' id='word_1_300' title='bbox 1118 2765 1156 2809; x_wconf 88' lang='grc'>6,</span> <span class='ocrx_word' id='word_1_301' title='bbox 1178 2764 1216 2809; x_wconf 88' lang='grc'>9,</span> <span class='ocrx_word' id='word_1_302' title='bbox 1242 2760 1308 2815; x_wconf 86' lang='lat'>6),</span> <span class='ocrx_word' id='word_1_303' title='bbox 1349 2763 1606 2813; x_wconf 78' lang='lat' dir='ltr'>praesertim</span> <span class='ocrx_word' id='word_1_304' title='bbox 1636 2775 1727 2801; x_wconf 80' lang='lat' dir='ltr'>cum</span> 
     </span>
     <span class='ocr_line' id='line_1_37' title="bbox 107 2814 1726 2871; baseline 0.003 -18"><span class='ocrx_word' id='word_1_305' title='bbox 107 2814 263 2854; x_wconf 74' lang='lat' dir='ltr'>euenit</span> <span class='ocrx_word' id='word_1_306' title='bbox 283 2817 522 2863; x_wconf 80' lang='lat' dir='ltr'>antecedat,</span> <span class='ocrx_word' id='word_1_307' title='bbox 543 2818 623 2857; x_wconf 77' lang='lat' dir='ltr'>sed</span> <span class='ocrx_word' id='word_1_308' title='bbox 638 2817 794 2870; x_wconf 80' lang='lat' dir='ltr'>Nepot.</span> <span class='ocrx_word' id='word_1_309' title='bbox 815 2831 978 2870; x_wconf 81' lang='lat' dir='ltr'>quoque</span> <span class='ocrx_word' id='word_1_310' title='bbox 1000 2821 1124 2858; x_wconf 87' lang='lat' dir='ltr'>sorte</span> <span class='ocrx_word' id='word_1_311' title='bbox 1147 2819 1306 2858; x_wconf 84' lang='lat' dir='ltr'>euenit</span> <span class='ocrx_word' id='word_1_312' title='bbox 1326 2819 1453 2859; x_wconf 71' lang='lat' dir='ltr'>habet</span> <span class='ocrx_word' id='word_1_313' title='bbox 1513 2819 1566 2859; x_wconf 88' lang='grc'>14</span> <span class='ocrx_word' id='word_1_314' title='bbox 1586 2831 1726 2871; x_wconf 89' lang='lat' dir='ltr'>persa</span> 
     </span>
     <span class='ocr_line' id='line_1_38' title="bbox 104 2867 1729 2924; baseline 0.002 -15"><span class='ocrx_word' id='word_1_315' title='bbox 104 2867 146 2908; x_wconf 92' lang='lat' dir='ltr'><em>B</em></span> <span class='ocrx_word' id='word_1_316' title='bbox 205 2872 259 2911; x_wconf 82' lang='lat'>23</span> <span class='ocrx_word' id='word_1_317' title='bbox 279 2872 512 2924; x_wconf 80' lang='lat' dir='ltr'>nuptialia</span> <span class='ocrx_word' id='word_1_318' title='bbox 535 2873 599 2919; x_wconf 87' lang='lat' dir='ltr'>B,</span> <span class='ocrx_word' id='word_1_319' title='bbox 631 2887 706 2914; x_wconf 83' lang='lat' dir='ltr'>em.</span> <span class='ocrx_word' id='word_1_320' title='bbox 731 2887 752 2913; x_wconf 87' lang='lat' dir='ltr'>e</span> <span class='ocrx_word' id='word_1_321' title='bbox 774 2874 837 2920; x_wconf 90' lang='lat' dir='ltr'>P,·</span> <span class='ocrx_word' id='word_1_322' title='bbox 868 2876 972 2914; x_wconf 83' lang='lat' dir='ltr'>illud</span> <span class='ocrx_word' id='word_1_323' title='bbox 991 2881 1132 2915; x_wconf 79' lang='lat' dir='ltr'>tuetur</span> <span class='ocrx_word' id='word_1_324' title='bbox 1151 2875 1358 2915; x_wconf 74' lang='lat' dir='ltr'>Foertsch</span> <span class='ocrx_word' id='word_1_325' title='bbox 1381 2875 1451 2921; x_wconf 79' lang='grc' dir='ltr'>ΙΙ,</span> <span class='ocrx_word' id='word_1_326' title='bbox 1477 2878 1502 2915; x_wconf 84' lang='grc'><em>4</em></span> <span class='ocrx_word' id='word_1_327' title='bbox 1562 2876 1616 2915; x_wconf 79' lang='lat'>25</span> <span class='ocrx_word' id='word_1_328' title='bbox 1640 2875 1729 2914; x_wconf 86' lang='lat' dir='ltr'>ali-</span> 
     </span>
     <span class='ocr_line' id='line_1_39' title="bbox 106 2927 1478 2984; baseline 0.004 -19"><span class='ocrx_word' id='word_1_329' title='bbox 106 2935 197 2975; x_wconf 88' lang='lat' dir='ltr'>qua</span> <span class='ocrx_word' id='word_1_330' title='bbox 218 2927 495 2968; x_wconf 77' lang='lat' dir='ltr'>inducendum</span> <span class='ocrx_word' id='word_1_331' title='bbox 519 2942 612 2970; x_wconf 79' lang='lat' dir='ltr'>esse</span> <span class='ocrx_word' id='word_1_332' title='bbox 633 2931 740 2970; x_wconf 83' lang='lat' dir='ltr'>uidit</span> <span class='ocrx_word' id='word_1_333' title='bbox 770 2931 811 2969; x_wconf 87' lang='lat' dir='ltr'><em>V</em></span> <span class='ocrx_word' id='word_1_334' title='bbox 811 2931 932 2971; x_wconf 74' lang='lat' dir='ltr'>amen</span> <span class='ocrx_word' id='word_1_335' title='bbox 955 2932 996 2971; x_wconf 80' lang='lat' dir='ltr'>in</span> <span class='ocrx_word' id='word_1_336' title='bbox 1017 2944 1118 2972; x_wconf 78' lang='lat' dir='ltr'>mus.</span> <span class='ocrx_word' id='word_1_337' title='bbox 1141 2931 1259 2974; x_wconf 73' lang='lat' dir='ltr'>rhen.</span> <span class='ocrx_word' id='word_1_338' title='bbox 1283 2932 1370 2984; x_wconf 86' lang='lat' dir='ltr'>XI,</span> <span class='ocrx_word' id='word_1_339' title='bbox 1394 2934 1478 2972; x_wconf 85' lang='lat'>594</span> 
     </span>
    </p>
   </div>
  </div>
 </body>
</html>
