1924 3152
230 119 336 173 218
941 123 1042 168 ΜΒ.
1080 123 1130 169 v,

235 231 477 302 singulos
515 231 758 295 ueniam,
793 229 858 281 L.
887 227 1171 282 Cornelius
1207 229 1394 283 consul
1429 231 1604 301 primo
1639 231 1845 285 Punico

232 302 402 368 benc,
433 320 556 354 cum
582 298 802 354 Olbiam
827 299 1090 370 oppidum
1115 301 1378 371 cepisset,
1413 319 1512 372 pro
1539 319 1643 371 quo
1670 300 1848 355 fortis-

235 374 370 426 sime
399 371 664 423 dimicans
690 370 892 423 Hanno
931 369 1045 422 dux
1068 370 1615 441 Karthaginiensium
1640 371 1848 424 occide-

234 448 354 507 rat,'
377 460 574 511 corpus
603 443 717 494 eius
746 459 774 493 e
802 440 1156 494 tabernaculo
1196 460 1292 494 suo
1331 441 1511 512 amplo
1538 442 1731 494 funere
1758 461 1849 494 ex-

188 536 211 569 5
235 513 362 567 tulit
404 531 504 565 nec
547 511 822 565 dubitauit
864 511 1039 565 hostis
1087 530 1187 564 exe
1226 511 1345 564 uias
1390 513 1509 582 ipse
1555 511 1847 577 celebrare,

234 603 354 637 eam
380 584 600 636 demum
624 583 913 636 uictoriam
939 589 992 634 et
1017 582 1164 653 apud
1192 531 1323 636 deos
1353 590 1406 634 et
1432 581 1580 652 apud
1604 581 1847 636 homines

232 654 517 707 minimum
535 653 777 705 inuidiae
795 652 1107 705 habituram
1126 651 1370 719 credens,
1398 671 1535 723 quae
1555 651 1850 724 plurimum

231 724 583 778 humanitatis
610 723 913 776 habuisset.

297 852 305 859 ,
337 796 388 848 3.
431 795 579 862 Quid
613 794 679 847 de
708 794 933 859 Quintio
962 793 1214 863 Crispino
1251 793 1470 863 loquar,
1509 793 1663 845 cuius
1700 811 1849 844 man-

168 890 211 921 10
236 865 582 919 suetudinem
615 864 985 935 potentissimi
1021 864 1298 931 adfectus7
1344 864 1427 915 ira
1463 870 1625 935 atque
1657 862 1848 932 gloria,

227 945 459 1008 quatere
495 954 604 988 non
636 935 970 1005 potuerunt?
1025 933 1264 987 Badium
1291 933 1632 1004 Campanum
1667 941 1721 986 et
1756 932 1849 985 ho-

233 1008 398 1078 spitio
424 1006 815 1075 benignissime
860 1005 1008 1058 domi
1049 1023 1181 1057 suae
1217 1012 1511 1075 exceperat
1537 1013 1591 1057 et
1617 1003 1851 1057 aduersa

231 1078 538 1131 ualitudine
564 1085 877 1146 correptum
911 1075 1294 1129 adtentissima
1329 1093 1460 1127 cura
1484 1082 1846 1127 recreauerat.

233 1168 266 1201 a
293 1167 399 1220 quo
425 1156 551 1219 post
577 1146 728 1199 illam
754 1147 1026 1198 nefariam
1053 1146 1460 1216 Campanorum
1487 1144 1851 1197 defectionem

171 1241 211 1274 15
233 1220 291 1271 in
317 1219 431 1271 acie
458 1219 529 1270 ad
554 1236 795 1288 pugnam
815 1225 1166 1287 prouocatus,
1196 1234 1320 1268 cum
1346 1223 1399 1268 et
1424 1215 1636 1268 uiribus
1664 1230 1850 1285 corpo-

233 1292 308 1342 ris
338 1297 391 1342 et
417 1289 585 1340 animi
610 1288 816 1340 uirtute
844 1286 1124 1357 aliquanto
1153 1295 1300 1339 esset
1326 1286 1603 1356 superior,
1631 1303 1851 1338 monere

231 1361 510 1430 ingratum
536 1377 701 1429 quam
725 1357 946 1409 uincere
972 1356 1181 1408 maluit.
1244 1374 1372 1408 nam
1399 1355 1551 1426 ‘quid
1586 1355 1744 1424 agis,'
1772 1355 1850 1406 in-

232 1433 349 1502 quit
368 1430 630 1496 edemenS,
659 1435 755 1480 aut
775 1446 880 1498 quo
908 1435 963 1479 te
982 1445 1158 1497 praua
1183 1426 1455 1496 cupiditas
1477 1435 1851 1479 transuersum

233 1501 415 1571 rapit?
453 1517 650 1570 parum
683 1497 855 1551 habes
899 1496 1123 1568 publica
1167 1497 1445 1567 impietate
1491 1498 1694 1561 furere,
1744 1495 1851 1547 nisi

168 1587 211 1620 20
235 1572 401 1625 etiam
436 1571 655 1640 priuata
686 1568 872 1639 lapsus
911 1568 1113 1620 fueris?
1152 1586 1293 1619 unus
1329 1565 1585 1619 uidelicet
1617 1566 1721 1619 tibi
1745 1566 1852 1618 Ro-

231 1660 518 1694 manorum
545 1639 803 1705 Quintius
840 1637 1046 1708 placet,
1084 1638 1142 1689 in
1179 1655 1288 1708 quo
1331 1635 1561 1689 sceleste
1590 1651 1849 1689 exerceas

231 1731 410 1778 arma,
457 1711 610 1763 cuius
648 1709 939 1780 penatibus
986 1717 1041 1761 et
1076 1707 1299 1761 honoris
1335 1706 1772 1759 uicissitudinem
1798 1714 1853 1758 et

232 1782 465 1836 salutem
500 1789 651 1833 tuam
686 1780 878 1832 debes!
920 1787 977 1831 at
1009 1798 1096 1831 me
1129 1777 1322 1831 foedus
1361 1777 1634 1830 amicitiae
1670 1775 1852 1848 diique

231 1851 548 1923 hospitaleS,
578 1858 769 1903 sancta
793 1857 979 1902 nostro
1007 1848 1280 1918 sanguini,
1315 1847 1516 1901 uestris
1538 1847 1851 1918 pectoribus

167 1939 211 1973 25
231 1923 365 1976 uilia
398 1923 656 1994 pignora,
694 1920 881 1974 hostili
918 1920 1209 1973 certamine
1247 1918 1510 1988 congredi
1545 1926 1726 1970 tecum
1762 1935 1851 1969 ue-

233 2002 368 2047 tant.
433 1993 566 2063 quin
601 1992 768 2045 etiam
804 1991 851 2042 si
877 1991 934 2042 in
960 2008 1228 2043 concursu
1253 1989 1595 2042 exercituum
1620 1987 1849 2040 fortuito

118 2151 211 2185 Par.
235 2154 338 2186 eum
365 2138 565 2199 hospitio
602 2137 866 2197 excepisset.
928 2140 967 2180 2.
1005 2137 1054 2180 L.
1081 2135 1317 2181 CorneIIus
1344 2148 1436 2180 cos.
1466 2147 1566 2180 cum
1592 2134 1738 2194 primo
1764 2131 1852 2178 Pu-

235 2212 337 2256 nico
365 2209 484 2254 bello
513 2207 683 2253 Olbiam
721 2206 937 2267 oppidum
963 2207 1178 2266 petisset,
1216 2219 1300 2265 pro
1329 2218 1419 2265 quo
1447 2203 1698 2250 fortissime
1723 2202 1852 2248 dimi·

233 2295 338 2327 cans
375 2279 532 2325 Hanno
580 2278 668 2323 dux
703 2276 1142 2337 Carthaginiensium
1186 2275 1435 2325 occiderat,
1489 2288 1656 2335 corpus
1693 2273 1790 2320 eius
1828 2287 1852 2317 e

168 2363 212 2397 30
235 2349 527 2398 tabernaculo
564 2363 646 2394 suo
684 2346 833 2408 amplo
862 2347 1022 2392 funere
1056 2346 1231 2392 extulit.
1293 2348 1332 2390 3.
1371 2344 1580 2400 Quintius
1616 2343 1853 2405 Crispinus

234 2436 337 2469 cum
372 2420 560 2467 haberet
594 2419 779 2464 Badium
805 2417 1076 2478 Campanum
1112 2417 1328 2466 amicum,
1371 2422 1415 2460 et
1451 2415 1570 2461 domi
1607 2428 1714 2460 suae
1751 2427 1853 2459 eum

232 2492 405 2553 recepit
441 2496 485 2536 et
509 2488 771 2535 ualetudine
807 2502 1079 2550 oppressum
1107 2488 1299 2534 curauit.
1362 2491 1523 2547 postea
1547 2485 1803 2531 defectione
1828 2497 1854 2530 a

233 2563 468 2624 Campanis
493 2561 609 2606 faeta
631 2567 911 2621 prouocatus
938 2559 992 2604 ab
1021 2573 1074 2605 eo
1096 2570 1280 2604 monere
1307 2558 1535 2618 ingratum
1554 2554 1697 2615 magis
1719 2567 1852 2615 quam

350 2702 374 2739 3
407 2711 527 2739 anno
556 2698 599 2738 B
678 2699 703 2738 5
740 2709 827 2738 nec
855 2697 897 2737 B
928 2710 1041 2737 corr.
1073 2709 1094 2736 e
1123 2709 1180 2736 ne
1261 2697 1286 2736 6
1317 2691 1441 2747 eam]
1474 2695 1569 2733 tam
1597 2691 1659 2736 B,
1698 2694 1794 2730 tum
1825 2689 1849 2728 b

235 2758 260 2797 7
291 2767 409 2807 quae
432 2756 705 2795 Perizonius:
738 2766 876 2805 quam
906 2753 961 2799 B,
996 2765 1096 2792 cum
1126 2751 1170 2799 b,
1206 2763 1325 2803 quae
1357 2761 1492 2802 quam
1528 2748 1653 2789 Torr.
1722 2747 1774 2786 16
1805 2748 1852 2785 et

233 2812 277 2853 B
297 2824 333 2856 s,
364 2813 389 2851 l.
445 2812 495 2851 19
518 2810 694 2851 habens
716 2809 771 2850 B*
824 2812 878 2851 20
899 2809 1041 2850 fuerit
1061 2801 1116 2848 B'
1167 2809 1220 2848 23
1243 2810 1369 2847 tuam
1387 2805 1429 2850 B
1446 2807 1489 2844 in
1508 2816 1597 2846 ras.
1668 2803 1722 2842 24
1743 2814 1850 2841 san-

233 2868 373 2922 guine
396 2866 452 2913 B,
483 2868 563 2907 sed
580 2879 694 2908 corr.
718 2869 742 2905 1
764 2881 813 2906 m.

349 2925 402 2965 32
425 2925 472 2963 et
492 2924 645 2964 addidi
