1924 3152
197 141 223 191 l
233 139 296 191 16
890 139 989 185 LIB.
1027 139 1097 184 ΙΙΙ.

193 251 422 305 collibus
449 249 648 302 morari
675 266 860 301 omnes
886 266 999 301 non
1023 255 1263 318 possent,
1290 247 1658 300 necessarium
1683 265 1807 300 con-

195 322 377 374 silium
420 322 477 371 in
511 320 676 389 plana
712 327 872 389 parte
915 318 1070 372 urbis
1114 317 1598 388 relinquendorum
1632 318 1808 370 senio·

194 410 315 444 rum
342 397 620 461 ceperunt,
650 408 755 460 quo
781 388 998 442 facilius
1025 390 1277 441 iuuentus
1305 387 1566 459 reliquias
1591 388 1810 460 imperii

194 468 453 514 tueretur.
496 468 737 513 ceterum
762 479 830 512 ne
857 459 949 512 illo
977 459 1199 531 quidem
1225 468 1339 512 tam
1365 460 1564 512 misero
1590 467 1705 512 tam
1742 476 1810 510 ue

151 548 172 579 5
194 532 440 586 luctuoso
477 540 723 602 tempore
759 532 955 583 ciuitas
991 538 1180 583 nostra
1215 531 1436 583 uirtutis
1473 549 1604 583 suae
1640 530 1710 583 ob
1733 530 1811 581 ita

194 611 294 655 est.
346 601 590 655 defuncti
624 602 769 654 enim
794 601 1091 656 honoribus
1129 602 1332 671 apertis
1370 601 1547 653 ianuis
1573 601 1631 652 in
1656 618 1810 652 curu-

192 673 338 727 libus
376 672 521 726 sellis
551 691 673 725 cum
708 673 1015 742 insignibus
1042 674 1492 742 magistratuum,
1529 690 1664 742 quos
1691 689 1809 741 ges-

196 751 409 811 serant,
455 743 1019 814 sacerdotiorumque,
1071 761 1211 813 quae
1238 747 1392 795 erant
1426 743 1642 812 adepti,
1687 760 1810 795 con-

196 814 479 881 sederunt,
529 823 589 866 ut
632 823 686 867 et
730 815 839 884 ipsi
883 815 941 865 in
985 831 1183 866 occasu
1229 832 1326 866 suo
1372 811 1719 883 splendorem
1761 819 1815 863 et

132 901 173 933 ιο
197 894 519 938 ornamenta
551 885 880 956 praeteritae
907 885 1056 936 uitae
1082 885 1381 936 retinerent
1417 890 1472 935 et
1498 885 1533 950 ’ἶ-
1556 881 1707 954 plebi
1742 881 1814 934 ad

195 956 421 1009 fortium
455 956 804 1008 sustinendos
851 954 1041 1025 [casus
1071 954 1198 1025 suo]
1246 975 1269 1006 *
1300 975 1323 1006 *
1355 977 1406 1007 *.
1482 951 1813 1007 uenerabilis

197 1045 383 1080 eorum
419 1035 672 1096 aspectus
707 1026 884 1097 primo
919 1026 1169 1079 hostibus
1203 1024 1333 1092 fuit,
1370 1033 1422 1077 et
1456 1025 1702 1078 nouitate
1734 1023 1815 1075 rei

199 1105 254 1149 et
280 1097 690 1166 magnificentia
716 1095 893 1149 cultus
931 1106 984 1149 et
1009 1098 1128 1166 ipso
1156 1095 1418 1148 audaciae
1443 1114 1644 1164 genere
1670 1112 1813 1148 com-

197 1167 389 1220 moti&
443 1167 542 1219 sed
570 1168 697 1236 quis
735 1166 1014 1220 dubitaret
1048 1167 1180 1236 quin
1216 1173 1269 1218 et
1305 1164 1456 1219 Galli
1491 1174 1545 1218 et
1578 1161 1813 1218 uictore‘s

133 1237 348 1289 1sffillam
383 1237 803 1290 admirationem
828 1256 958 1290 mox
992 1238 1050 1287 in
1074 1237 1245 1288 risum
1281 1245 1335 1289 et
1360 1237 1419 1288 in
1446 1254 1603 1290 omne
1628 1245 1814 1288 contu-

197 1307 391 1361 meliae
416 1326 587 1377 genus
624 1308 943 1359 conuersuri
978 1308 1195 1360 essent?
1234 1325 1343 1360 non
1378 1326 1447 1359 ex
1489 1307 1694 1360 ectauit
1715 1306 1815 1375 igi-

198 1387 289 1432 tur
330 1380 472 1431 hanc
523 1378 756 1430 iniuriae
801 1379 1172 1430 maturitatem
1216 1378 1292 1429 M.
1339 1377 1436 1430 Ati
1459 1378 1572 1445 iuS,
1623 1395 1816 1429 uerum

197 1449 430 1502 barbam
451 1467 606 1500 suam
665 1447 983 1500 ermulcenti
1004 1446 1166 1501 Gallo
1189 1450 1488 1519 scipionem
1506 1447 1817 1500 uehementi

200 1520 317 1571 ictu
339 1519 511 1588 ,capiti
547 1520 604 1570 in
646 1519 751 1571 ixit
787 1519 837 1571 ei
875 1538 942 1571 ue
966 1526 1192 1589 propter
1218 1518 1462 1572 dolorem
1490 1517 1560 1570 ad
1595 1536 1653 1569 se
1678 1517 1815 1570 occi-

136 1606 178 1638 20
203 1588 442 1642 dendum
477 1590 657 1642 ruenti
703 1591 829 1659 cupi
869 1590 953 1641 ius
995 1607 1088 1642 cor
1130 1607 1193 1640 us
1239 1589 1454 1643 obtulit.
1530 1588 1654 1658 capi
1689 1605 1815 1655 ergo

199 1659 374 1712 uirtus
412 1661 612 1726 nescit,
663 1660 960 1730 patientiae
998 1608 1238 1730 dedemus
1274 1661 1515 1730 ignorat,
1567 1659 1819 1711 fortunae

203 1730 555 1783 succumbere
583 1730 869 1783 omni:fato
896 1732 1108 1784 tristius
1134 1730 1303 1797 ducit,
1330 1748 1474 1783 noua
1499 1736 1554 1781 et
1573 1727 1819 1799 speciosa

202 1819 406 1871 genera
439 1800 692 1853 interitus
731 1801 1037 1870 excogitat,
1077 1802 1123 1852 si
1150 1802 1438 1871 quisquam
1474 1800 1688 1866 interit,
1726 1799 1820 1869 qui

204 1871 285 1924 sic
310 1871 668 1940 extinguitur.

142 2028 185 2060 25
207 2017 387 2063 finiebat
413 2032 503 2068 arx,
532 2019 610 2077 qui
636 2025 766 2063 erant
795 2017 1046 2062 honoribus
1073 2017 1216 2062 suncti
1242 2018 1414 2076 apertiS
1441 2014 1587 2060 ianuis
1614 2016 1659 2060 in
1686 2027 1820 2077 curu·

90 2069 182 2103 Par.
207 2087 327 2133 libus
356 2087 481 2132 sellis
508 2101 610 2133 cum
646 2087 901 2147 insignibus
929 2086 1279 2146 magistratuum
1305 2099 1423 2146 quos
1450 2091 1689 2145 gesserant
1714 2098 1821 2130 cou-

208 2157 446 2204 sederunt:
474 2163 518 2201 et
544 2157 739 2217 primum
766 2156 1037 2202 mirantibus
1055 2156 1206 2206 Gallis,
1233 2155 1392 2200 deinde
1420 2157 1464 2200 in
1492 2156 1634 2201 risum
1660 2157 1820 2205 uersis,

207 2229 262 2273 M.
301 2226 469 2273 Atilius
506 2226 691 2273 barbam
728 2241 854 2273 suam
891 2226 1193 2287 permulcenti
1232 2224 1357 2271 Gallo
1398 2226 1648 2286 scipionem
1687 2226 1823 2285 capiti

207 2298 395 2351 inflixit,
443 2298 577 2358 eique
625 2298 676 2343 ad
715 2311 764 2343 se
808 2297 1102 2343 occidendum
1137 2295 1338 2342 uenienti
1385 2296 1590 2355 iugulum
1641 2294 1820 2339 obtulit.

326 2438 379 2477 10
401 2439 448 2476 et
467 2434 593 2488 plebi
615 2433 770 2489 (plebe
793 2434 929 2486 corr.)
953 2435 1012 2475 ad
1027 2435 1070 2474 B
1090 2436 1133 2475 in
1154 2447 1258 2481 ras„
1290 2435 1354 2474 sic·-
1373 2435 1528 2487 reliqui
1548 2438 1724 2486 quoque,
1748 2432 1828 2472 sed

211 2494 326 2533 multi
354 2491 537 2546 plebem
597 2493 648 2532 11
679 2491 867 2532 fortium
896 2494 963 2532 uel
990 2492 1179 2532 fostium
1200 2491 1243 2530 B
1252 2506 1268 2538 ;
1299 2503 1393 2531 nam
1413 2492 1562 2531 ductus
1590 2490 1826 2530 litterarum

212 2553 255 2589 rt
271 2556 314 2590 et
331 2553 372 2589 st
387 2550 430 2589 in
446 2547 490 2588 B
504 2549 701 2589 simillimi
715 2554 814 2589 sunt
827 2546 845 2602 ΙΙ
861 2547 1154 2588 sustinendos
1179 2559 1312 2588 casus
1333 2559 1415 2588 suo
1432 2560 1454 2583 *
1469 2544 1759 2599 splendorem
1782 2547 1830 2584 et

214 2608 487 2646 ornamenta
513 2605 798 2658 praeteritae
827 2605 957 2645 uitae
994 2605 1260 2646 retinerent.
1300 2602 1586 2645 uenerabilis
1613 2600 1656 2640 B
1684 2600 1827 2641 uerbis

137 2694 147 2697 -
217 2659 291 2715 oc]
302 2674 413 2702 casu
434 2674 515 2701 suo
537 2661 828 2714 splendorem
849 2685 900 2690 —
925 2662 1181 2701 retinerent
1200 2661 1416 2713 repetitis,
1439 2660 1550 2699 unde
1566 2658 1728 2709 factum
1748 2661 1824 2702 est,

214 2724 260 2757 ut
280 2719 458 2758 alterum
479 2720 734 2758 enuntiatum
755 2720 1044 2771 imperfectum
1064 2719 1451 2770 relinquen-emma.
1471 2713 1617 2767 praef.
1637 2726 1682 2764 p.
1705 2723 1825 2762 x1113

212 2775 320 2825 fort.
344 2777 390 2813 et
411 2771 648 2827 [obsessis]
674 2775 733 2814 ad
753 2775 955 2816 hostium
976 2773 1271 2814 sustinendos
1315 2773 1528 2812 incursus
1550 2769 1726 2810 animos
1748 2768 1827 2808 ad-

215 2827 400 2883 derent]
466 2831 517 2870 17
546 2832 862 2872 maturitatem
886 2829 962 2883 (m.
984 2833 1027 2871 in
1047 2829 1193 2880 litura)
1216 2828 1258 2868 B
1278 2825 1286 2882 Ι
1323 2827 1386 2870 Μ.
1407 2828 1449 2867 Ρ
1465 2831 1507 2866 et
1529 2827 1571 2866 in
1593 2826 1654 2866 lit.
1676 2823 1744 2864 B:
1776 2823 1825 2864 C.

216 2887 319 2928 dett.
383 2885 435 2925 18
455 2885 743 2927 uehementi*
766 2887 806 2926 B
866 2890 917 2927 21
941 2887 1171 2940 patientia
1191 2884 1254 2932 B,
1276 2897 1351 2925 em.
1377 2883 1549 2924 Modius
1607 2883 1662 2923 23
1683 2881 1828 2921 inter-

214 2943 269 2983 iit
289 2943 332 2982 B
352 2949 450 2983 ante
470 2956 665 2984 rasuram
