1924 3152
497 131 617 179 cAP.
646 131 715 182 111,
743 131 840 178 Ext.
869 130 898 190 g
926 134 1068 176 4-7.
1105 130 1192 182 1111,
1221 130 1309 190 §1-
1339 135 1380 176 2.
1652 123 1753 178 137

126 259 218 296 sus
254 240 561 307 interemit,
615 257 845 312 cumque
883 256 1221 311 conprensus
1260 239 1411 292 omni
1442 238 1606 293 modo
1633 257 1753 292 cru-

123 304 361 367 ciaretur
372 352 388 380 ‚
423 311 690 365 laetitiam
714 319 924 378 tamen,
953 329 1119 381 quam
1145 329 1217 363 ex
1241 308 1490 363 uindicta
1515 317 1753 381 ceperat,

123 385 180 437 in
218 402 312 438 ore
351 381 794 438 constantissime
833 380 1076 435 retinuit.
1141 399 1253 435 non
1290 398 1420 451 ergo
1459 380 1753 436 fastidioso

124 454 280 508 aditu
304 454 508 507 uirtus:
551 453 794 506 excitata
818 451 1009 505 uiuida
1033 453 1256 523 ingenia
1281 453 1353 505 ad
1380 470 1439 505 se
1464 458 1755 523 penetrare

163 526 355 592 atitur,
402 542 577 596 neque
611 523 870 585 haustum
897 524 983 575 sui
1009 541 1134 575 cum
1171 522 1359 594 aliquo
1395 541 1754 595 personarum
1774 542 1798 578 ⁵

165 595 438 650 ‘scrimine
463 594 676 666 largum
701 592 1072 664 malignumue
1095 594 1346 675 praebet,
1374 594 1474 647 sed
1500 594 1755 649 omnibus

125 665 424 738 aequaliter
475 666 756 738 exposita,
809 665 943 737 quid
992 664 1313 736 cuplditatis
1361 667 1545 736 potius
1590 684 1756 737 quam

123 738 256 810 quid
283 736 566 808 dignitatis
603 735 856 791 attuleris
884 736 1167 804 aestimat,
1202 737 1367 808 inque
1394 746 1562 808 captu
1585 737 1755 791 bono-

122 828 244 861 rum
270 827 494 864 suorum
519 808 623 862 tibi
650 809 758 880 ipsi
775 807 991 880 pondus
1019 808 1448 861 examinandum
1473 806 1754 879 relinquit,

34 918 37 921 «
122 888 185 933 ut
210 887 472 951 quantum
508 879 694 934 subire
731 879 910 931 animo
937 877 1294 946 sustinueriS‚
1331 887 1550 934 tantum
1575 887 1755 933 tecum
1779 899 1819 932 ιο

126 950 366 1004 auferas,
427 968 534 1022 quo
562 950 749 1004 euenit
781 958 843 1003 ut
877 956 933 1002 et
966 949 1161 1002 humili
1194 949 1313 1004 loco
1348 951 1466 1004 nati
1504 949 1576 1004 ad
1611 948 1755 1003 sumss

124 1040 270 1074 mam
285 1021 613 1092 dignitatem
629 1028 964 1090 consurgant
981 1027 1034 1072 et
1051 1021 1601 1090 generosissimarum
1621 1022 1756 1074 ima·

124 1092 315 1162 ginum
352 1092 498 1145 fetus
542 1093 599 1143 in
639 1091 862 1163 aliquod
902 1090 1141 1144 reuoluti
1186 1091 1425 1145 dedecus
1471 1102 1758 1164 acceptam

125 1181 159 1216 a
182 1162 482 1217 maioribus
508 1161 687 1216 lucem
712 1164 771 1215 in
796 1162 1052 1216 tenebras
1083 1171 1431 1218 conuertant:
1474 1182 1614 1234 quae
1640 1164 1757 1234 qui-

126 1234 251 1286 dem
325 1231 536 1287 laniora
563 1234 677 1286 suis
715 1251 873 1287 exem
915 1233 980 1285 lis
1017 1233 1335 1287 reddentur.
1397 1252 1463 1287 ac
1498 1235 1651 1306 prius
1687 1233 1756 1287 de
1778 1251 1821 1286 ιε

124 1304 192 1358 iis
219 1252 431 1372 ordiar,
460 1322 691 1376 quorum
716 1304 775 1356 in
799 1323 887 1357 me
911 1305 1084 1358 iorem
1111 1312 1317 1358 statum
1341 1305 1494 1358 facta
1518 1304 1754 1359 mutatio

127 1375 474 1446 splendidam
497 1374 673 1429 relatu
697 1375 929 1447 praebet
952 1375 1260 1429 materiam.

127 1517 264 1570 1111.
327 1520 426 1570 DE
466 1520 592 1571 HIS
629 1520 756 1579 QVI
798 1521 1075 1571 HVMILI
1109 1518 1280 1570 LOCO
1326 1520 1506 1571 NATI
1550 1520 1762 1570 CLARI

723 1588 1242 1659 EVASERVNK}

238 1686 285 1737 1.
325 1685 672 1740 Incunabula
698 1686 848 1739 Tulli
873 1686 1079 1740 Hostili
1115 1695 1331 1756 agreste
1366 1688 1647 1757 tugurium
1674 1705 1756 1740 ce·
1781 1705 1822 1738 πο

127 1755 236 1827 pit:
291 1755 538 1809 eiusdem
582 1755 956 1810 adulescentia
999 1758 1057 1808 in
1099 1776 1300 1829 pecore
1336 1757 1615 1829 pascendo
1650 1757 1760 1811 fuit

130 1835 422 1898 occupata:
471 1824 710 1880 ualidior
743 1835 896 1880 aetas
941 1827 1233 1898 imperium
1267 1828 1578 1882 Romanum
1612 1828 1760 1881 rexit

129 1906 184 1950 et
229 1895 558 1969 duplicauit:
626 1906 879 1952 senectus
926 1896 1403 1951 excellentissimis
1449 1903 1759 1956 ornamentis

130 1967 391 2022 decorata
414 1968 472 2020 in
498 1966 767 2021 altissimo
793 1968 1100 2022 maiestatis
1127 1968 1353 2024 fastioio
1380 1968 1554 2022 fulsit.

234 2038 285 2091 2.
326 2038 536 2107 Verum
562 2038 756 2092 Tullus
786 2040 889 2092 etsi
913 2058 1179 2110 magnum
1214 2010 1555 2094 admirabilis
1582 2040 1756 2092 incre·
1780 2058 1822 2091 25

128 2109 326 2177 menti,
377 2109 742 2163 domesticum
774 2118 960 2164 tamen
997 2110 1310 2182 exemplum
1348 2119 1449 2165 est.
1525 2110 1758 2182 Tarqui-

127 2179 282 2233 nium
315 2181 515 2234 'autem
562 2180 634 2234 ad
676 2181 987 2235 Romanum
1036 2182 1327 2252 imperium
1378 2181 1767 2254 occupandum,

132 2312 380 2366 occiderat,
418 2313 665 2374 adgressus
702 2315 955 2361 interemit:
1004 2322 1050 2361 et
1085 2329 1190 2362 cum
1224 2315 1489 2377 puniretur,
1534 2315 1753 2362 laetitiam
1776 2325 1870 2360 Par.

131 2383 362 2430 uindictae
389 2384 486 2430 risu
514 2391 713 2431 testatus
741 2393 826 2431 est.

238 2455 280 2497 1.
345 2451 471 2508 QVI
512 2455 611 2500 EX
655 2454 918 2502 HVMILI
946 2454 1111 2502 LOCO
1157 2454 1566 2515 EVASERINT.
1638 2455 1756 2502 Tulli
1779 2468 1822 2501 30

132 2522 314 2568 Hostilii
351 2523 623 2570 incunabula
663 2533 844 2585 agreste
882 2526 1119 2587 tugurium
1146 2529 1291 2587 cepit:
1331 2527 1449 2573 idem
1486 2526 1687 2573 adoleuit
1711 2526 1758 2571 in

247 2661 270 2700 1
302 2671 577 2714 conpressus
605 2660 669 2709 B,
712 2661 1069 2715 comprehensus
1100 2674 1127 2707 ς
1193 2664 1221 2703 4
1248 2663 1421 2703 uirtus:
1462 2663 1669 2704 excitata
1697 2663 1760 2704 di·

131 2717 286 2758 seina-it
303 2717 494 2770 Lipsius,
516 2718 663 2758 uirtus
686 2718 895 2759 excitata
917 2728 944 2763 ς
963 2715 983 2773 Η
1005 2731 1062 2759 ac
1081 2718 1243 2759 uiuida
1257 2719 1381 2772 Lips.
1440 2721 1467 2760 9
1489 2719 1757 2760 examinan—

132 2771 237 2812 dum
258 2772 452 2826 reliquit
469 2773 514 2814 B
534 2775 578 2815 in
600 2775 730 2815 litura
747 2775 910 2816 maiore
970 2777 1021 2816 11
1044 2787 1135 2828 quo
1156 2776 1288 2816 uenit
1308 2769 1366 2816 B'
1426 2778 1478 2817 13
1500 2775 1711 2818 deuoluti
1733 2776 1757 2817 b

135 2829 188 2869 15
207 2828 459 2870 redduntur
479 2831 535 2876 B.
558 2844 634 2874 em.
652 2831 831 2885 Piylzius
851 2844 874 2871 e
895 2833 991 2872 cod.
1015 2830 1215 2885 Susiano,
1261 2833 1313 2873 16
1334 2832 1406 2874 his
1427 2832 1501 2878 Βς
1561 2835 1614 2874 17
1635 2833 1758 2873 rela-

133 2884 203 2924 tui
229 2887 339 2930 coni.
361 2887 504 2928 Per-iz.
574 2889 628 2929 23
659 2888 942 2929 ornamentis
972 2890 1211 2942 suppletum
1239 2890 1284 2930 in
1310 2902 1391 2943 my.
1414 2889 1470 2938 B,
1512 2889 1758 2948 decoribus

132 2943 289 2982 mauolt
307 2942 513 2984 Foertsclz
526 2943 592 2992 II,
605 2945 661 2985 18
719 2946 773 2985 25
795 2957 1012 2999 magnum
1034 2957 1131 2987 nos:
1155 2957 1350 2999 magnus
1368 2945 1423 2995 B,
1446 2957 1642 3000 magnus
1664 2948 1712 2986 et
1732 2954 1759 2990 ς
