1924 3152
532 89 652 136 CAP.
678 89 766 142 1111,
792 88 888 135 Ext.
917 89 947 148 g
968 91 1106 134 3—5.
1149 87 1196 139 v,
1225 88 1254 147 g
1282 91 1322 133 1.
1638 80 1746 134 299

234 200 282 251 1.
323 195 552 252 Camillo
579 195 802 250 consule
827 195 1071 249 Falerios
1099 194 1537 248 circumsedente
1572 196 1747 264 magi-

123 278 239 323 ster
262 268 380 322 ludi
444 266 667 321 lurimos
695 277 749 321 et
785 265 1156 321 nobilissimos
1194 266 1324 319 inde
1357 283 1554 336 pueros
1592 264 1745 318 uelut

125 339 385 394 ambulan
425 340 445 391 i
469 339 653 409 gratia
679 338 905 391 eductos
933 337 992 389 in
1017 337 1200 390 castra
1225 337 1603 390 Romanorum
1628 355 1745 407 per-

129 411 307 465 duxit.
368 409 568 480 quibus
595 408 915 478 interceptis
943 425 1052 460 non
1079 414 1198 460 erat
1225 407 1456 461 dubium
1482 407 1616 478 quin
1641 407 1745 460 Fa-

124 481 248 534 lisci
291 479 542 550 deposita
581 477 715 533 belli
758 478 986 548 gerendi
1029 478 1330 549 pertinacia
1379 478 1641 533 tradituri
1687 495 1746 530 se
1769 497 1789 530 5

124 559 310 604 nostro
344 550 663 620 imperatori
699 556 899 602 essent.
975 567 1039 601 ea
1073 567 1132 601 re
1167 557 1390 602 senatus
1438 549 1652 602 censuit
1686 556 1749 602 ut

123 621 280 693 pueri
303 621 551 673 uinctum
574 620 900 690 magistrum
924 619 1097 689 uirgis
1125 619 1414 672 caedentes
1433 620 1492 672 in
1509 619 1749 690 patriam

123 692 550 745 remitterentur.
626 709 734 762 qua
757 690 974 743 iustitia
999 690 1167 742 animi
1204 708 1391 743 eorum
1422 698 1552 743 sunt
1580 689 1746 760 capti,

123 780 356 845 quorum
380 762 598 815 moenia
624 762 930 831 expugnari
954 779 1066 814 non
1083 768 1362 831 poterant:
1393 779 1521 813 nam
1560 779 1628 812 ue
1640 761 1746 813 Fa-

123 832 245 885 hsci
269 831 534 886 beneficio
562 832 737 901 magis
765 850 929 902 quam
967 832 1132 884 armis
1167 832 1305 884 uicti
1330 839 1518 902 portas
1600 850 1744 885 oma-
1771 851 1812 882 ιο

122 903 210 954 nis
239 909 588 972 aperuerunt.

233 973 447 1026 Eadem
481 973 679 1026 ciuitas
717 971 791 1025 ali
831 972 1044 1025 uotiens
1073 972 1392 1026 rebellando
1421 990 1745 1044 semperque

125 1043 374 1096 aduersis
403 1051 634 1096 contusa
668 1061 800 1114 proe
824 1043 891 1095 iis
930 1044 1152 1096 tandem
1190 1062 1246 1096 se
1276 1043 1344 1109 Q.
1370 1043 1593 1096 Lutatio
1621 1061 1746 1097 con-

129 1114 236 1166 suli
262 1112 463 1166 dedere
491 1122 682 1167 coacta
708 1121 807 1166 est.
883 1113 1182 1166 aduersum
1219 1132 1383 1183 quam
1418 1114 1629 1167 saeuire
1657 1132 1746 1167 cu-

126 1184 282 1255 piens
310 1201 378 1254 po
420 1183 543 1236 ulus
571 1183 851 1238 Romanus
867 1223 881 1250 ,
919 1192 1210 1255 postquam
1236 1203 1268 1236 a
1293 1185 1546 1255 Papirio,
1589 1185 1743 1236 cuius
1771 1201 1812 1234 15

126 1273 294 1307 manu
319 1255 376 1306 iu
418 1262 542 1307 ente
568 1253 790 1308 consule
815 1254 988 1308 uerba
1016 1254 1312 1308 deditionis
1343 1256 1547 1326 scripta
1574 1261 1745 1320 erant,

123 1325 320 1378 doctus
348 1331 434 1377 est
459 1324 706 1379 Faliscos
734 1343 845 1378 non
869 1325 1152 1395 potestati,
1183 1326 1282 1378 sed
1307 1325 1437 1378 fidei
1465 1344 1522 1377 se
1549 1324 1747 1378 Roma-

123 1413 318 1449 norum
343 1395 694 1462 conmisisse,
723 1413 935 1448 omnem
961 1397 1101 1447 iram
1127 1395 1348 1466 placida
1373 1405 1554 1449 mente
1582 1395 1748 1465 depo-

123 1466 264 1532 suit,
303 1465 619 1536 pariterque
647 1474 700 1518 et
724 1466 939 1519 uiribus
978 1466 1092 1519 odii
1117 1485 1226 1520 non
1253 1485 1384 1519 sane
1410 1466 1572 1519 facile
1598 1466 1749 1518 uinci

125 1535 370 1588 adsuetis
409 1543 462 1588 et
506 1537 771 1589 uictoriae
817 1537 1078 1607 obsequio
1091 1577 1105 1604 ‚
1151 1555 1290 1607 quae
1334 1536 1747 1607 promptissime
1771 1554 1813 1586 20

127 1605 406 1658 licentiam
441 1606 850 1672 subministrat,
887 1625 955 1658 ne
982 1607 1225 1659 iustitiae
1252 1625 1384 1660 suae
1410 1607 1627 1660 deesset
1655 1607 1747 1661 ob-

127 1676 288 1728 stitit.

235 1745 418 1812 Idem,
458 1763 582 1797 cum
614 1745 677 1798 P.
717 1744 982 1798 Claudius
1020 1746 1340 1799 Camerinos
1380 1746 1547 1799 ductu
1584 1756 1750 1816 atque

124 1816 387 1886 auspiciis
416 1815 527 1867 suis
556 1822 744 1886 captos
774 1815 877 1869 sub
903 1815 1064 1868 hasta
1081 1816 1446 1884 uendidisset,
1476 1817 1580 1870 etsi
1599 1834 1750 1869 aera-

126 1887 270 1938 rium
294 1886 555 1956 pecunia,
584 1885 719 1938 fines
748 1887 896 1956 agris
927 1894 1113 1940 auctos
1142 1886 1634 1953 animaduertebat,
1662 1893 1742 1939 ta-
1771 1902 1813 1935 25

132 1975 275 2023 men,
304 1956 449 2027 quod
474 1975 671 2028 parum
696 1955 908 2038 liquida
942 1955 1050 2009 fide
1085 1957 1143 2009 id
1170 1965 1390 2027 gestum
1417 1958 1487 2011 ab
1514 1957 1744 2028 impera-

128 2036 249 2081 tore
274 2026 592 2094 uidebatur‚
620 2046 864 2080 maxlma
890 2045 1021 2080 cura
1047 2028 1384 2098 conquisitos
1405 2027 1635 2082 redemit
1659 2028 1750 2081 iis-

130 2115 238 2168 que
274 2096 562 2151 habitandi
600 2099 782 2168 gratia
816 2097 996 2150 locum
1031 2098 1089 2151 in
1114 2099 1394 2152 Auentino
1433 2098 1751 2168 adsignauit

125 2170 181 2220 et
204 2167 436 2238 praedia
460 2168 719 2222 restituit.
770 2169 1061 2239 pecuniam
1088 2169 1420 2233 etiami-non
1445 2170 1517 2222 ad
1542 2169 1751 2223 curiam

234 2299 329 2345 DE
363 2299 681 2345 IVSTITIA.
746 2304 784 2346 1.
825 2301 1037 2346 Camillus
1073 2301 1273 2347 Falerios
1312 2315 1611 2363 oppugnans,
1650 2316 1750 2347 cum
1773 2310 1814 2342 30

128 2369 226 2414 ludi
253 2370 471 2428 magister
497 2369 718 2429 plurimos
749 2376 794 2415 et
828 2370 1139 2416 nobilissimos
1166 2372 1268 2417 inde
1295 2385 1464 2432 pueros
1493 2372 1547 2417 ad
1574 2385 1622 2417 se
1647 2386 1750 2432 per·
1774 2351 1870 2384 Par.

126 2439 355 2489 duxisset,
398 2441 602 2484 uinctum
640 2453 741 2484 eum
777 2440 1025 2502 puerisque
1063 2441 1279 2487 traditum
1314 2443 1359 2486 in
1397 2441 1590 2503 patrIam
1618 2443 1753 2487 iussit

128 2509 296 2554 reduci.
349 2509 556 2554 admirati
582 2510 801 2554 iustitiam
828 2510 954 2555 ducis
980 2509 1145 2556 Falisci
1183 2513 1305 2557 uinci
1332 2526 1379 2558 se
1407 2526 1432 2557 a
1458 2526 1622 2571 magno
1650 2513 1751 2557 uiro

128 2579 312 2640 gloriati
342 2587 461 2625 sunt.
496 2603 556 2611 —
587 2579 793 2630 Senatus,
822 2594 923 2625 cum
950 2579 997 2624 P.
1011 2579 1223 2626 Claudius
1247 2582 1483 2627 Amerinos
1513 2580 1596 2626 sub
1624 2582 1752 2626 hasta

129 2649 436 2701 uendidisset,
476 2656 739 2710 suspectum
778 2663 880 2695 eum
907 2649 1079 2696 habens
1116 2653 1307 2697 maxima
1332 2666 1438 2698 cura
1464 2651 1752 2712 conquisitos
1776 2660 1818 2693 35

245 2773 268 2812 1
292 2772 647 2813 circumsidente
671 2773 694 2812 b
735 2774 760 2813 2
783 2770 922 2812 uelud
943 2765 998 2812 B'
1037 2773 1068 2814 ⁴3
1093 2773 1279 2814 amandi
1299 2774 1342 2814 B
1382 2776 1408 2815 5
1429 2775 1686 2827 pertinatia
1697 2769 1753 2815 B'

132 2828 158 2867 7
178 2822 414 2868 uictumB'
458 2830 509 2870 18
530 2829 645 2869 iram
659 2829 707 2869 b:
729 2828 875 2869 remB
917 2830 970 2870 23
994 2830 1249 2871 *amerinos
1262 2831 1340 2881 Pb,
1363 2836 1480 2872 recte
1502 2837 1549 2871 ut
1568 2832 1754 2876 uidetur,-

129 2883 189 2934 εἴ.
202 2883 367 2937 Kempf
398 2887 452 2926 27
470 2888 600 2938 isque
621 2880 676 2925 B'
716 2886 772 2926 28
792 2885 1099 2926 aduentinoB
1146 2888 1199 2927 29
1221 2886 1278 2927 ad
1297 2886 1526 2928 luxuriam
1546 2888 1585 2927 F
1585 2887 1753 2928 oertsclz
