1936 3120
240 144 344 198 486
773 147 838 194 DE
864 111 1316 196 PRAENofflNmrs.
1374 107 1376 109 ’

244 266 359 310 tero
405 255 601 308 abortu
645 253 816 308 eiecto
859 255 1146 309 incolumis
1193 254 1370 308 editus
1423 263 1558 308 erat.
1633 255 1838 310 Hostus

240 343 572 398 praenomen
596 323 701 377 fuit
724 324 780 376 in
806 344 886 392 eo,
950 327 1006 379 ui
1030 345 1257 399 peregre
1284 326 1429 409 apud
1453 325 1726 397 hospitem
1750 345 1840 380 na-

241 408 328 450 tus
356 404 490 462 erat,
519 394 575 447 id
616 414 683 447 ue
707 394 900 449 habuit
974 397 1212 450 ucretius
1236 397 1610 468 Trlcipitinus,
1636 395 1843 467 collega

239 468 303 520 L.
331 466 526 535 Sergii.
633 465 780 519 olero
807 467 863 518 in
888 486 1216 538 praenomen
1243 467 1405 535 abiit,
1442 467 1588 539 quod
1612 466 1842 521 uolenti-

200 557 220 590 5
242 539 345 591 bus
371 537 525 589 nasci
550 536 710 590 liberi
736 538 1054 608 parentibus
1082 538 1434 591 uidebantur:
1477 556 1582 609 quo
1603 557 1733 590 usus
1763 546 1846 590 est

242 607 510 662 Publilius
546 607 719 660 Philo.
794 608 975 661 Lartis
1021 627 1350 680 praenomen
1385 615 1659 678 sumptum
1694 617 1777 661 est
1813 627 1845 660 a

242 679 477 732 Laribus
491 718 505 746 ,
544 679 783 730 Tuscum
811 687 993 731 autem
1021 698 1140 732 esse
1167 679 1459 744 creditum,
1487 678 1696 749 fuitque
1722 697 1843 732 con-

242 751 326 802 sul
360 750 472 802 Lar
503 749 822 802 Herminius
861 767 982 801 cum
1019 750 1081 802 Τ.
1110 749 1373 819 Verginio
1401 749 1669 802 Tricosto,
1725 747 1842 802 Sta—

241 822 349 874 tius
377 839 410 872 a
437 819 752 886 stabilitate,
780 819 1019 872 Faustus
1048 839 1080 872 a
1105 819 1295 872 fauore
1315 818 1667 890 praenomina
1692 837 1846 890 cepe-

177 915 219 946 10
240 898 384 943 runt.
436 890 629 943 Tullus
656 892 1101 961 praenominatus
1129 899 1212 943 est
1239 891 1434 944 ominis
1463 889 1658 959 gratia,
1687 891 1845 960 quasi

241 961 531 1028 tollendus,
561 979 590 1013 o
619 960 802 1014 littera
827 962 884 1012 in
908 981 944 1013 u
970 980 1253 1014 conuersa.
1307 960 1495 1014 Sertor
1519 961 1612 1031 qui
1638 979 1735 1030 per
1761 978 1843 1012 sa-

241 1034 446 1086 tionem
471 1040 631 1084 natus
661 1041 777 1084 erat
803 1031 1108 1103 adpellatus
1132 1041 1231 1085 est.
1284 1033 1497 1084 Ancum
1515 1049 1843 1101 praenomen

238 1105 414 1157 Varro
454 1122 482 1155 e
509 1102 727 1155 Sabinis
764 1102 1090 1155 translatum
1126 1110 1311 1173 putat:
1365 1101 1621 1154 Valerius
1649 1102 1846 1155 Antias

241 1174 450 1241 scribit,
479 1174 623 1244 quod
652 1173 897 1227 cubitum
922 1174 1182 1226 uitiosum
1207 1172 1481 1237 habuerit,
1511 1173 1604 1243 qui
1632 1171 1843 1225 Graece

175 1266 217 1300 15
238 1253 469 1299 uocatur
494 1241 700 1310 ἀγκών.
776 1244 935 1296 Lucii
970 1252 1263 1315 coeperunt
1298 1243 1564 1314 adpellari
1605 1243 1698 1313 qui
1723 1242 1843 1312 ipso

237 1315 394 1369 initio
422 1315 558 1368 lucis
587 1315 693 1368 orti
721 1324 899 1380 erant,
928 1322 1056 1380 aut,
1084 1323 1145 1366 ut
1170 1313 1393 1384 quidam
1420 1313 1783 1379 arbitrantur,
1813 1330 1846 1363 a

237 1385 646 1439 Lucumonibus
667 1385 934 1437 Etruscis,
984 1385 1176 1451 Manii,
1206 1385 1298 1454 qui
1324 1402 1482 1435 mane
1511 1383 1640 1435 editi
1668 1390 1841 1448 erant,

237 1457 326 1509 uel
361 1456 552 1509 ominis
589 1468 761 1508 causa'
791 1455 945 1526 quasi
979 1455 1134 1508 boni:
1185 1472 1406 1506 manum
1448 1454 1590 1506 enim
1634 1452 1844 1523 antiqui

238 1528 442 1581 bonum
467 1526 739 1579 dicebant.
793 1527 1006 1578 Gnaeus
1030 1525 1097 1578 ob
1119 1525 1330 1593 insigne
1352 1524 1512 1576 naeui
1538 1522 1844 1593 adpellatus

173 1619 215 1652 20
239 1606 338 1651 est.
389 1597 535 1668 quod
560 1615 729 1648 unum
754 1615 1084 1667 praenomen
1119 1597 1572 1665 uariacscriptura
1597 1601 1840 1646 notatur:

239 1667 334 1721 alii
361 1668 504 1720 enim
524 1667 754 1734 Naeum,
785 1666 878 1718 alii
901 1666 1167 1732 Gnaeum,
1197 1665 1290 1718 alii
1311 1664 1553 1718 Gnaeum
1580 1664 1842 1717 scribunt.

238 1740 332 1810 qui
366 1739 418 1792 G
453 1737 635 1792 littera
668 1738 725 1789 in
761 1738 862 1789 hoc
888 1738 1237 1808 praenomine
1262 1744 1517 1802 utuntur,
1554 1735 1843 1805 antiquita-

236 1820 343 1863 tem
370 1810 524 1881 sequi
548 1808 832 1873 uidentur,
872 1827 1012 1878 quae
1050 1807 1282 1860 multum
1321 1825 1385 1860 ea
1409 1825 1510 1858 usa
1534 1805 1717 1858 littera
1742 1813 1838 1858 est.

238 1880 369 1935 olim
405 1881 549 1933 enim
589 1879 872 1932 dicebatur
907 1878 1304 1948 frugmentum,
1342 1895 1486 1929 nunc
1513 1877 1843 1928 frumentum

175 1972 216 2005 25
241 1953 506 2017 ecfertur,
547 1959 600 2003 et
625 1950 820 2020 forgtis
836 1990 849 2016 ,
887 1968 998 2003 non
1023 1949 1180 2002 fortis
1194 1988 1206 2014 ,
1246 1957 1300 2001 et
1325 1955 1559 2017 gnatura
1572 1986 1586 2013 ,
1614 1965 1723 1999 non
1747 1962 1839 1996 na·

238 2031 384 2075 tura:
430 2040 557 2091 ergo
586 2022 749 2074 etiam
775 2021 869 2091 qui
894 2020 952 2071 in
978 2020 1299 2090 corporibus
1336 2018 1489 2087 gigni
1517 2015 1655 2070 solet
1680 2033 1842 2085 gnae-

238 2112 339 2145 uus
368 2091 762 2162 appellabatur.
826 2093 916 2161 qui
944 2090 1041 2144 CN
1066 2097 1274 2159 ponunt
1309 2087 1657 2157 corruptione
1684 2084 1843 2156 sylla-

238 2164 342 2217 bae
369 2163 627 2216 delectari
652 2161 936 2223 uidentur,
979 2161 1071 2230 qui
1098 2159 1148 2210 N
1153 2177 1306 2223 aeus,
1339 2158 1581 2210 leuitate.
1634 2155 1740 2209 Gai
1764 2155 1844 2206 iu-

243 2234 494 2287 dicantur
532 2233 666 2285 dicti
701 2251 732 2284 a
766 2230 967 2300 gaudio
1015 2237 1326 2300 parentum,
1371 2227 1530 2292 Auli,
1577 2225 1723 2297 quod
1760 2225 1842 2277 dis

177 2325 219 2358 30
245 2304 512 2357 alentibus
563 2312 886 2368 nascuntur,
949 2300 1123 2352 Marci
1171 2299 1371 2351 Martio
1421 2315 1607 2350 mense
1655 2295 1843 2366 geniti,

359 2506 380 2544 1
403 2504 575 2545 Hostus
599 2504 796 2555 Piylzius:
827 2502 1006 2554 Hospes
1036 2502 1078 2540 V
1150 2502 1178 2539 4
1218 2498 1334 2552 quod
1355 2497 1617 2538 uolentibus
1638 2496 1770 2536 nasci
1789 2495 1846 2536 li-

219 2561 366 2602 ·beris
397 2574 424 2601 a
452 2560 723 2613 parentibus
753 2559 996 2598 indebatur
1029 2557 1076 2598 G.
1099 2557 1148 2599 F.
1174 2556 1406 2607 Grotefend
1435 2557 1476 2594 in
1508 2554 1712 2595 Zeitschr.
1744 2552 1780 2604 f.
1802 2553 1843 2592 d.

244 2618 614 2659 Alterthumswiss.
639 2618 754 2657 1843
774 2630 818 2668 p.
843 2616 922 2654 179
982 2615 1007 2654 6
1027 2612 1216 2652 Publius
1246 2612 1295 2658 V,
1319 2625 1393 2652 em.
1416 2611 1590 2662 Pighius
1628 2606 1648 2664 [Ι
1686 2608 1845 2649 laertis

251 2675 293 2714 V
309 2671 328 2728 Η
349 2686 597 2726 pronomen
619 2675 685 2713 ed.
709 2673 805 2712 Mai
824 2676 974 2711 contra
998 2670 1182 2710 codicem
1275 2670 1298 2708 7
1322 2666 1575 2709 consularis
1595 2665 1844 2706 herminius

252 2731 298 2770 V
368 2731 393 2770 8
427 2734 552 2771 costo
583 2731 624 2770 V
701 2731 751 2769 13
782 2727 943 2768 Antias
964 2726 1162 2778 Pighius:
1196 2727 1334 2765 antea
1362 2725 1412 2770 V*
1479 2725 1532 2763 14
1562 2733 1649 2773 quo
1678 2721 1724 2761 V
1793 2721 1846 2760 15

240 2786 477 2828 ΑΝΚΩΝ
502 2788 547 2826 V
617 2787 669 2825 21
691 2782 884 2835 Naeum]
907 2795 1105 2822 naeuum
1133 2781 1179 2820 V
1248 2783 1300 2821 22
1335 2780 1374 2821 G
1394 2781 1494 2822 edd.
1514 2780 1710 2832 priores:
1741 2775 1776 2816 C
1806 2777 1846 2815 V

225 2845 298 2884 ³35
321 2843 513 2883 etfertur
542 2843 583 2882 V
619 2839 638 2896 Η
677 2841 839 2882 foretis
869 2834 942 2892 V'‚
966 2839 1130 2879 sorotis
1161 2838 1204 2877 V
1221 2850 1348 2884 corr„
1372 2850 1445 2878 em.
1470 2836 1612 2876 Periz.
1633 2837 1677 2873 in
1696 2833 1842 2873 adnot.

243 2901 296 2950 217
319 2898 425 2940 .CN.
455 2899 517 2939 V:
550 2898 660 2941 .GN.
685 2899 751 2939 ed.
775 2897 870 2937 Mai
889 2893 906 2950 [1
928 2895 1214 2946 correptione
1244 2894 1295 2941 V,
1317 2906 1391 2934 em.
1414 2892 1616 2944 Piyhius„
1646 2890 1701 2930 28
1733 2885 1841 2942 Gai]

246 2954 338 2998 CN.
369 2955 410 2995 V
484 2956 538 2996 29
562 2953 682 3007 quod
700 2955 739 2994 is
764 2952 1004 2993 auentibus
1034 2951 1077 2990 V
1090 2964 1159 3002 pr.
1190 2963 1240 2990 m.
1316 2951 1370 2990 30
1391 2944 1555 2999 Marci]
1575 2947 1634 2987 M.
1677 2945 1724 2985 V
