1924 3152
797 78 917 156 cAPss
941 74 1016 159 m,
1058 109 1088 168 g
1116 111 1254 154 3—6.
1739 102 1840 153 341

221 219 270 271 si
306 218 440 290 quid
482 218 763 289 superiore
797 217 1000 271 iudicio
1037 225 1222 270 actum
1259 216 1308 269 ei
1336 234 1495 287 quem
1531 223 1724 286 postea
1752 214 1842 267 de-

218 283 474 342 fens'urus
504 297 647 342 esset
671 289 979 342 nociturum
1006 288 1176 354 foret,
1216 306 1324 340 non
1361 287 1567 339 dictum
1605 305 1638 338 a
1665 305 1722 338 se
1749 285 1842 338 ad-

216 361 438 413 firmare
463 367 665 432 posset.
716 361 810 431 qui
835 359 972 411 facti
997 360 1095 411 uix
1120 358 1367 429 pudendi
1394 375 1618 416 caussam
1646 356 1842 410 tolera-

219 430 386 484 bilem
429 430 648 485 habuit:
699 450 804 501 pro,
843 430 1273 500 periclitantium
1319 429 1465 481 enim
1510 429 1689 498 capite
1735 446 1843 480 non

219 501 393 553 solum
422 501 732 573 eloquentia
759 520 857 553 sua
882 501 982 567 uti,
1013 501 1109 553 sed
1138 501 1303 553 etiam
1327 499 1659 553 uerecundia
1686 500 1843 553 abuti
1864 516 1886 548 5

221 579 338 624 erat
363 580 610 643 paratus,

326 643 383 695 6:
420 643 698 697 Sertorius
739 661 898 710 uem,
946 642 1190 713 corporis
1229 642 1428 695 robore
1472 650 1635 712 atque
1673 640 1844 692 animi

216 713 446 767 consilio
475 732 664 785 parem
690 723 920 767 naturae
957 713 1355 782 indulgentiam
1392 720 1680 783 expertuS‚
1720 731 1842 783 pro-

221 785 524 855 scriptione
571 785 797 837 Sullana
842 785 957 837 dux
999 784 1392 837 Lusitanorum
1437 784 1557 836 fieri
1601 791 1841 849 coactuS,

217 873 342 907 cum
369 874 459 908 eos
488 855 732 909 oratione
759 856 979 908 flectere
1003 875 1112 908 non
1137 865 1325 926 posset
1352 874 1420 907 ne
1446 874 1567 907 cum
1580 854 1841 907 Romanis
1866 871 1908 904 10

215 927 479 979 uniuersa
526 928 642 979 acie
689 926 981 996 confligere
1025 925 1258 993 uellent,
1303 926 1462 979 uafro
1508 924 1735 978 consilio
1773 925 1844 978 ad

219 1016 373 1049 suam
404 998 729 1050 sententiam
756 997 1033 1068 perduxit.
1112 997 1248 1050 duos
1291 999 1435 1049 enim
1460 997 1516 1048 in
1544 1003 1845 1066 conspectu

218 1086 409 1120 eorum
435 1069 724 1121 constituit
751 1087 920 1139 equos
934 1109 947 1135 ,
989 1068 1392 1120 ualidissimum
1419 1068 1681 1134 alterum,
1711 1065 1842 1119 alte-

216 1157 339 1190 rum
365 1138 830 1205 infirmissimum,
868 1158 933 1191 ac
969 1139 1166 1191 deinde
1204 1138 1378 1192 ualidi
1406 1138 1638 1192 caudam
1667 1138 1737 1191 ab
1763 1139 1839 1190 in-

214 1208 414 1262 becillo
445 1227 574 1261 sene
601 1209 869 1279 paulatim
899 1211 1079 1281 carpi,
1106 1210 1308 1262 infirmi
1338 1229 1369 1261 a
1395 1211 1590 1262 iuuene
1616 1210 1840 1261 eximia·
1866 1225 1908 1257 15

214 1297 339 1331 rum
363 1279 564 1331 uirium
580 1281 899 1332 uniuersam
919 1280 1154 1334 conuelli
1174 1281 1352 1334 iussit.
1405 1281 1843 1350 obtemperatum

214 1349 444 1421 imperio
473 1359 575 1403 est.
631 1351 727 1403 sed
757 1352 887 1403 dum
915 1350 1285 1404 adulescentis
1323 1352 1553 1404 dextera
1588 1352 1754 1404 inrito
1783 1369 1841 1403 se

213 1419 404 1474 labore
430 1421 649 1491 fatigat,
682 1422 832 1474 senio
861 1424 1110 1475 confecta
1137 1442 1328 1475 manus
1357 1423 1722 1475 ministerium
1750 1441 1840 1474 ex-

217 1500 406 1544 secuta
442 1500 544 1544 est.
606 1501 736 1545 tunc
772 1494 1044 1546 barbarae
1082 1494 1319 1547 contioni
1359 1512 1619 1565 quorsum
1659 1512 1723 1545 ea
1753 1511 1839 1545 res

214 1561 466 1614 tenderet
516 1581 845 1632 cognoscere
907 1565 1151 1634 cupienti
1203 1565 1405 1619 subicit
1455 1566 1578 1635 equi
1629 1563 1840 1617 caudae
1864 1579 1906 1611 20

216 1631 552 1684 consimilem
581 1652 701 1685 esse
728 1643 972 1687 nostrum
1004 1636 1325 1702 exercitum,
1355 1637 1508 1687 cuius
1531 1644 1714 1705 partes
1743 1634 1839 1686 ali-

216 1791 365 1838 aiebat
399 1793 571 1839 nullam
598 1796 863 1842 orationem
903 1810 950 1840 se
988 1798 1263 1857 scripsisse,⁴
1297 1803 1348 1840 ut
1376 1798 1413 1840 si
1453 1796 1561 1855 quid
1598 1797 1836 1855 superiore
1861 1802 1924 1836 Pa1

214 1862 382 1909 iudicio
420 1863 589 1910 factum
626 1865 688 1916 ei,
729 1880 863 1925 quem
890 1873 1052 1926 postea
1088 1866 1362 1911 defensurus
1390 1873 1537 1917 esset,
1576 1866 1837 1912 nociturum

214 1933 363 1985 foret,
401 1948 494 1980 non
533 1935 704 1981 dictum
733 1952 754 1982 a
784 1951 831 1982 se
867 1937 1105 1982 adfirmare
1142 1944 1312 1997 posset.
1388 1939 1427 1981 6.
1468 1936 1699 1982 Sertorius
1736 1951 1837 1981 cum

212 2003 447 2051 Lusitanis
475 2007 750 2066 persuadere
779 2007 942 2059 uellet,
981 2022 1036 2052 ne
1063 2023 1163 2053 cum
1191 2008 1407 2053 Romanis
1434 2007 1650 2054 uniuersa
1678 2007 1834 2053 conssi-
1860 2016 1904 2050 25

217 2082 380 2134 gerent
407 2075 522 2127 acie,
562 2077 678 2123 duos
707 2092 851 2139 equos
879 2080 925 2123 in
953 2079 1202 2139 cOnspectu
1231 2093 1390 2125 eorum
1419 2079 1681 2129 constituit,
1725 2078 1835 2124 uali-

213 2145 451 2192 dissimum
490 2148 709 2199 alterum,
754 2149 946 2196 alterum
986 2150 1368 2201 infirmissimum,
1416 2165 1467 2196 ac
1502 2150 1663 2195 deinde
1700 2149 1836 2195 ualidi

213 2217 400 2262 caudam
437 2217 491 2264 ab
529 2219 739 2265 inbecillo
781 2234 887 2266 sene
925 2221 1142 2282 paulatim
1181 2223 1330 2281 carpi,
1379 2220 1544 2266 infirmi
1581 2221 1634 2267 ab
1673 2221 1836 2266 iuuene

214 2287 476 2332 eximiarum
519 2290 685 2334 uirium
722 2292 983 2338 uniuersam
1023 2292 1219 2337 conuelli
1259 2293 1408 2337 iussit.
1471 2291 1834 2351 obtemperatum

215 2356 408 2416 imperio
449 2366 532 2404 est.
598 2360 676 2404 sed
714 2361 817 2405 dum
857 2362 1162 2407 adulescentis
1198 2363 1382 2408 dextera
1420 2364 1548 2407 irrito
1589 2377 1636 2407 se
1674 2362 1836 2421 fatigat
1860 2371 1903 2403 30

213 2425 395 2477 labore,
427 2430 580 2474 senior
606 2430 910 2476 ministerium
940 2439 1181 2478 exsecutus
1209 2440 1291 2477 est.
1363 2438 1458 2478 tum
1487 2433 1700 2478 barbarae
1728 2447 1835 2478 con-

214 2497 328 2542 tioni
366 2503 586 2557 quorsum
623 2514 674 2545 ea
702 2514 774 2546 res
811 2503 1063 2561 pertineret
1097 2517 1376 2562 cognoscere
1413 2503 1614 2563 cupienti
1643 2503 1836 2548 subiecit

329 2651 350 2688 1
375 2654 530 2690 actum
554 2652 595 2690 ei
618 2652 667 2691 b:
701 2651 857 2692 actim*
879 2653 942 2699 B,
973 2654 1149 2694 factum
1174 2655 1215 2693 ei
1241 2655 1295 2701 P,
1328 2657 1480 2693 actum
1506 2659 1628 2695 esset
1652 2655 1770 2708 quod
1793 2656 1836 2695 ei

215 2705 253 2744 D
275 2719 311 2744 m
372 2708 396 2746 3
421 2707 497 2759 qui
518 2707 610 2746 Db:
643 2709 753 2759 quia
777 2709 817 2748 B
855 2706 878 2764 Π
915 2710 1117 2766 pudendi
1140 2724 1242 2751 nos:
1273 2711 1464 2763 pudenti
1487 2711 1542 2757 B,
1573 2712 1786 2764 pudentis
1809 2713 1834 2751 Ι)

214 2762 266 2801 10
287 2775 372 2802 nec
396 2775 497 2827 cum
520 2763 562 2803 B
583 2771 682 2805 ante
702 2779 792 2806 ras.
858 2769 908 2807 13
933 2766 1129 2807 alterum
1151 2769 1280 2807 semel
1297 2768 1423 2808 habet
1443 2762 1499 2807 B'
1562 2770 1613 2808 15
1635 2782 1836 2809 sene*—

211 2818 405 2858 iuuene*
427 2819 469 2859 B
506 2818 525 2874 ΙΙ
547 2821 604 2861 ab
628 2823 795 2862 iuuene
818 2823 860 2861 P
918 2824 968 2863 18
993 2827 1241 2864 exesecuta
1264 2824 1306 2864 B
1365 2826 1420 2865 20
1443 2825 1611 2865 subicit
1629 2825 1694 2865 B:
1726 2825 1831 2866 sub·

211 2873 324 2913 iecit
344 2876 432 2922 Pb;
462 2878 708 2919 retinuimus
737 2879 930 2930 subicit,
965 2894 1052 2920 cum
1073 2887 1278 2934 sequatur
1298 2882 1443 2934 possit
1465 2889 1508 2922 et
1528 2882 1837 2935 occupauerit,

324 2932 379 2972 23
399 2936 517 2974 immo
540 2937 693 2975 actum
1113 2958 1115 2960 “
