1924 3152
176 123 279 177 136
876 127 976 173 LIB.
1015 126 1086 172 111.

175 236 306 289 dum
342 243 520 288 terrae
555 232 960 300 condicionem,
1011 233 1263 288 habitum
1295 235 1496 304 maris,
1547 237 1791 293 siderum

173 314 353 360 motus
367 346 382 372 ,
414 304 582 358 totius
614 303 844 375 denique
874 303 1065 357 mundi
1087 313 1342 359 naturam
1366 306 1796 378 prudentissime

175 384 229 430 et
254 375 648 428 facundissime
675 375 966 446 expromit.
1019 393 1192 446 paene
1229 384 1415 430 tamen
1449 377 1650 433 occidit
1682 378 1796 449 glo·

176 446 373 500 riosius
398 463 562 516 quam
582 445 780 515 uiguit,
796 445 938 515 rquia
956 453 1072 499 tam
1092 445 1223 501 forti
1242 446 1350 500 fine
1369 447 1657 502 inlustrem
1676 467 1800 520 pro-

133 533 153 565 5
175 515 427 569 fessionis
450 523 634 568 actum
654 515 1035 586 conprobauit,
1058 517 1380 571 Anaxarchi
1417 537 1485 572 ue
1499 537 1611 574 non
1625 520 1800 573 uitam

174 586 337 641 modo
367 589 402 652 †
430 586 674 640 deseruit
699 586 798 638 sed
824 593 1057 640 mortem
1082 587 1327 641 reddidit
1353 606 1382 641 c
1405 589 1655 655 ariorem.

278 658 330 710 5.
369 656 436 709 In
462 656 749 711 Theodoto
777 675 1021 728 quoque,
1058 657 1180 711 uiro
1207 659 1566 727 grauissimo,
1602 660 1799 714 Hiero-

173 746 370 798 nymus
418 735 686 798 tyrannus
722 735 991 780 tortorum
1025 746 1215 780 manus
1264 728 1474 782 frustra
1510 729 1796 800 fatigauit:

175 799 324 869 rupit
349 797 493 851 enim
518 797 778 866 uerbera,
806 796 1057 850 fidiculas
1084 797 1316 867 laxauit,
1345 799 1511 853 soluit
1537 800 1798 868 eculeum,

58 887 61 898 ²
114 886 154 917 10
176 868 462 921 lamminas
499 868 739 922 extinxit
771 867 923 949 prius
961 886 1124 938 quam
1163 868 1382 922 efficere
1415 870 1596 941 potuit
1627 877 1690 923 ut
1714 878 1798 942 ty·

104 955 107 958 ⁴
173 938 465 992 rannicidii
499 938 745 993 conscios
782 938 1066 990 mdicaret.
1130 938 1259 1009 quin
1295 939 1460 992 etiam
1486 939 1797 1008 satellitem,
1855 974 1869 980 κ

173 1010 229 1061 in
257 1028 363 1081 quo
390 1009 555 1063 totius
585 1008 970 1062 dominationis
999 1027 1212 1062 summa
1235 1010 1395 1080 quasi
1420 1010 1657 1082 quodam
1681 1029 1798 1064 car-

175 1080 302 1132 dine
327 1080 672 1146 uersabatur,
702 1077 847 1132 falsa
866 1079 1245 1133 criminatione
1269 1079 1606 1151 inquinando
1623 1081 1797 1135 fidum

173 1149 335 1203 lateri
361 1150 476 1203 eius
507 1149 790 1203 custodem
826 1149 1053 1220 eripuit,
1090 1149 1464 1222 beneficioque
1499 1151 1799 1223 patientiae

112 1234 151 1269 15
174 1237 284 1273 non
311 1219 484 1272 solum
511 1238 654 1292 quae
681 1219 896 1274 occulta
921 1219 1143 1272 fuerunt
1169 1220 1334 1288 texit,
1373 1221 1469 1274 sed
1497 1221 1663 1275 etiam
1687 1230 1797 1276 tor-

173 1298 356 1343 menta
381 1309 481 1344 sua
514 1289 662 1344 ultus
692 1298 793 1343 est.
856 1289 1054 1361 quibus
1081 1290 1481 1362 HieronmeS,
1532 1293 1661 1345 dum
1694 1293 1796 1345 ini-

174 1362 373 1414 micum
398 1360 597 1431 cupide
622 1360 855 1428 lacerat,
895 1359 1129 1412 amicum
1154 1369 1359 1415 temere
1385 1362 1644 1432 perdidit.

280 1432 329 1484 6.
371 1430 540 1502 Apud
567 1429 735 1484 Indos
762 1448 894 1483 uero
921 1431 1223 1501 patientiae
1250 1430 1535 1487 meditatio
1562 1441 1675 1487 tam
1701 1433 1796 1488 ob·

175 1503 375 1554 stinate
425 1501 682 1572 usurpari
726 1500 996 1568 creditur,
1045 1510 1107 1553 ut
1155 1502 1265 1554 sint
1306 1502 1398 1573 qui
1450 1521 1608 1556 omne
1647 1504 1797 1557 uitae

110 1587 151 1620 20
175 1580 389 1642 tempus
418 1571 551 1624 nudi
589 1571 843 1640 exigant,
889 1571 1049 1625 modo
1078 1571 1314 1625 Caucasi
1338 1574 1538 1627 montis
1575 1572 1798 1643 glaciali

172 1642 356 1711 rigore
382 1659 612 1723 corpora
639 1660 738 1694 sua
765 1641 1026 1695 durantes
1040 1682 1055 1710 ,
1093 1643 1254 1696 modo
1280 1641 1512 1696 fiammis
1541 1643 1659 1696 sine
1683 1642 1797 1698 ullo

171 1712 379 1782 gemitu
415 1711 730 1765 obicientes.
789 1720 951 1783 atque
976 1712 1060 1764 his
1095 1712 1244 1765 haud
1268 1731 1446 1784 parua
1468 1713 1648 1783 gloria
1672 1732 1796 1768 con-

172 1790 383 1852 temptu
404 1781 604 1836 doloris
635 1782 946 1854 adquiritur
970 1782 1272 1854 titulusque
1295 1783 1598 1864 sapientiae
1618 1784 1794 1838 datur.

281 1854 331 1905 7.
369 1852 524 1905 Haec
562 1853 938 1924 epectoribus
978 1852 1103 1906 altis
1141 1862 1197 1906 et
1232 1854 1454 1907 erudltis
1495 1861 1615 1908 orta
1649 1864 1796 1922 sunt,

110 1939 151 1971 25
173 1922 310 1975 illud
348 1930 532 1976 tamen
573 1942 684 1977 non
727 1924 904 1975 minus
956 1923 1280 1977 admirabile
1324 1923 1536 1977 seruilis
1581 1925 1795 1977 animus

176 1993 335 2063 cepit.
413 1992 616 2046 Seruus
650 1993 920 2047 barbarus
958 1993 1389 2062 Hasdrubalem,
1441 1993 1589 2064 quod
1623 1995 1795 2048 domi-

173 2081 306 2115 num
333 2081 491 2115 suum
517 2063 812 2117 occidisset
837 2063 1083 2133 grauiter
1107 2063 1317 2130 serene,
1365 2063 1546 2117 subito
1573 2063 1796 2135 adgres-

60 2207 152 2241 ear.
177 2195 327 2255 inquit
354 2195 631 2241 ‘Anaxarchi
658 2195 813 2241 fer1s'.
862 2199 902 2241 5.
933 2195 1196 2240 Theodotus
1222 2194 1276 2240 ab
1302 2195 1577 2255 Hieronymo
1602 2202 1796 2256 tyranno

175 2261 396 2312 innocens
434 2266 647 2324 punitus,
698 2263 1010 2311 fidelissimum
1056 2264 1154 2310 eius
1192 2263 1432 2311 satellitem
1468 2267 1688 2312 mentitus
1723 2273 1797 2312 est

110 2348 152 2382 30
175 2335 472 2382 consiliorum
500 2349 687 2382 suorum
712 2335 980 2396 participem
1006 2335 1175 2387 fuisse,
1203 2342 1248 2381 et
1272 2336 1335 2382 ita
1358 2334 1663 2398 Hieronymus
1689 2335 1796 2382 dum

175 2406 405 2452 inimicum
443 2406 603 2466 cupide
639 2406 824 2457 lacerat,
862 2412 1033 2452 temere
1067 2406 1267 2467 perdidit
1301 2408 1508 2453 amicum.
1584 2409 1625 2452 6.
1662 2406 1795 2467 Apud

174 2477 307 2523 Indos
334 2489 433 2522 esse
460 2476 731 2530 creduntur,
770 2477 848 2537 qui
887 2488 1018 2522 omne
1043 2476 1164 2522 uitae
1195 2483 1372 2538 tempus
1398 2477 1507 2523 nudi
1544 2478 1725 2538 exigant
1750 2482 1798 2522 et

176 2561 224 2593 se
260 2547 451 2594 flammis
490 2548 587 2593 sine
614 2549 785 2607 gemitu
823 2546 1046 2599 obiciant,
1091 2549 1169 2608 qui
1196 2548 1603 2609 gymnosophistae
1626 2560 1797 2593 uocen·

176 2624 265 2662 tur.
342 2620 383 2662 7.
421 2618 595 2664 Seruus
620 2617 842 2664 barbarus
869 2617 1219 2670 Hasdrubalem,
1258 2618 1379 2679 quod
1404 2618 1636 2665 dominum
1662 2629 1795 2663 suum

289 2755 315 2794 3
365 2754 646 2807 exprompsit
685 2755 710 2795 b
789 2757 814 2796 6
864 2754 1068 2796 deseruit
1106 2755 1171 2795 B:
1238 2754 1478 2795 decorauit
1512 2751 1798 2806 probabiliter

180 2809 383 2851 Foertecb
403 2809 472 2858 II,
495 2812 550 2849 17
618 2813 642 2851 7
672 2817 715 2851 et
738 2812 789 2852 16
818 2811 1101 2852 hieronimus
1123 2810 1166 2851 B
1224 2812 1251 2851 9
1282 2809 1472 2850 fidicula
1499 2809 1543 2849 B
1610 2808 1663 2849 18
1691 2807 1795 2848 hin-

176 2865 257 2907 dos
283 2865 327 2906 B
386 2867 440 2907 19
470 2866 592 2906 omni
621 2865 665 2906 B
723 2869 778 2908 20
807 2867 1000 2920 glaciali
1027 2867 1070 2907 B
1098 2879 1212 2909 corr.
1245 2879 1268 2907 e
1295 2865 1453 2919 gladio
1512 2865 1566 2905 22
1594 2862 1719 2904 haud
1737 2884 1797 2894 —-·

177 2925 441 2976 contemptu
460 2921 504 2962 B
523 2923 567 2962 in
590 2924 718 2962 litura
778 2924 831 2963 26
853 2926 988 2964 malim
1009 2922 1228 2976 concepit
