1924 3152
243 161 346 215 302
943 165 1041 211 LIB.
1080 165 1148 211 Vl.

227 291 348 342 xquo
378 271 597 341 sponsio
624 271 797 335 fieret,
829 290 886 324 se
915 271 1319 342 appellantibus
1346 290 1469 326 eum
1495 274 1856 334 creditoribus

243 341 447 394 auxilio
470 341 737 407 futurum,
765 342 842 393 ini
881 360 1012 393 uum
1026 350 1206 396 ratum
1217 343 1560 396 maiestatem
1578 343 1853 414 publicam

241 411 490 481 priuatae
525 411 790 481 perfidiae
827 430 856 464 o
900 413 1077 466 tentui
1114 431 1252 465 esse.
1325 414 1509 484 itaque
1545 414 1764 468 Cottam
1796 417 1854 467 in

242 481 526 534 tribunatu
553 482 709 551 quasi
733 482 791 533 in
818 481 996 553 aliquo
1025 484 1262 537 sacrario
1283 484 1540 538 latentem
1558 485 1855 539 tribunicia

204 571 222 603 5
242 551 370 603 inde
397 551 607 604 iustitia
634 553 893 606 extraxit.

347 620 398 674 5.
441 620 609 674 Cuius
659 629 721 675 ut
771 622 843 674 ad
893 622 1061 676 alium
1112 641 1283 695 aeque
1332 622 1617 676 inlustrem
1667 633 1850 678 actum

239 692 634 760 transgrediar,
664 691 762 745 Cn.
791 693 1068 746 Domitius
1097 694 1350 747 tribunus
1377 692 1451 764 pl.
1477 693 1553 746 M.
1583 693 1850 747 Scaurum

238 761 542 831 principem
566 762 807 814 ciuitatis
833 763 891 814 in
916 763 1176 815 iudicium
1202 762 1390 834 populi
1418 763 1732 831 deuocauit‚
1768 774 1847 831 ut,

241 831 287 882 si
313 832 537 884 fortuna
562 833 881 902 aspirasset,
907 833 1083 900 ruina,
1114 833 1198 885 sin
1223 834 1419 900 minus,
1448 841 1594 886 certe
1614 834 1736 904 ipsa
1756 835 1848 887 ob-

176 922 217 953 10
242 902 563 954 trectatione
613 902 934 972 amplissimi
983 904 1091 955 uiri
1138 904 1534 956 incrementum
1584 903 1847 957 claritatis

242 971 695 1041 adprehenderet.
745 973 899 1026 cuius
928 973 1271 1054 opprimendi
1297 975 1419 1026 cum
1440 991 1647 1046 sumsmo
1668 973 1848 1027 studio

239 1040 527 1110 flagraret,
564 1061 755 1095 seruus
783 1043 976 1096 Scaurl
1010 1052 1175 1098 noctu
1201 1044 1273 1096 ad
1308 1062 1429 1096 eum
1455 1044 1730 1114 peruenit,
1770 1044 1847 1096 in-

240 1119 572 1165 structurum
600 1131 659 1166 se
695 1113 811 1166 eius
849 1115 1254 1167 accusationem
1289 1113 1476 1167 multis
1504 1121 1558 1167 et
1583 1115 1846 1184 grauibus

239 1181 447 1235 domini
474 1183 793 1236 criminibus
820 1185 1159 1254 promittens.
1199 1192 1316 1238 erat
1341 1185 1398 1236 in
1421 1185 1610 1238 eodem
1628 1191 1847 1255 pectore

172 1272 212 1305 15
236 1252 488 1305 inimicus
518 1260 577 1306 et
601 1254 885 1307 Domitius
918 1253 994 1325 [et
1019 1255 1315 1323 dominus],
1349 1254 1568 1307 diuersa
1594 1254 1846 1307 aestima-

235 1322 381 1375 tione
415 1323 688 1376 nefarium
731 1324 995 1376 indicium
1030 1326 1387 1395 perpendens.
1461 1324 1675 1376 iustitia
1709 1324 1846 1376 uicit

234 1392 446 1445 odium:
507 1394 763 1446 continuo
809 1394 952 1446 enim
989 1402 1043 1446 et
1078 1395 1187 1446 suis
1225 1394 1448 1447 auribus
1485 1394 1752 1447 obseratis
1790 1401 1844 1446 et

233 1461 430 1514 indicis
469 1481 560 1515 ore
597 1462 782 1515 clauso
818 1464 945 1517 duci
982 1482 1102 1517 eum
1129 1463 1200 1515 ad
1226 1464 1493 1517 Scaurum
1518 1464 1697 1516 iussit.
1759 1482 1843 1516 ac-

234 1541 545 1585 cusatorem
571 1534 736 1586 etiam
761 1552 854 1586 reo
882 1552 997 1600 6110,
1026 1552 1094 1587 ne
1121 1534 1296 1587 dicam
1317 1534 1674 1603 diligendum,
1702 1541 1845 1586 certe

167 1623 209 1655 20
231 1600 568 1655 laudandum
588 1606 599 1656 2
627 1622 786 1673 quem
811 1603 1045 1674 populus
1074 1621 1195 1656 cum
1216 1611 1439 1674 propter
1460 1603 1594 1656 alias
1613 1604 1844 1656 uirtutes

232 1681 348 1724 tum
373 1673 476 1725 hoc
500 1675 720 1727 nomine
746 1673 1005 1727 libentius
1033 1682 1087 1727 et
1114 1674 1393 1728 consulem
1414 1682 1467 1726 et
1488 1691 1768 1726 censorem
1789 1681 1844 1725 et

231 1743 546 1812 pontificem
572 1744 875 1796 maximum
900 1744 1050 1797 fecit.

338 1813 392 1865 6.
420 1812 535 1866 Ν66
562 1813 723 1867 aliter
749 1833 807 1867 se
833 1814 896 1867 L.
922 1814 1153 1867 Crassus
1180 1815 1237 1866 in
1264 1813 1455 1868 eodem
1480 1813 1725 1866 iustitiae
1752 1831 1841 1865 ex-

229 1883 533 1952 perimento
559 1885 746 1954 gessit.
800 1884 899 1937 Cn.
919 1885 1187 1938 Carbonis
1214 1901 1411 1937 nomen
1436 1883 1635 1937 infesto
1663 1883 1844 1935 animo

166 1974 207 2007 25
230 1961 418 2023 utpote
439 1954 801 2008 inimicissimi
823 1955 929 2008 sibi
950 1954 1236 2021 detulerat,
1266 1954 1362 2007 sed
1382 1962 1569 2035 tamen
1585 1953 1842 2006 scrinium

232 2024 345 2075 eius
383 2040 415 2075 a
441 2042 600 2077 seruo
638 2024 883 2077 adlatum
911 2025 981 2077 ad
1009 2043 1093 2091 se,
1129 2025 1391 2094 conplura
1418 2023 1840 2093 continensqui-

229 2093 332 2144 bus
353 2093 516 2146 facile
539 2095 775 2165 opprimi
795 2103 998 2164 posset,
1025 2103 1087 2148 ut
1109 2102 1226 2147 erat
1245 2095 1519 2163 signatum
1541 2111 1662 2145 cum
1682 2110 1841 2144 seruo

115 2238 207 2274 Par.
235 2222 443 2271 tisfacere
479 2225 644 2276 nollet,
683 2225 926 2285 collegium
965 2225 1250 2272 tribunorum
1287 2225 1490 2271 decreuit
1525 2224 1738 2270 creditori
1766 2225 1840 2269 ad-

229 2308 392 2341 uersus
420 2295 641 2356 collegam
667 2295 882 2342 auxilium
909 2295 1044 2342 ferre.
1095 2300 1137 2341 5.
1177 2295 1252 2341 Cn.
1276 2295 1496 2340 Domitius
1527 2294 1626 2340 trib.
1653 2295 1716 2355 pl.
1738 2308 1838 2341 cum

167 2375 208 2408 30
231 2364 346 2410 diem
373 2365 543 2412 Scauro
572 2366 779 2417 dixisset,
818 2379 980 2412 seruus
1007 2365 1161 2412 Scauri
1196 2372 1337 2411 noctu
1364 2365 1418 2410 ad
1445 2379 1545 2411 eum
1583 2366 1733 2415 uenit,
1771 2365 1838 2409 in-

230 2442 511 2482 structurum
556 2451 604 2482 se
650 2438 746 2483 eius
793 2437 1123 2497 accusationem
1167 2435 1323 2482 multis
1367 2436 1534 2482 domini
1577 2434 1840 2481 criminibus

228 2508 515 2566 promittens.
577 2513 729 2553 motus
755 2508 826 2553 his
856 2507 1077 2553 Domitius
1105 2520 1288 2553 seruum
1315 2505 1485 2552 Scauro
1512 2505 1685 2550 remisit
1709 2507 1839 2565 puni-

230 2577 408 2623 endum.
482 2580 524 2622 6.
564 2578 613 2623 L.
640 2578 830 2624 Crassus
858 2578 928 2623 die
954 2578 1071 2625 (licta
1099 2577 1173 2623 Cn.
1203 2576 1407 2627 Carboni,
1436 2590 1537 2622 cum
1557 2589 1720 2622 seruus
1742 2576 1838 2619 eius

230 2648 283 2692 ad
311 2662 359 2693 se
387 2648 601 2695 scrinium
639 2649 807 2695 domini
834 2648 1070 2694 adtulisset
1105 2648 1339 2708 complura
1375 2646 1635 2696 continens,
1673 2643 1837 2703 quibus

342 2786 367 2823 2
390 2785 595 2836 iniquum
616 2786 659 2826 B
680 2787 722 2826 in
743 2799 855 2831 ras.,·
888 2799 942 2826 an
963 2799 1020 2826 ex
1041 2785 1240 2826 inicum?
1268 2781 1289 2838 Η
1327 2787 1454 2824 ratus
1477 2782 1519 2822 B
1578 2783 1603 2822 3
1625 2779 1835 2821 obtentui

229 2839 278 2880 b:
309 2839 503 2893 optentfi
523 2842 578 2890 B,
601 2849 647 2882 ut
667 2844 835 2883 uidetur
873 2838 891 2895 ΙΙ
933 2838 981 2882 ee
1002 2841 1044 2881 B
1064 2843 1107 2882 in
1128 2854 1215 2884 ras.
1277 2842 1305 2880 4
1325 2837 1623 2879 tribuniciam
1645 2835 1749 2876 inde
1766 2835 1834 2874 iu-

230 2897 413 2945 sticiam
435 2890 492 2937 B'
570 2900 594 2938 9
616 2897 750 2939 ruina
769 2899 791 2938 b
867 2899 918 2939 15
942 2901 988 2939 et
1009 2897 1217 2938 dominus
1247 2899 1329 2938 del.
1353 2895 1499 2935 Periz.
1523 2899 1564 2934 et
1585 2892 1608 2932 b
1683 2893 1733 2932 17
1756 2891 1835 2931 ob—

229 2954 427 2994 seruatis
451 2947 506 2993 B'
565 2955 618 2995 23
643 2967 690 2994 se
712 2957 754 2995 in
775 2954 817 2994 B
838 2967 871 2995 3.
896 2958 921 2995 l.
944 2967 999 2996 m.
1022 2957 1047 2993 2
