1924 3152
497 147 618 194 CAP.
643 147 712 198 Vl,
739 146 834 192 Ext.
858 147 888 206 S
916 149 954 191 1.
982 151 1023 192 2.
1051 146 1137 197 Vll,
1159 141 1192 204 'S
1223 147 1359 189 1-3.
1389 144 1493 191 VIlI.
1699 138 1804 191 309

159 243 288 308 „liae
316 254 709 321 Gracchorum,
753 262 942 308 tantae
968 253 1074 305 fuit
1099 252 1374 306 comitatis
1402 260 1457 306 et
1482 235 1800 322 patientiae,

99 363 102 366 -
180 333 262 393 ut,
308 344 430 379 cum
467 326 632 379 sciret
670 326 790 377 uiro
830 343 927 377 suo
974 323 1293 376 ancillulam
1330 342 1399 376 ex
1436 323 1547 375 suis
1586 331 1803 392 gratam

183 415 332 463 esse,
362 395 823 461 dissimulauerit,
850 415 918 448 ne
946 395 1269 447 domitorem
1297 394 1445 447 orbis
1474 393 1804 446 Africanum

180 466 387 519 femina
410 485 668 536 magnum
695 467 876 518 uirum
895 466 1255 536 inpatientiae
1276 484 1429 517 reum
1452 472 1656 534 ageret,
1686 472 1803 517 tan-

182 548 405 607 tumque
442 556 475 589 a
509 536 760 589 uindicta
796 555 948 589 mens
977 537 1093 588 eius
1131 536 1299 603 afuit,
1337 544 1398 588 ut
1424 545 1548 606 post
1573 543 1805 588 mortem
1827 554 1847 587 5

180 607 435 662 Africani
461 626 627 659 manu
662 608 887 660 missam
924 606 1180 660 ancillam
1217 608 1274 658 in
1309 607 1719 660 matrimonium
1744 605 1804 657 li-

179 678 339 732 berto
367 697 464 730 suo
493 677 667 730 daret.
1144 687 1147 691 ’

286 749 338 799 2.
381 748 448 814 Q.
484 748 802 819 Lucretium
848 750 1218 819 proscriptum
1253 767 1285 800 a
1320 748 1623 800 triumuiris
1665 765 1806 799 uxor

181 819 352 872 Turia
376 819 520 872 inter
545 837 817 871 cameram
845 828 900 872 et
926 827 1131 872 tectum
1149 818 1389 871 cubiculi
1417 818 1669 871 abditum
1693 836 1807 870 una

183 889 406 942 conscia
432 889 690 942 ancillula
716 891 785 943 ab
811 890 1108 943 inminente
1136 890 1304 943 exitio
1333 908 1442 941 non
1465 891 1583 941 sine
1602 907 1804 958 magno
1829 908 1871 941 10

182 959 428 1031 periculo
447 979 543 1013 suo
565 968 742 1012 tutum
763 961 1058 1031 praestitit,
1089 960 1466 1031 singularique
1489 960 1597 1012 fide
1615 959 1673 1011 id
1694 959 1807 1028 egit

181 1039 268 1097 ut,
315 1049 435 1082 cum
473 1032 641 1084 ceteri
674 1033 972 1102 proscripti
1006 1032 1065 1083 in
1101 1030 1293 1083 alienis
1324 1040 1379 1084 et
1403 1030 1696 1083 hostilibus
1723 1049 1805 1082 re-

182 1101 440 1170 gionibus
468 1121 566 1172 per
594 1120 830 1154 summos
860 1103 1104 1173 corporis
1133 1110 1186 1154 et
1213 1103 1382 1154 animi
1409 1101 1686 1156 cruciatus
1707 1101 1807 1152 uix

185 1171 502 1239 euaderent,
529 1171 622 1225 ille
648 1174 705 1224 in
733 1173 982 1226 cubiculo
995 1183 1058 1227 et
1078 1174 1135 1225 in
1156 1173 1402 1242 coniugis
1429 1173 1553 1225 sinu
1573 1171 1805 1224 salutem
1841 1192 1848 1197 -

181 1243 463 1300 retineret.
1829 1260 1870 1293 15

289 1313 341 1364 3.
381 1311 626 1383 Sulpicia
661 1323 868 1379 autem,
913 1333 1034 1366 cum
1062 1333 1094 1366 a
1120 1323 1294 1366 matre
1323 1313 1466 1366 Iulia
1502 1313 1806 1382 diligentis-

182 1382 316 1435 sime
345 1383 734 1452 custodiretur,
762 1404 830 1437 ne
842 1385 1138 1438 Lentulum
1151 1384 1598 1451 Cruscellionem,
1626 1384 1808 1435 uirum

182 1472 341 1505 suum
367 1456 739 1525 proscriptum
765 1475 797 1507 a
824 1456 1129 1509 triumuiris
1157 1456 1215 1507 in
1243 1454 1486 1507 Siciliam
1513 1474 1675 1526 prose
1715 1474 1806 1507 ue-

181 1533 361 1590 retur,
399 1525 569 1578 nihilo
597 1526 779 1578 minus
807 1525 1065 1589 famulari
1092 1535 1498 1596 ueste‘fflimpta
1523 1545 1647 1578 cum
1714 1544 1805 1577 ua-

181 1594 284 1647 bus
322 1594 534 1647 ancillis
581 1596 919 1667 totidemque
966 1598 1142 1649 seruis
1183 1597 1254 1650 ad
1292 1612 1415 1649 eum
1458 1596 1804 1649 clandestina
1826 1615 1867 1647 20

180 1663 318 1732 fuga
342 1666 614 1735 peruenit,
641 1684 742 1718 nec
767 1668 1046 1720 recusauit
1073 1687 1130 1719 se
1155 1668 1334 1738 ipsam
1357 1667 1719 1738 proscribere,
1747 1674 1808 1718 ut

184 1734 234 1786 ei
260 1734 396 1787 fides
425 1754 526 1787 sua
550 1736 607 1788 in
634 1738 864 1806 coniuge
890 1739 1198 1808 proscripto
1228 1746 1524 1791 constaret.

523 1877 684 1930 VIII.
723 1881 822 1928 DE
853 1882 1027 1930 FIDE
1049 1881 1183 1930 SER
1197 1881 1332 1931 VOR
1345 1882 1463 1933 VM.

288 1974 482 2027 Restat
515 1983 576 2027 ut
612 1993 900 2028 seruorum
938 1978 1106 2029 etiam
1134 1996 1265 2046 erga
1293 1976 1545 2031 dominos
1574 1993 1679 2047 quo
1707 1975 1804 2028 mi—

180 2063 282 2097 nus
311 2054 663 2116 expectatam
689 2046 792 2100 hoc
819 2047 1240 2101 laudabiliorem
1275 2047 1440 2100 fidem
1476 2046 1798 2100 referamus.
1825 2058 1868 2091 25

286 2177 383 2223 DE
416 2179 583 2223 FIDE
631 2180 808 2226 VXOR
826 2180 931 2226 VM.
992 2185 1033 2227 2.
1073 2181 1122 2237 Q.
1150 2181 1411 2227 Lucretium
1438 2182 1751 2241 proscriptum
1780 2197 1803 2227 a
1829 2185 1918 2219 Par.

182 2248 436 2294 triumuiris
474 2264 588 2296 uxor
616 2251 750 2311 Tyria
789 2253 908 2296 inter
943 2265 1165 2297 cameram
1206 2259 1251 2297 et
1279 2259 1447 2298 tectum
1476 2252 1674 2298 cubiculi
1703 2266 1804 2297 cum

181 2332 269 2363 una
296 2319 478 2365 conscia
505 2319 667 2365 ancilla
693 2321 945 2367 abscondit.
1023 2325 1062 2367 3.
1104 2322 1303 2383 Sulpicia
1335 2332 1443 2369 'cum
1472 2338 1495 2368 a
1522 2329 1666 2368 matre
1691 2322 1805 2368 Iulia

187 2389 512 2439 custodiretur,
542 2404 597 2435 ne
625 2390 868 2437 Lentulum
895 2392 1225 2439 Cruscilionem
1253 2394 1564 2454 proscriptum
1592 2408 1616 2438 a
1644 2395 1805 2438 trium-

183 2459 296 2502 uiris
334 2464 379 2502 et
417 2460 462 2503 in
490 2459 693 2505 Siciliam
733 2468 1044 2508 transeuntem
1081 2471 1381 2523 sequeretur,
1420 2463 1631 2509 famulari
1671 2471 1803 2509 ueste
1826 2474 1868 2505 30

183 2528 350 2573 iniecta
377 2542 526 2574 comes
555 2530 654 2575 eius
682 2531 816 2590 fugae
843 2532 960 2577 facta
989 2540 1074 2578 est.
1868 2548 1872 2552 '

294 2667 322 2704 4
361 2666 649 2719 inpotentiae
679 2668 856 2720 Lipsius
889 2669 1191 2720 probabiliter,
1221 2684 1262 2711 u.
1293 2670 1501 2710 Foertsclz
1530 2670 1608 2716 II,
1639 2673 1695 2711 28
1777 2673 1803 2712 5

181 2734 310 2762 mens
334 2723 402 2762 ei:
435 2722 480 2774 (i.
505 2736 542 2763 e.
568 2722 686 2774 eius)
711 2725 831 2764 afuit
851 2724 907 2772 Β,
931 2727 1011 2765 sed
1030 2726 1121 2765 sei:
1155 2725 1275 2766 afuit
1296 2729 1339 2766 in
1359 2740 1450 2768 ras.
1531 2729 1556 2767 9
1580 2727 1700 2778 tyria
1721 2728 1800 2774 Pb,

175 2777 282 2828 sort.
305 2780 477 2819 Turcia
557 2782 608 2821 17
633 2780 958 2821 cruscilionem
980 2783 1043 2822 Pb
1125 2784 1177 2822 18
1199 2787 1559 2835 prosequeretur
1579 2784 1689 2823 DE:
1730 2796 1801 2824 se-

181 2839 400 2886 queretur
429 2836 472 2875 B
501 2850 629 2877 erasa
659 2843 757 2878 ante
786 2850 807 2877 s
839 2839 984 2878 littera
1012 2852 1040 2892 p
1072 2841 1141 2878 uel
1159 2851 1204 2891 p,
1235 2845 1594 2894 persequeretur
1614 2841 1804 2893 Kenzpf‚·

179 2889 238 2938 cf.
271 2894 309 2937 7,
332 2895 372 2939 5,
395 2894 423 2932 4
502 2894 554 2934 19
596 2893 822 2934 familiari
851 2888 904 2934 B'
986 2897 1040 2936 20
1085 2895 1377 2937 clandestina
1397 2920 1455 2926 —
1475 2896 1682 2938 dominos
1714 2910 1800 2949 quo

182 2944 242 2996 (u.
265 2947 340 3000 24)
371 2949 413 2988 B
434 2950 477 2989 in
499 2952 628 2990 litura
650 2951 774 2991 habet
