1924 3152
581 155 698 201 CAP.
725 155 775 206 V,
803 153 833 212 g
859 157 1000 198 4-7.
1026 153 1124 200 Ext.
1152 153 1181 212 g
1208 155 1251 200 1.
1277 157 1319 199 2.
1659 146 1766 200 303

147 270 404 318 catenato
433 264 505 315 ad
531 280 655 315 eum
679 262 910 315 remisit.
960 280 1066 332 quo
1093 268 1254 332 paeto
1277 259 1448 329 igitur
1467 260 1612 312 inter
1633 260 1763 312 ami-

144 353 235 388 eos
272 334 514 404 uiguisse
553 342 685 386 tune
717 332 986 385 iustitiam
1021 332 1322 398 eredimuS,
1360 349 1484 384 eum
1508 330 1652 382 inter
1679 348 1763 382 ae-

145 413 422 458 cusatores
462 421 675 475 quoque
711 411 764 456 et
800 420 921 456 reos
958 411 1173 456 tantum
1208 403 1413 455 uirium
1458 401 1764 455 obtinuisse

144 475 470 529 uideamus?

252 547 300 598 7.
328 544 471 597 Nam
495 544 560 596 L.
575 542 727 597 Sulla
752 563 862 598 non
889 563 947 598 se
973 553 1086 597 tam
1110 543 1438 598 ineolumem
1459 561 1624 615 quam
1646 541 1762 596 Sul·
1786 556 1808 589 5

141 616 347 688 picium
366 614 572 667 Rufum
596 614 874 685 perditum
898 614 1090 682 uoluit,
1118 615 1412 668 tribunicio
1433 615 1621 668 furore
1649 615 1763 667 eius

143 686 260 740 sine
284 685 395 739 ullo
425 686 533 739 fine
551 694 805 739 uexatus.
845 693 1087 739 eeterum
1107 704 1229 739 eum
1251 703 1373 739 eum
1394 686 1766 757 proscriptum
1826 736 1835 737 „

142 766 195 810 et
229 757 286 810 in
320 756 454 809 uilla
499 756 762 810 latentem
797 775 831 809 a
867 775 1025 811 seruo
1072 757 1374 827 proditum·
1400 758 1760 827 conperisset,

140 846 308 880 manu
325 828 555 880 missum
575 827 929 897 parricidam,
956 836 1018 881 ut
1038 827 1177 880 fides
1199 827 1366 880 edicti
1388 828 1473 880 sui
1494 834 1761 893 exstaret,

141 899 498 969 praecipitari
531 899 781 968 protinus
819 917 954 951 saxo
992 898 1228 969 Tarpeio
1264 917 1389 951 eum
1424 897 1517 951 illo
1556 897 1761 950 scelere
1785 910 1826 941 10

140 976 300 1040 parto
322 967 488 1039 pilleo
509 969 691 1036 iussit,
717 970 894 1022 uictor
916 968 1156 1039 alioquin
1179 968 1439 1037 insolenS,
1464 968 1567 1022 hoo
1592 969 1762 1039 impe-

142 1040 222 1094 rio
250 1040 607 1092 iustissimUS.

248 1114 368 1163 Ext.
400 1111 446 1163 1.
488 1109 698 1162 Verum
734 1127 803 1162 ne
840 1109 1180 1179 alienigenae
1215 1110 1460 1164 iustitiae
1498 1108 1657 1164 obliti
1681 1109 1760 1161 ui-

144 1182 385 1247 deamur,
413 1180 661 1234 Pittacus
687 1179 1073 1252 MytilenanS,
1101 1181 1255 1235 ouius
1283 1190 1379 1235 aut
1404 1181 1615 1233 meritis
1643 1188 1762 1233 tan-

141 1259 258 1304 tum
284 1251 431 1304 ciues
461 1250 769 1304 debuerunt
795 1260 891 1305 aut
915 1252 1162 1305 moribus
1200 1251 1555 1304 erediderunt
1569 1290 1583 1318 ,
1621 1259 1682 1304 ut
1709 1251 1757 1303 ei
1781 1261 1823 1295 15

141 1321 416 1392 suffragiis
443 1321 794 1392 tyrannidem
821 1321 1124 1390 deferrent,
1171 1331 1284 1376 tam
1312 1322 1406 1374 diu
1430 1321 1568 1375 illud
1594 1316 1762 1392 impe—

139 1393 280 1445 rium
307 1393 585 1460 sustinuit,
649 1411 776 1445 uam
804 1392 899 1446 diu
924 1393 1130 1447 bellum
1158 1393 1226 1446 de
1253 1392 1416 1462 Sigeo
1445 1411 1568 1445 eum
1592 1393 1762 1445 Athe—

141 1463 423 1517 niensibus
450 1481 619 1533 geren
661 1482 755 1516 um
779 1463 900 1518 fuit.
940 1471 1232 1535 postquam
1253 1471 1437 1517 autem
1458 1481 1571 1534 pax
1590 1465 1761 1516 uieto-

140 1534 223 1586 ria
266 1542 426 1604 parta
466 1542 578 1602 est,
630 1535 885 1588 continuo
930 1534 1359 1589 reclamantibus
1406 1533 1760 1605 Mytilenaeis

142 1604 414 1674 deposuit,
441 1623 509 1657 ne
537 1603 787 1659 dominus
816 1606 1020 1659 eiuium
1044 1605 1191 1659 ultra
1217 1623 1381 1676 quam
1401 1607 1483 1658 rei
1508 1605 1760 1676 publicae
1784 1616 1826 1648 20

139 1674 440 1727 necessitas
485 1683 746 1745 exegerat
788 1685 1154 1746 permaneret.
1224 1683 1389 1747 atque
1434 1676 1602 1729 etiam
1638 1694 1761 1729 oum

139 1745 450 1815 recuperati
476 1746 597 1814 agri
624 1745 854 1799 dimidia
919 1765 1008 1799 ars
1036 1764 1309 1800 consensu
1336 1747 1577 1800 omnium
1604 1747 1762 1799 offer-

138 1823 318 1884 retur,
356 1817 559 1870 auertit
584 1817 828 1869 animum
854 1765 924 1870 al.)
953 1835 1014 1870 eo
1049 1835 1302 1883 munere,
1340 1817 1584 1870 deforme
1620 1815 1762 1868 iudi-

140 1904 271 1940 cans
297 1886 521 1940 uirtutis
547 1885 784 1957 gloriam
810 1887 1187 1957 magnitudine
1228 1886 1468 1958 praedae
1495 1887 1760 1939 minuere.

245 1956 295 2008 2.
325 1956 570 2010 Alterius
599 1976 743 2011 nune
768 1958 903 2010 mihi
927 1958 1225 2029 prudentia
1250 1958 1540 2011 referenda
1569 1966 1671 2023 est,
1698 1965 1760 2010 ut
1784 1968 1826 2001 25

104 2039 106 2041 ’
139 2027 362 2080 alterius
398 2046 457 2080 re
499 2029 1051 2091 raesentariiustitia
1088 2028 1283 2099 possit.
1357 2047 1479 2081 eum
1517 2027 1760 2082 saluber-

138 2097 275 2150 rimo
311 2047 539 2152 consilio
576 2099 976 2154 Themistocles
1023 2101 1262 2170 migrare
1300 2099 1665 2152 Athenienses
1703 2099 1762 2150 in
1806 2154 1816 2170 Ι

139 2230 283 2276 Carbo
311 2231 440 2278 facile
467 2233 663 2293 opprimi
689 2240 861 2294 posset,
890 2240 941 2279 ut
966 2240 1063 2280 erat
1090 2235 1319 2294 signatum
1347 2248 1448 2280 cum
1475 2246 1609 2279 seruo
1639 2238 1758 2279 eate—
1782 2235 1876 2269 Par.

139 2307 246 2348 nato
275 2302 329 2347 ad
355 2302 587 2348 dominum
614 2304 802 2350 remisit.
879 2308 920 2350 7.
957 2304 1006 2349 L.
1034 2303 1158 2350 Sulla
1185 2319 1287 2351 eum
1315 2303 1566 2364 Sulpicium
1592 2303 1760 2349 Rufum

143 2371 246 2416 trib.
274 2371 336 2431 pl.
363 2373 714 2433 proscripsisset
740 2381 877 2434 atque
904 2388 1006 2420 eum
1034 2389 1058 2419 a
1086 2389 1220 2420 seruo
1255 2375 1487 2435 proditum
1526 2375 1760 2434 conperis-
1784 2377 1826 2409 30

142 2448 227 2491 set,
255 2454 390 2487 manu
416 2444 606 2488 missum
633 2444 918 2504 parricidam,
946 2451 998 2490 ut
1024 2444 1135 2490 fides
1156 2445 1291 2492 edicti
1314 2447 1383 2491 sui
1412 2450 1600 2495 extaret,
1629 2458 1761 2504 prae·

140 2511 321 2571 cipitari
347 2512 561 2572 protinus
590 2514 780 2574 Tarpeio
810 2529 915 2560 saxo
943 2515 1177 2575 pilleatum
1200 2517 1350 2561 iussit.

250 2584 285 2627 l.
325 2582 529 2628 Pittacus
555 2583 848 2643 Mitylenaeus
883 2586 997 2645 ipsis
1035 2584 1210 2630 ciuibus
1247 2585 1530 2645 tyrannidem
1558 2584 1760 2629 deferen-

141 2652 279 2704 tibus,
307 2660 358 2699 ut
385 2653 606 2700 aduersus
632 2655 922 2701 Atheniensis
950 2655 1037 2701 dux
1063 2662 1208 2707 esset,
1250 2668 1361 2716 paee
1395 2655 1512 2702 saeta
1540 2654 1759 2701 continuo

256 2791 280 2832 5
304 2803 411 2831 nam
437 2791 490 2832 C:
520 2791 618 2832 Iam
641 2792 695 2851 β,
718 2794 798 2833 sed
816 2794 838 2833 I
861 2807 918 2834 ραι·
939 2806 1052 2833 corr.
1115 2793 1140 2832 9
1164 2796 1400 2834 constaret
1422 2795 1448 2833 2
1472 2794 1595 2834 codd.
1627 2792 1758 2835 Torr.

143 2847 195 2887 13
217 2859 274 2888 ne
296 2849 340 2888 in
360 2848 403 2888 B
424 2861 460 2889 s.
486 2851 511 2892 l.
567 2850 619 2889 15
642 2850 709 2890 eis
731 2849 788 2901 B,
815 2849 913 2889 eius
935 2849 958 2888 b
1010 2851 1061 2890 17
1084 2849 1243 2902 sigaeo
1265 2849 1307 2889 B
1372 2851 1424 2891 19
1446 2849 1756 2903 mytylenaeis

141 2901 184 2941 B
242 2904 297 2944 20
320 2905 490 2945 ciuium
513 2905 555 2945 B
577 2919 690 2947 corr.
714 2919 736 2946 e
760 2905 879 2946 cium

255 2961 308 3000 32
329 2963 492 3014 tarpeo
521 2959 599 3017 VH
619 2962 861 3015 pilleatum
883 2962 924 3001 B
946 2963 987 3002 in
1009 2975 1097 3015 my:
1127 2961 1351 3016 pileatum
1380 2962 1421 3002 V
1443 2962 1502 3016 (P)
