1878 3132
650 151 767 196 CAP.
797 149 909 198 vm,
950 137 978 207 g·
1007 151 1146 191 5—8.
1635 140 1705 191 49

26 291 33 324 7
86 263 231 315 enim
258 259 412 319 milia
439 276 624 324 caesa,
664 258 900 328 quinque
927 274 1050 308 cum
1079 255 1255 308 Statio
1284 253 1529 320 Statilio,
1569 253 1705 306 duce

83 334 367 402 utriusque
392 330 598 400 gentis7
649 338 702 380 et
729 327 905 379 tribus
926 333 1095 396 ‘atque
1134 326 1335 395 uiginti
1370 324 1704 378 militaribus

87 403 258 473 signis
295 407 455 472 capta
491 406 632 451 sunt.
698 405 918 468 postero
957 397 1046 449 die
1068 414 1197 450 cum
1229 395 1418 448 consul
1444 397 1587 448 inter
1611 395 1704 448 ho·
1759 444 1762 445 γ

83 472 357 527 norandos
385 469 616 552 quorum
644 478 865 521 strenua
891 486 1058 538 opera
1076 467 1258 519 fuerat
1283 486 1413 518 usus
1440 467 1705 519 uallarem

87 551 340 598 corona-m
377 559 524 594 erse
561 558 780 592 seruare
817 539 1070 603 dixisset,
1123 556 1154 589 a
1191 555 1295 608 quo
1332 546 1515 604 castra
1551 545 1747 592 erant5

50 661 62 677 ,
85 631 374 686 oppressa,
419 630 520 663 nec
555 612 896 663 inueniretur
958 610 1015 661 ui
1050 609 1108 660 id
1136 609 1441 679 praemium
1475 617 1704 680 peteret,

86 686 368 754 cognitum
435 683 603 734 ariter
630 691 792 752 atque
822 628 1089 732 credlitum
1117 687 1200 732 est
1226 679 1463 732 Martem
1493 687 1705 750 patrem

83 764 214 809 tunc
247 766 395 837 popu
420 772 449 805 o
488 771 583 804 suo
632 752 895 805 adfuisse.
971 752 1114 802 inter
1150 759 1330 802 cetera
1365 750 1590 803 huiusce
1626 751 1706 802 rei

85 827 383 878 manitesta
409 824 614 876 indicia
639 823 799 892 galea
826 841 1037 894 quoque
1059 821 1270 875 duabus
1299 821 1560 874 distincta
1587 823 1704 891 pin-

85 898 199 964 niS‚
239 914 346 967 qua
385 893 616 947 caeleste
644 904 808 964 caput
843 901 1044 945 tectum
1080 892 1284 959 fuerat,
1326 901 1706 962 argumentum
1730 915 1800 947 10-

84 965 354 1038 praebuit.
430 966 614 1035 itaque
654 965 897 1017 Fabricii
943 964 1118 1015 edicto
1168 963 1495 1034 supplicatio
1539 963 1708 1015 Marti

88 1047 170 1090 est
207 1037 424 1103 habita,
464 1043 517 1088 et
543 1055 575 1088 a
608 1034 868 1087 laureatis
906 1035 1174 1086 militibus
1211 1053 1413 1103 magna
1441 1054 1563 1086 cum
1591 1035 1705 1086 ani-

86 1126 300 1161 morum
336 1105 547 1158 laetitia
574 1104 744 1158 oblati
781 1105 974 1157 auxilii
1001 1106 1374 1157 testimonium
1403 1107 1451 1157 ei
1479 1114 1561 1157 est
1586 1105 1705 1157 red-

86 1178 278 1231 ditum.
1045 1214 1061 1218 -

193 1250 241 1301 7.
282 1247 540 1300 Referam
565 1265 711 1298 nunc
737 1246 884 1317 quod
913 1265 1007 1298 suo
1037 1246 1252 1298 saeculo
1291 1247 1569 1315 cognitum
1595 1265 1705 1299 ma-
1730 1268 1770 1301 15

85 1320 240 1372 nauit
276 1317 347 1370 ad
382 1326 659 1389 posteros7
706 1325 930 1388 penates
968 1318 1096 1369 deos
1132 1318 1379 1369 Aeneam
1408 1318 1574 1369 Troia
1613 1318 1705 1370 ad-

85 1397 272 1442 uectos
299 1388 498 1441 Lauini
523 1387 862 1441 conlocasset
916 1388 1045 1440 inde
1072 1388 1142 1440 ab
1169 1388 1410 1439 Ascanio
1439 1387 1549 1439 filio
1589 1390 1705 1440 eius

86 1460 314 1526 Albam,
353 1477 518 1530 quam
544 1460 660 1529 ipse
689 1459 1011 1512 condiderat
1027 1501 1040 1527 7
1068 1458 1377 1512 'translatos
1413 1460 1706 1529 pristinum

23 1586 26 1589 Α
89 1531 389 1583 sacrarium
413 1531 699 1600 repetisse,
729 1538 783 1582 et
809 1531 938 1600 quia
964 1530 1019 1582 id
1047 1532 1285 1581 humana
1310 1548 1475 1580 manu
1497 1530 1707 1582 factum

89 1601 395 1654 existimari
429 1608 665 1671 poterat,
712 1600 915 1653 relatos
944 1600 1159 1654 Albam
1181 1599 1524 1653 uoluntatem
1552 1619 1703 1653 suam
1729 1623 1770 1656 20

89 1666 261 1724 altero
288 1671 526 1724 transitu
551 1671 907 1740 significasse.
947 1690 1048 1723 nec
1067 1691 1153 1723 me
1179 1671 1441 1741 praeterit
1470 1671 1535 1723 de
1553 1680 1707 1725 motu
1836 1681 1842 1685 '

89 1749 144 1794 et
167 1759 304 1794 uoce
331 1741 553 1793 deorum
577 1741 950 1794 inmortalium
974 1741 1225 1793 humanis
1255 1740 1426 1794 oculis
1455 1742 1705 1795 auribus-

88 1830 192 1883 que
227 1820 486 1880 percepto
524 1830 684 1879 quam
722 1812 778 1862 in
823 1811 1050 1882 ancipiti
1095 1812 1348 1881 opinione
1394 1812 1703 1864 aestimatio

86 1890 360 1946 uersetur,
414 1881 511 1933 sed
557 1883 684 1951 quia
728 1900 836 1933 non
873 1900 1018 1934 noua
1065 1882 1321 1933 dicuntur
1366 1883 1459 1933 sed
1500 1882 1704 1935 tradita

10 1962 21 1980 ³
85 1960 424 2022 repetuntur,
452 1951 617 2003 fidem
644 1959 891 2004 auctores
919 1951 1224 2004 uindicent:
1255 1959 1501 2004 nostrum
1530 1953 1602 2005 sit
1627 1954 1703 2004 in·
1729 1974 1770 2007 25

87 2023 228 2075 clitis
263 2021 567 2074 litterarum
601 2023 964 2074 monumentis
1012 2031 1326 2075 consecrata
1368 2023 1596 2093 perinde
1641 2043 1705 2077 ac

19 2118 22 2121 ⁴
84 2111 229 2146 uana
253 2112 365 2146 non
390 2091 678 2161 refugisse.
1120 2100 1131 2106 ἃ
1364 2131 1370 2136 -

193 2164 243 2216 8.
282 2164 456 2216 Facta
481 2163 755 2227 mentione
781 2163 932 2215 urbis
947 2204 960 2229 7
990 2183 1017 2215 e
1046 2182 1153 2234 qua
1179 2164 1480 2234 primordia
1507 2165 1703 2217 ciuitas

12 2274 26 2300 3
87 2242 277 2287 nostra
303 2234 491 2299 traxit,
521 2233 681 2285 diuus
709 2232 901 2300 Iulius,
930 2234 1118 2286 fausta
1142 2233 1323 2304 proles
1354 2235 1468 2286 eius
1484 2277 1497 2302 7
1527 2255 1584 2287 se
1612 2254 1702 2288 no-

10 2311 29 2366 4
79 2303 171 2358 bis
210 2304 384 2358 offert.
446 2322 605 2374 quem
634 2303 693 2356 C.
724 2303 977 2371 Cassius,
1015 2324 1313 2375 numquam
1340 2306 1454 2358 sine
1488 2307 1703 2377 praesa·
1727 2329 1769 2362 30

700 2372 942 2389 ··mw·2--«ne=*···=

11 2387 37 2456 {⁷
86 2373 235 2427 tione
259 2373 466 2444 publici
491 2368 772 2444 parricidil
796 2375 1180 2443 nominandus,
1210 2394 1331 2427 cum
1358 2376 1414 2427 in
1442 2378 1558 2429 acie
1578 2377 1703 2429 Phi-

15 2461 28 2477 ..

4 2515 43 2565 32
89 2505 192 2550 lites
226 2505 442 2550 uallarem
479 2521 690 2552 coronam
727 2515 1029 2567 proponeret,
1070 2522 1201 2553 nemo
1240 2510 1326 2553 fuit
1365 2510 1441 2568 qui
1479 2524 1574 2565 ean]
1615 2510 1699 2554 sibi
1725 2523 1814 2556 Par.

87 2575 362 2625 uindicaret,
392 2578 713 2635 cognitumque
739 2585 808 2622 est
834 2579 1020 2622 Martem
1050 2587 1144 2622 tum
1173 2579 1345 2638 populo
1376 2594 1457 2623 suo
1487 2580 1698 2625 adfuisse.

87 2645 202 2714 ⁸:1⁰·
233 2644 413 2690 Cassius
440 2642 539 2690 cum
568 2647 612 2690 in
641 2646 732 2691 acie
759 2647 1038 2707 Philippensi
1068 2649 1387 2693 ardentissimo
1424 2650 1570 2695 animo
1600 2664 1701 2710 per-

23 2833 27 2835 Δ
78 2820 91 2836 ἢ
203 2783 255 2822 16
277 2787 470 2835 penates
492 2784 647 2836 Nepot.
673 2789 714 2823 et
731 2796 807 2835 my.
832 2783 898 2823 B:
929 2784 1192 2836 penetrales
1216 2785 1257 2825 B
1278 2782 1296 2840 [J
1318 2785 1620 2827 deoraeneam
1644 2782 1701 2827 B'

11 2845 30 2886 g
58 2837 144 2893 3³25
170 2841 304 2879 malim
333 2837 537 2879 nostrum
568 2842 638 2880 est
667 2836 685 2894 Η
713 2839 905 2891 inclytis
929 2840 951 2879 b
1012 2842 1065 2880 26
1095 2846 1393 2882 consecrata*
1424 2843 1544 2891 (-ata
1564 2843 1698 2894 corr.)

61 2894 275 2946 ..perinde
300 2907 356 2935 ac
377 2895 500 2936 uana
520 2895 562 2936 B
621 2897 674 2936 28
698 2897 888 2936 Factam
911 2898 1185 2937 mentionem
1209 2898 1250 2937 B
1311 2901 1359 2940 31
1393 2900 1440 2938 in
1463 2901 1524 2939 P:
1557 2913 1633 2940 om.
1658 2900 1698 2939 B
1720 2895 1738 2912 ⁶

78 2950 99 2955 ’“
201 2952 255 2991 33
275 2954 369 2990 tum
391 2965 489 2992 nos:
522 2965 622 2992 cum
652 2954 694 2991 V
748 2955 802 2994 34
823 2952 1129 3005 philipp*ensi
1158 2955 1201 2993 V

11 3001 24 3026 '³
69 3012 107 3058 ἦ*
173 3030 410 3063 VAL.MAX.
1411 3024 1446 3074 4
