1878 3132
702 121 948 172 CAP.1111‚
989 120 1018 179 g
1044 123 1085 167 5.
1111 122 1152 164 ὃ.
1666 111 1734 164 73

62 298 65 300 ,
106 234 320 288 fierent.
389 232 463 299 is,
502 231 650 302 quod
676 249 738 283 eo
765 229 872 283 loci
897 227 1107 281 nullam
1134 246 1285 280 aram
1310 227 1553 293 uiderat,
1593 226 1734 279 desi—

108 305 292 358 derari
318 302 546 356 credens
573 311 635 354 ut
661 320 695 353 a
714 320 771 353 se
800 300 1244 366 constitueretur,
1273 317 1425 350 aram
1445 306 1733 369 ‘empturus

107 376 167 428 in
201 375 397 428 urbem
420 372 691 444 perrexit,
726 370 933 423 relictis
963 371 1056 441 qui
1092 370 1577 422 fundamentorum
1612 387 1734 422 con-

110 444 513 500 stituendorum
546 443 730 512 gratia
755 450 960 495 terram
996 441 1068 493 ad
1095 440 1329 512 solidum
1356 440 1628 494 foderent.
1679 439 1736 491 hi

109 515 316 570 domini
357 514 648 586 imperium
695 520 1086 583 exsequenteS,
1146 530 1268 563 cum
1306 512 1376 563 ad
1413 526 1494 564 XX
1532 511 1780 581 pedum5

109 585 456 640 altitudinem
481 585 644 637 humo
673 591 866 653 egesta
890 583 1298 654 peruenissent,
1338 582 1738 634 animaduerte-

107 664 236 710 runt
262 675 415 710 aram
438 656 561 710 Diti
586 656 733 726 patri
759 655 1236 725 Proserpinaeque
1261 654 1601 723 inscriptam.
1636 653 1740 705 hoc

107 735 402 800 postquam
435 726 695 779 Valesius
731 726 1021 790 nuntiante
1057 744 1216 778 seruo
1254 725 1490 795 accepit,
1537 725 1737 777 omisso

111 797 372 852 emendae
400 816 528 850 arae
553 798 836 868 proposito
862 796 1073 850 hostias
1100 796 1306 866 nigraS,
1336 814 1474 866 quae
1502 795 1739 866 antiqui-

110 880 197 923 tus
222 869 421 921 furuae
450 868 801 934 dicebantur,
839 866 1404 920 Tarenti›immolauit
1419 907 1433 933 ,
1471 866 1739 937 ludosque
1762 884 1803 916 10

112 950 168 993 et
191 939 528 992 lectisternia
554 938 824 992 continuis
846 938 1024 991 tribus
1047 938 1323 1004 noctibus,
1352 937 1481 1009 quia
1506 938 1741 991 totidem

111 1010 211 1063 filii
246 1008 488 1081 periculo
524 1009 747 1063 liberati
782 1016 966 1076 erant,
1013 1009 1163 1062 fecit.
1241 1009 1394 1062 cuius
1432 1007 1742 1080 exemplum

111 1080 369 1133 Valerius
406 1078 720 1146 Publicola,
769 1081 863 1150 qui
900 1080 1109 1150 primus
1149 1079 1339 1132 consul
1373 1079 1505 1146 fuit,
1552 1078 1736 1133 studio

113 1150 465 1204 succurrendi
503 1151 719 1204 ciuibus
756 1159 974 1203 secutus
1012 1150 1162 1221 apud
1199 1150 1428 1203 eandem
1465 1169 1617 1203 aram
1642 1169 1740 1220 pu-

109 1222 254 1276 blice
296 1222 629 1292 nuncupatis
675 1221 822 1275 uotis
861 1221 1146 1292 caesisque
1182 1222 1317 1274 atris
1353 1222 1564 1288 bubus,
1616 1220 1739 1273 Diti
1764 1236 1806 1270 15

111 1293 383 1359 maribUS,
411 1291 632 1345 feminis
659 1292 1058 1363 Proserpinae,
1097 1292 1544 1363 lectisternioque
1572 1311 1637 1344 ac
1661 1291 1740 1344 lu-

114 1364 198 1416 dis
226 1363 480 1417 trinoctio
507 1363 669 1416 factis
697 1383 853 1416 aram
873 1372 1038 1430 terra,
1066 1371 1128 1416 ut
1155 1372 1283 1417 ante
1304 1363 1506 1430 fuerat,
1537 1364 1741 1417 obruit.

220 1435 269 1487 6.
298 1433 642 1503 Religionem
659 1433 911 1487 ludorum
932 1434 1303 1487 crescentibus
1332 1434 1528 1505 opibus
1558 1441 1744 1486 secuta

113 1505 334 1558 lautitia
378 1513 480 1558 est.
565 1505 680 1558 eius
723 1505 992 1558 instinctu
1029 1505 1095 1572 Q.
1136 1504 1364 1558 Catulus
1403 1504 1742 1577 Campanam

112 1576 358 1629 imitatus
409 1574 689 1628 luxuriam
737 1577 947 1647 primus
1001 1576 1369 1647 spectantium
1421 1594 1741 1630 consessum
1764 1591 1807 1623 20

114 1645 363 1699 uelorum
386 1645 719 1700 umbraculis
747 1647 901 1700 texit.
955 1647 1053 1700 Cn.
1074 1647 1371 1718 Pompeius
1401 1655 1528 1700 ante
1550 1656 1742 1699 ‘omnes

116 1734 290 1786 aquae
364 1735 422 1768 er
458 1718 681 1769 semitas
729 1717 966 1770 decursu
1009 1719 1280 1770 aestiuum
1324 1718 1521 1770 minuit
1564 1719 1743 1770 feruo-

115 1805 248 1839 rem.
373 1785 590 1839 laudius
627 1787 864 1840 Pulcher
901 1806 1157 1840 scaenam
1195 1789 1465 1841 uarietate
1502 1787 1745 1841 colorum

117 1857 492 1923 adumbrauit,
539 1858 727 1910 uacuis
774 1866 901 1911 ante
944 1858 1163 1928 pictura
1197 1858 1400 1912 tabulis
1446 1865 1744 1912 extentam.

118 1947 281 1999 quam
322 1935 496 1981 totam
540 1936 766 1998 argento
813 1928 873 1982 C.
923 1930 1229 1996 AntoniuS,
1294 1947 1426 1982 auro
1472 1930 1742 1997 Petreius,
1766 1942 1809 1977 25

118 2089 142 2121 a
168 2089 255 2136 qua
283 2077 412 2135 potio
438 2075 551 2136 ipsis
579 2083 675 2122 erat
701 2076 862 2128 adlata,
890 2092 1031 2138 purae
1060 2078 1238 2123 hostiae
1265 2077 1624 2128 immolarentur,
1654 2077 1742 2123 sel·
1764 2097 1857 2130 Par.

117 2145 327 2191 listernia
354 2161 406 2191 ac
430 2146 524 2191 ludi
552 2149 766 2192 nocturni
786 2147 965 2194 fierent.
1013 2148 1168 2208 itaque
1195 2162 1297 2194 cum
1325 2148 1483 2193 urbem
1512 2162 1613 2194 arae
1641 2162 1743 2208 gra-

118 2217 180 2261 tia
218 2216 431 2262 emendae
456 2217 661 2263 Valesius
689 2218 908 2278 petisset,
947 2219 1226 2266 fodientibus
1254 2219 1402 2264 seruis
1439 2221 1536 2264 eius
1577 2226 1742 2264 terram

120 2286 520 2333 fundamentorum
558 2289 988 2336 constituendorum
1026 2304 1186 2346 causa,
1227 2296 1410 2350 reperta
1447 2296 1518 2335 est
1554 2304 1631 2336 ara
1657 2289 1743 2333 Diti

119 2355 514 2418 Proserpinaeque
542 2360 785 2420 inscripta,
814 2360 869 2405 ad
896 2375 1029 2421 quam
1056 2360 1261 2406 Valesius
1287 2360 1421 2405 ludos
1450 2367 1495 2405 et
1524 2360 1743 2407 sellister·
1767 2375 1809 2406 30

122 2427 196 2472 nia
233 2427 379 2473 tribus
406 2428 644 2480 noctibus,
686 2430 791 2490 quia
821 2431 1010 2477 totidem
1048 2430 1128 2476 filii
1154 2431 1362 2492 periculo
1389 2429 1570 2477 liberati
1599 2436 1742 2480 erant,

123 2496 248 2542 fecit.
302 2498 432 2542 cuius
469 2500 723 2558 exemplum
750 2501 957 2547 Valerius
991 2501 1240 2561 Poplicola,
1277 2501 1402 2546 Bruti
1429 2500 1621 2560 collega,
1650 2507 1745 2545 stu-

124 2566 197 2612 dio
236 2567 531 2613 succurrendi
577 2569 755 2616 ciuibus
791 2579 976 2618 secutus
1016 2571 1134 2632 apud
1170 2572 1357 2616 eandem
1407 2585 1528 2617 aram
1567 2584 1744 2616 sacrum

237 2706 263 2745 5
303 2704 362 2745 ad
389 2705 432 2744 X
462 2707 571 2747 coni.
601 2707 776 2758 Lipsius
845 2709 897 2747 17
935 2712 1086 2748 terra*
1115 2709 1157 2747 B
1230 2710 1282 2749 18
1320 2711 1483 2748 secuta
1511 2707 1554 2747 B
1582 2709 1626 2748 in
1654 2721 1742 2748 ras.

127 2761 179 2800 19
209 2759 395 2802 laetitia
427 2760 660 2813 (sedlaeti
679 2764 723 2802 in
743 2761 855 2815 ras.)
885 2763 927 2803 B
986 2766 1039 2804 21
1064 2764 1157 2806 oris
1189 2778 1337 2818 aquae
1359 2765 1401 2804 B
1429 2766 1472 2805 in
1503 2767 1632 2805 litura
1691 2766 1745 2804 23

96 2813 370 2871 ·.Glaudius]
399 2817 455 2858 cl.
478 2818 535 2866 B,
570 2818 619 2862 C.
644 2818 866 2860 Claudius
889 2822 999 2862 coni.
1019 2822 1191 2875 Kempf
1241 2824 1295 2862 24
1316 2822 1543 2875 picturam
1565 2822 1607 2862 B
1628 2818 1649 2875 ss
1669 2834 1744 2861 ex-

126 2873 269 2912 tentis
291 2873 346 2920 B,
377 2876 456 2914 sed
472 2875 513 2915 is
536 2876 579 2915 in
599 2889 689 2916 ras.
751 2878 805 2916 25
825 2877 1032 2929 preteius
1055 2878 1097 2917 B

240 2931 292 2969 31
314 2929 397 2970 filii
418 2944 495 2973 om.
524 2932 570 2971 V
623 2934 676 2973 32
700 2932 910 2986 collegae
934 2934 1135 2975 studium
1164 2937 1207 2976 V

576 3124 597 3132 s
