1936 3120
525 111 758 165 CAP.1111,
786 113 816 173 g
840 114 886 161 3.
909 111 1006 159 Ext.
1038 98 1068 172 g
1096 115 1134 159 1.
1173 114 1223 167 v,
1251 113 1446 174 §1-3.
1679 109 1781 164 451
1824 182 1825 185 Ἴ

171 219 238 275 tii
262 219 515 292 Hypsaei
539 218 778 290 collega,
816 238 939 274 cum
971 195 1464 292 perniciosissimas
1499 223 1582 275 rei
1605 222 1781 294 publi—

173 309 270 346 cae
293 290 442 362 leges
468 290 847 345 introduceret
872 291 939 344 de
966 291 1191 346 ciuitate
1218 291 1398 345 danda
1423 300 1478 346 et
1494 293 1562 346 de
1586 311 1781 364 prouo-

27 366 61 389 ‘'
131 384 134 387 ·
172 362 388 416 catione
433 361 504 415 ad
541 361 801 433 populum
845 380 1058 430 eorum,
1111 364 1203 434 qui
1247 363 1529 417 ciuitatem
1568 373 1781 418 mutare

170 433 494 500 noluissent,
522 451 684 502 aegre
710 431 1004 504 conpulsus
1033 441 1116 487 est
1141 441 1203 486 ut
1226 434 1283 486 in
1309 435 1517 487 curiam
1542 436 1777 489 ueniret:

175 503 373 557 deinde
398 504 601 574 partim
626 504 895 570 monenti,
937 504 1140 574 partim
1174 506 1350 557 oranti
1377 505 1588 558 senatui
1611 514 1673 559 ut
1697 507 1776 558 in·
1798 519 1821 553 5

171 583 328 657 cepto
373 574 696 641 desisteret,
749 593 1073 646 responsum
1113 594 1224 629 non
1269 576 1435 629 dedit.
1510 577 1780 648 tyrannici

89 643 93 646 ’
171 652 395 717 sp1r1tus
424 644 615 698 consul
638 644 961 713 haberetur,
1001 647 1046 698 si
1072 646 1336 699 aduersus
1363 665 1531 700 unum
1567 654 1776 700 senato-

169 735 284 770 rem
307 715 412 770 hoc
435 715 596 768 modo
625 735 682 768 se
707 717 988 785 gessisset,
1018 735 1123 787 quo
1140 716 1368 770 Flaccus
1395 719 1453 769 in
1472 717 1639 771 totius
1669 736 1777 770 am-

169 786 403 858 plissimi
430 786 634 841 ordinis
662 786 1062 840 contemnenda
1086 789 1371 841 maiestate
1398 796 1647 841 uersatus
1676 796 1775 842 est.

275 857 325 911 2.
369 857 524 925 Quae
557 877 590 910 a
623 857 811 910 Marco
847 876 1062 929 quoque
1094 859 1278 912 Druso
1315 858 1533 912 tribuno
1570 860 1643 930 pl.
1720 878 1777 912 er
1799 874 1841 907 10
1869 873 1890 915 3

170 947 436 982 summam
474 927 857 982 contumeliam
893 937 1096 982 uexata
1123 937 1222 982 est.
1295 948 1490 999 parum
1515 930 1659 982 enim
1721 949 1775 983 a·

168 1000 288 1054 buit
313 1000 378 1053 L.
406 998 723 1070 Philippum
750 998 1044 1067 consulem,
1074 1000 1201 1070 quia
1225 1000 1474 1052 interfari
1495 1019 1552 1052 se
1572 1002 1774 1053 contio-

168 1079 389 1124 nantem
414 1089 578 1124 ausus
601 1070 798 1136 fuerat,
829 1070 1048 1124 obtorta
1066 1069 1213 1139 gula,
1242 1079 1296 1124 et
1317 1070 1534 1141 quidem
1552 1090 1662 1124 non
1679 1090 1777 1143 per

167 1143 464 1209 uiatorem,
503 1139 600 1194 sed
625 1159 722 1211 per
748 1141 1000 1194 clientem
1026 1160 1208 1208 suum,
1245 1141 1379 1194 adeo
1419 1140 1687 1195 uiolenter
1718 1142 1776 1193 in

167 1231 441 1266 carcerem
487 1212 845 1283 praecipitem
890 1214 1088 1281 egisse,
1139 1221 1200 1265 ut
1244 1211 1447 1265 multus
1487 1231 1516 1264 e
1549 1212 1773 1266 naribus
1798 1225 1847 1267 15.

168 1285 286 1338 eius
313 1302 475 1337 cruor
499 1282 941 1353 profunderetur,
967 1301 1159 1335 uerum
1186 1283 1375 1349 etiarn,
1405 1301 1526 1335 cum
1553 1291 1773 1336 senatus

167 1353 240 1408 ad
275 1373 401 1408 eum
435 1354 701 1420 misisset,
737 1361 798 1405 ut
831 1354 889 1404 in
923 1353 1128 1406 curiam
1164 1354 1404 1421 ueniret,
1445 1360 1630 1424 ‘quare
1664 1372 1775 1406 non
1847 1350 1850 1352 ⁷

165 1426 370 1497 potius'
405 1425 583 1496 inquit
607 1425 744 1495 ‘ipse
769 1425 827 1476 in
851 1423 1146 1477 Hostiliam
1172 1424 1378 1477 curiam
1413 1424 1774 1495 propinquam

165 1497 388 1563 rostris,
417 1495 476 1548 id
503 1503 586 1548 est
612 1495 683 1548 ad
709 1514 810 1560 me,
837 1495 1062 1548 uenit‘?'
1102 1495 1253 1565 piget
1279 1495 1496 1548 adicere
1522 1495 1668 1566 quod
1693 1513 1772 1547 se—

167 1567 367 1638 quitur.
418 1565 672 1618 tribunus
701 1574 920 1618 senatus
948 1566 1235 1636 imperium
1256 1565 1521 1636 despexit,
1551 1573 1770 1618 senatus
1795 1580 1843 1619 20.

165 1637 374 1691 tribuni
399 1636 586 1690 uerbis
612 1637 817 1706 paruit.

272 1708 322 1760 3.
364 1707 463 1760 Cn.
491 1715 674 1759 autem
694 1706 987 1776 Pompeius
1016 1725 1178 1777 quam
1203 1706 1523 1759 insolenter!
1565 1705 1656 1776 qui
1678 1704 1770 1758 ba-

164 1869 352 1915 Flaccus
390 1882 484 1915 cos.
510 1869 565 1914 Μ.
593 1869 756 1914 Plautii
782 1867 976 1928 Hypsaei
1012 1867 1188 1927 collega
1209 1866 1323 1913 ‘curn
1359 1866 1766 1927 perniciosissimas
1790 1870 1883 1904 Par·

164 1940 276 2001 reip.
304 1939 432 2000 leges
459 1939 785 1990 introduceret,
814 1944 974 1984 senatu
1000 1945 1215 1984 monente
1243 1944 1295 1983 ut
1319 1938 1499 1997 incepto
1528 1937 1770 1982 desisteret

163 2025 436 2072 responsum
473 2025 566 2057 non
603 2010 738 2056 dedit.
813 2015 853 2055 2.
892 2009 946 2054 Μ.
983 2009 1147 2054 Brutus
1194 2007 1294 2053 trib.
1331 2008 1393 2068 pl.
1431 2022 1531 2053 cum
1567 2023 1591 2054 a
1630 2006 1768 2052 Lucio
1792 2014 1834 2047 25

163 2082 375 2143 Philippo
398 2096 491 2128 cos.
514 2079 846 2141 interpellatus,
875 2094 976 2127 cum
998 2081 1354 2130 contionaretur,
1383 2078 1559 2129 suisset,
1588 2077 1771 2123 obtorta
1838 2115 1856 2129 χ

165 2154 343 2199 ceruice
369 2167 496 2204 eum,
535 2159 579 2197 et
608 2152 786 2213 quidem
814 2165 896 2212 per
920 2151 1129 2197 clientem
1165 2164 1295 2196 suum
1321 2150 1367 2195 in
1395 2162 1617 2195 carcerem
1642 2161 1771 2208 prae-

164 2225 346 2285 cipitem
373 2225 485 2282 egit.
536 2223 667 2274 idem,
696 2236 797 2268 cum
823 2228 1007 2267 senatus
1035 2221 1088 2266 ad
1115 2235 1215 2266 eum
1236 2222 1434 2266 misisset
1454 2226 1505 2266 ut
1531 2221 1576 2264 in
1602 2219 1770 2274 curiam

163 2295 366 2345 ueniret,
406 2294 567 2353 ‘quare
593 2307 684 2339 non
710 2294 885 2353 potius'
923 2294 1071 2352 inquit
1106 2288 1171 2336 ‘in
1195 2290 1434 2337 Hostiliam
1471 2292 1637 2336 curiam
1663 2303 1770 2350 pro-

162 2365 379 2424 pinquam
406 2365 586 2414 rostris,
615 2364 659 2408 id
687 2370 757 2408 est
783 2363 836 2408 ad
862 2376 948 2413 me,
976 2362 1164 2407 uenit?'
1239 2364 1280 2406 3.
1319 2361 1397 2406 Cn.
1424 2359 1665 2420 Pompeius
1691 2358 1767 2405 ba·
1790 2367 1834 2400 30

275 2533 303 2570 4
322 2529 582 2571 noluissent
601 2528 668 2568 B:
698 2528 958 2570 uoluissent
978 2529 1082 2567 dett.
1105 2532 1146 2566 et
1167 2536 1216 2578 ς,
1247 2532 1291 2566 at
1312 2541 1352 2569 u.
1376 2526 1566 2567 Momms.
1588 2526 1631 2565 in
1655 2524 1697 2566 C.
1719 2525 1764 2564 J.

26 2567 36 2645 Ξ
115 2596 118 2598 ’
160 2588 216 2631 L.
238 2587 279 2636 I,
298 2600 345 2640 p.
371 2589 422 2626 71
443 2587 521 2627 col.
545 2588 573 2625 2
651 2587 676 2626 9
719 2588 789 2625 est
811 2582 870 2637 (ὁ)
892 2583 934 2623 Β
954 2585 997 2623 in
1018 2596 1106 2626 ras.
1186 2584 1239 2623 10
1280 2583 1408 2633 Quae
1429 2603 1484 2610 —-
1503 2584 1672 2622 uexata
1695 2583 1766 2621 est

163 2646 265 2687 dett.
288 2645 505 2696 plerique:
538 2640 578 2694 ᾇ.
610 2641 683 2692 (=
705 2640 841 2694 quae)
874 2641 1076 2681 amentia
1106 2651 1280 2691 quoque
1302 2652 1357 2678 m.
1389 2636 1526 2679 brutfi
1546 2640 1603 2678 tr.
1624 2637 1686 2691 pl.
1711 2659 1763 2665 —

161 2700 354 2742 uexauit
373 2699 416 2739 B
438 2700 480 2739 in
501 2711 588 2739 ras.
611 2712 662 2741 m.
687 2700 714 2738 3
776 2699 826 2737 11
848 2709 1007 2750 parum
1030 2696 1093 2736 E.-
1124 2696 1284 2748 paruiz·
1304 2695 1358 2742 B,
1383 2695 1516 2747 parui
1536 2694 1559 2734 b
1621 2695 1671 2734 12
1693 2693 1764 2733 in—

161 2757 329 2808 terfari
350 2769 399 2797 se
424 2756 479 2797 0:
510 2754 810 2807 interpellare
838 2753 880 2793 B
898 2768 949 2793 m.
975 2755 1002 2793 3
1024 2754 1067 2793 in
1087 2765 1176 2794 ras,
1208 2749 1444 2803 (interfari
1465 2752 1610 2802 firmat
1643 2749 1763 2799 Vat.)

163 2816 216 2856 13
237 2813 346 2868 gyla
356 2805 411 2854 B'
432 2810 450 2866 ΙΙ
471 2824 552 2865 per
572 2810 613 2851 B
633 2824 746 2853 corr.
772 2824 793 2849 e
813 2823 897 2864 par
938 2810 989 2849 16
1010 2812 1162 2849 utrum
1185 2808 1325 2849 etiam
1336 2800 1390 2847 B'
1430 2805 1486 2847 20
1506 2805 1704 2860 dispexit
1719 2805 1762 2844 B

276 2872 331 2911 24
351 2871 590 2910 resisteret
617 2868 660 2909 V
733 2868 786 2908 26
810 2866 1102 2908 contionatur
1125 2865 1194 2916 (—
1216 2868 1288 2905 tus
1311 2862 1445 2916 corr.)
1474 2863 1520 2904 V
1589 2863 1643 2904 27
1666 2874 1766 2904 cer-

161 2926 267 2970 uice
290 2939 391 2968 cum
413 2925 624 2979 equidem
652 2925 693 2966 V

399 2999 402 3001 ’
1400 2988 1470 3041 29
1486 2992 1510 3021 *
1677 3020 1698 3038 .
