1924 3152
406 2 414 9 '
454 4 464 13 *
489 2 492 7 “
523 0 714 26 ψᾶωῑυζὶῆτκν
742 0 805 11 '²³³
835 0 849 3 ⁷·
927 0 956 7 Ἦ
1006 0 1014 8 ’-
1034 0 1038 3 ’
1147 0 1151 1 ’
1184 0 1235 6 ·
1282 0 1287 2 ·
1314 14 1317 15 ⁷

532 22 535 24 >
551 27 558 32 ,,
592 28 595 33 a
669 26 687 31 ,-
701 28 703 30 .
718 20 734 26 ”
1007 20 1013 29 x

610 116 731 163 CAP.
758 116 806 168 11,
833 115 931 162 Ext.
959 115 988 175 S
1015 121 1056 161 4.
1083 115 1153 168 ΙΙΙ,
1181 115 1211 175 S
1238 119 1278 163 1.
1306 120 1346 162 2.
1692 112 1799 166 235

149 245 262 281 ⁴nec
289 223 454 280 duxit
477 226 635 278 nefas
664 225 715 278 ei
739 225 913 278 uitam
939 223 1211 292 adimere,
1249 225 1343 296 qui
1377 233 1662 278 aeternum
1688 226 1795 280 Ro-

161 317 324 352 mano
351 297 582 368 imperio
611 297 867 367 spiritum
891 295 1332 366 ingenerauerat.
1371 296 1508 349 rude
1533 297 1796 351 nimirum

162 368 305 422 illud
331 377 386 422 et
409 369 571 422 ferox
607 365 918 434 saeculum,
955 367 1102 438 quod
1140 366 1440 420 conditoris
1479 369 1565 420 sui
1602 387 1795 423 cruore

162 440 326 495 foede
354 438 690 492 maculatum
724 456 792 490 ne
821 455 1036 490 summa
1063 438 1286 509 quidem
1311 439 1656 510 posteritatis
1685 439 1794 493 dis—

162 509 420 564 simulare
443 509 621 580 pietas
648 516 848 580 potest.
1243 540 1245 542 -
1814 532 1837 564 5

268 581 320 634 2.
360 580 525 634 Hunc
559 581 778 650 ingrate
811 578 1003 650 lapsae
1049 580 1251 633 mentis
1291 599 1532 634 errorem
1569 600 1793 636 consen-

159 661 325 706 tanea
349 651 593 705 ciuitatis
630 660 852 705 nostrae
887 651 1229 720 paenitentia
1265 649 1530 723 sequitur.
1592 653 1794 706 uirium

159 724 534 777 Romanarum
579 731 633 776 et
678 722 1079 774 incrementum
1122 721 1486 775 laetissimum
1532 731 1585 776 et
1620 725 1796 778 tutela

161 794 494 861 certissima,
540 793 743 846 Furius
773 791 1067 858 Camillus,
1115 793 1173 845 in
1198 794 1334 847 urbe
1358 793 1795 849 incolumitatem

162 884 319 918 suam
344 865 486 918 tueri
511 883 622 918 non
646 863 845 930 ualuit,
872 865 1027 916 cuius
1054 864 1173 944 ipse
1202 863 1437 918 salutem
1463 866 1791 934 stabilierat,
1818 888 1862 920 ιο

159 936 483 997 ielicitatem
520 942 770 988 auxerat.
837 953 870 986 a
895 935 961 987 L.
999 954 1144 987 enlm
1179 935 1417 1007 Apuleio
1458 938 1680 992 tribuno
1717 937 1791 1010 pl„

160 1016 446 1079 tamquam
479 1006 765 1076 peculator
800 1005 1144 1059 Veientanae
1180 1007 1419 1077 praedae
1445 1027 1569 1061 reus
1609 1009 1792 1062 factus

160 1079 315 1132 duris
343 1086 534 1149 atque,
584 1085 646 1129 ut
686 1077 767 1129 ita
794 1076 1002 1144 dicam,
1055 1077 1252 1130 ferreis
1280 1079 1568 1131 sententiis
1596 1080 1655 1131 in
1681 1080 1792 1132 exi-

158 1149 295 1202 lium
319 1150 520 1200 missus
550 1157 660 1214 est,
701 1156 755 1200 et
781 1147 1004 1219 quidem
1032 1166 1094 1200 eo
1122 1156 1398 1219 tempore,
1439 1170 1545 1221 quo
1583 1152 1792 1221 optimo

156 1222 356 1273 iuuene
381 1219 494 1272 filio
523 1218 790 1290 spoliatus
819 1218 1038 1271 solaciis
1060 1219 1235 1288 magis
1264 1220 1607 1273 adleuandus
1630 1241 1795 1293 quam
1818 1242 1859 1274 15

161 1290 414 1345 cladibus
453 1289 766 1344 onerandus
805 1297 938 1342 erat.
1003 1291 1102 1343 sed
1140 1291 1410 1345 inmemor
1444 1293 1627 1362 patria
1654 1293 1794 1346 tanti

162 1362 272 1415 uiri
305 1361 674 1415 maximorum
710 1361 1035 1414 meritorum
1070 1362 1318 1432 exequiis
1355 1362 1455 1414 filii
1491 1362 1792 1417 damnatio-

157 1452 283 1486 nem
349 1432 484 1487 atris
512 1432 711 1485 iunxit.
778 1439 863 1499 at,
901 1432 1107 1502 inquit,
1147 1434 1360 1487 aerario
1399 1434 1593 1487 abesse
1620 1435 1792 1488 tribu-

156 1523 260 1557 nus
286 1523 323 1575 p
350 1544 362 1556 .
390 1504 724 1575 querebatur
750 1503 1062 1574 quindecim
1086 1504 1240 1555 milia
1267 1506 1434 1557 aeris:
1475 1506 1617 1558 tanti
1642 1524 1791 1558 nam-

159 1594 265 1646 que
290 1592 469 1645 poena
510 1574 669 1627 finita
713 1582 813 1626 est.
890 1573 1176 1643 indignam
1215 1594 1511 1643 summam,
1564 1585 1792 1648 propter
1815 1598 1858 1630 20

163 1663 330 1717 quam
355 1643 591 1715 populus
619 1644 899 1698 Romanus
928 1644 1028 1696 tali
1053 1646 1301 1716 principe
1329 1650 1566 1701 careret!

266 1716 458 1769 Priore
509 1714 688 1767 adhuc
749 1714 994 1784 querella
1050 1715 1308 1768 uibrante
1370 1716 1480 1768 alia
1531 1717 1790 1788 deinceps

158 1787 398 1856 exurgit.
465 1785 764 1838 Africanus
794 1786 1043 1854 superior
1077 1804 1186 1838 non
1214 1786 1394 1839 solum
1421 1795 1710 1840 contusam
1737 1794 1792 1840 et

159 1858 504 1912 confractam
547 1855 680 1909 belli
717 1855 911 1906 Punici
962 1856 1128 1907 armis
1173 1875 1289 1907 rem
1332 1856 1639 1926 publicam,
1693 1857 1792 1909 sed

157 1947 334 2000 paene
360 1928 471 1993 iam
498 1944 836 1995 exsanguem
874 1934 1037 1997 atque
1075 1926 1396 1978 morientem
1422 1927 1788 1996 Karthaginis
1815 1946 1857 1980 25

159 2000 440 2054 dominam
484 1997 745 2051 reddidit.
836 1996 989 2048 cuius
1029 1995 1337 2049 clarissima
1372 2016 1540 2068 opera
1571 1997 1789 2050 iniuriis

157 2070 444 2142 pensando
472 2070 623 2121 ciues
659 2068 772 2120 uici
804 2066 1064 2137 ignobilis
1101 2086 1226 2120 eum
1262 2086 1326 2120 ac
1354 2068 1602 2121 desertae
1637 2067 1791 2139 palu-

159 2142 245 2196 dis
274 2140 520 2195 accolam
546 2141 813 2194 fecerunt.
877 2138 994 2191 eius
1036 2157 1104 2190 ue
1130 2137 1431 2192 uoluntarii
1458 2139 1614 2192 exilii
1640 2158 1790 2192 acer—

157 2213 394 2267 bitatem
436 2231 546 2266 non
588 2211 791 2263 tacitus
834 2210 903 2262 ad
947 2210 1004 2261 in
1034 2228 1154 2262 eros
1202 2209 1352 2276 tulit,
1408 2209 1657 2281 sepulcro
1688 2229 1787 2263 suo

156 2284 388 2337 inscribi
412 2281 653 2336 iubendo
682 2283 923 2351 eingrata
948 2281 1148 2351 patria,
1175 2299 1244 2332 ne
1272 2299 1399 2333 ossa
1420 2281 1642 2351 quidem
1667 2299 1790 2333 mea
1813 2299 1855 2332 5³0

159 2429 367 2476 ficiorum
405 2431 452 2474 in
479 2431 606 2475 curia
633 2429 890 2489 discerpsit.
969 2432 1009 2473 2.
1052 2427 1264 2473 Camillus
1292 2442 1317 2473 a
1340 2427 1389 2472 L.
1417 2428 1611 2489 Apuleio
1640 2436 1695 2474 tr.
1725 2428 1785 2488 pl.
1811 2428 1924 2473 Par.¹

158 2507 400 2547 accusatus
425 2501 471 2545 in
493 2513 542 2544 ea
568 2499 682 2545 urbe
713 2499 1072 2545 incolumitatem
1103 2500 1323 2559 consequi
1347 2513 1438 2544 non
1460 2500 1625 2560 potuit,
1656 2506 1793 2559 quam·
1843 2559 1846 2561 Α
1881 2542 1887 2551 ,

272 2655 302 2693 4
321 2651 428 2693 fede
450 2651 491 2691 B
564 2653 589 2692 6
610 2652 792 2704 ingrate
814 2651 864 2698 Β,
895 2656 943 2690 ut
962 2652 1071 2692 coni.
1101 2650 1357 2691 Torrenius:
1387 2650 1577 2704 ingratfi
1603 2650 1627 2691 b
1670 2687 1673 2690 .
1695 2651 1721 2691 8
1746 2653 1792 2691 et

158 2709 505 2750 tulacetissima
524 2702 579 2748 B'
642 2710 695 2748 14
716 2711 761 2748 et
784 2706 966 2759 quidem
981 2707 1025 2747 B
1047 2721 1161 2749 corr.
1183 2721 1242 2747 ex
1262 2707 1475 2760 equidem
1535 2708 1588 2748 15
1609 2708 1791 2761 magnis

158 2766 203 2807 B
223 2772 322 2807 ante
344 2778 433 2810 ras,
497 2766 549 2806 18
572 2765 751 2806 aerario
774 2764 829 2811 B,
861 2765 943 2805 sed
970 2777 1025 2804 ae
1056 2766 1099 2804 in
1120 2777 1239 2810 ras.;
1268 2766 1386 2806 immo
1411 2765 1468 2805 ab
1494 2760 1673 2806 aerario
1694 2761 1713 2818 Η
1734 2769 1791 2804 tr.

158 2823 222 2876 pl.
253 2823 568 2875 querebantur
596 2822 638 2862 B
717 2824 770 2862 23
801 2820 1038 2874 superlor*
1069 2820 1111 2861 B
1190 2822 1244 2862 25
1285 2821 1572 2875 carthaginis
1603 2818 1705 2874 (sic)
1736 2843 1791 2849 ——

160 2881 292 2920 cuius
312 2879 355 2920 B
376 2881 419 2920 in
440 2893 528 2921 ras.
597 2880 651 2920 27
684 2879 813 2920 ciues
834 2878 931 2918 uici
953 2878 1153 2930 Piylzz'us:
1183 2878 1279 2918 uici
1298 2878 1341 2918 B
1362 2880 1406 2919 in
1427 2891 1541 2928 ras„
1577 2879 1705 2935 ciues
1726 2880 1795 2918 uel

157 2936 371 2977 ciuitatis
392 2939 448 2978 al.
