1924 3152
576 109 695 155 CAP.
724 109 792 159 ΙΙΙ,
819 108 848 166 g
882 110 944 152 10.
987 108 1080 153 Ext.
1109 107 1138 165 S
1169 109 1306 150 1—4.
1651 97 1761 150 345

129 219 284 303 equis
306 217 608 271 insidentes
638 215 768 268 solis
798 224 920 268 ortu
946 228 1167 268 cursum
1193 214 1250 266 in
1276 214 1549 286 quendam
1575 212 1757 266 locum

133 290 435 360 dlrigerent
471 289 627 359 isque
664 292 834 357 regno
870 287 1167 358 potiretur,
1209 288 1360 338 cuius
1400 305 1571 357 equus
1608 284 1666 335 in
1693 301 1756 336 eo

130 363 340 434 primus
366 359 651 412 hinnisset.
705 365 946 411 ceterum
973 358 1247 410 maximae
1267 358 1534 410 mercedis
1562 375 1663 409 con
1707 372 1758 406 e-

134 433 390 487 titoribus
436 430 692 483 fortunae
736 429 1059 482 beneficium
1112 428 1556 500 expectantibUS,
1611 446 1669 480 so
1693 443 1758 477 us

132 503 384 557 acumine
421 500 697 571 equisonis
739 501 823 552 sui
850 501 1084 554 Oebaris
1112 518 1435 570 prosperum
1463 506 1758 568 exoptatae

133 575 214 628 rei
251 573 508 625 effectum
544 571 839 623 adsecutus
879 579 990 638 est,
1041 573 1132 642 qui
1169 573 1226 622 in
1261 590 1430 642 equae
1465 568 1762 640 genitalem

133 652 345 717 partem
382 642 681 695 demissam
716 661 967 710 manum,
1007 661 1128 694 cum
1165 642 1233 694 ad
1274 661 1398 694 eum
1423 641 1605 695 locum
1631 657 1761 691 uen-

134 726 252 770 tum
279 724 390 780 est,
429 713 657 766 naribus
697 715 821 784 equi
850 713 1114 767 admouit.
1178 731 1283 784 quo
1311 713 1479 766 odore
1505 711 1760 763 inritatus

136 796 263 840 ante
291 804 479 839 omnes
506 785 777 837 hinnitum
806 784 981 837 edidit
1006 784 1306 855 auditoque
1343 804 1405 837 eo
1444 803 1541 836 sex
1567 781 1764 851 reliqui

137 875 383 911 summae
420 855 707 927 potestatis
743 855 1026 908 candidati
1064 856 1329 909 continuo
1351 857 1503 926 equis
1533 851 1763 923 delapsi,

135 938 197 981 ut
224 935 307 980 est
332 946 449 980 mos
471 927 779 993 Persarum,
808 926 957 979 humi
984 928 1278 997 prostratis
1307 925 1628 996 corporibus
1650 925 1764 976 Da-

138 1001 279 1052 rium
309 1017 495 1068 regem
523 997 918 1052 salutauerunt.
989 1008 1253 1068 quantum
1280 999 1570 1069 imperium
1598 1013 1764 1066 quam

138 1089 311 1142 paruo
338 1070 703 1139 interceptum
731 1078 814 1122 est
840 1069 1212 1123 uaframento!

247 1142 298 1193 3.
339 1140 469 1192 Bias
508 1149 717 1206 autem,
767 1140 918 1191 cuius
967 1141 1238 1210 sapientia
1279 1139 1588 1192 diuturnior
1623 1139 1766 1189 inter

137 1212 386 1265 homines
413 1219 501 1263 est
527 1211 898 1281 quamxpatria
924 1212 1121 1264 Priene
1148 1211 1282 1278 fuit,
1313 1212 1359 1263 si
1385 1210 1605 1282 quidem
1630 1209 1767 1260 haec

141 1283 308 1336 etiam
335 1300 478 1333 nunc
505 1281 708 1351 spirat,
747 1282 893 1333 illius
931 1282 1157 1352 perinde
1185 1291 1347 1353 atque
1376 1282 1650 1334 extinctae
1676 1298 1766 1332 ue-

93 1386 101 1390 r
142 1353 309 1423 stigia
335 1351 714 1405 tantummodo
745 1362 963 1419 extant,
999 1355 1077 1405 ita
1112 1354 1296 1405 aiebat
1322 1361 1572 1423 oportere
1600 1351 1767 1403 homi-

140 1444 236 1476 nes
265 1425 321 1475 in
347 1443 451 1476 usu
477 1423 753 1475 amicitiae
779 1425 1021 1489 uersari,
1061 1432 1122 1476 ut
1147 1425 1524 1476 meminissent
1551 1442 1671 1475 eam
1699 1421 1770 1474 ad

143 1495 503 1565 grauissimas
531 1494 850 1547 inimicitias
871 1514 1034 1565 posse
1057 1495 1324 1548 conuerti.
1376 1494 1523 1566 quod
1551 1494 1770 1565 quidem

142 1573 501 1636 praeceptum
534 1565 711 1635 prima
739 1567 920 1636 specie
946 1566 1108 1618 nimis
1138 1567 1374 1620 fortasse
1402 1564 1665 1626 callidum
1690 1564 1769 1615 ui-

147 1636 344 1689 deatur
378 1635 767 1706 inimicumque
806 1637 1168 1706 simplicitati,
1215 1656 1326 1708 qua
1363 1637 1656 1707 praecipue
1691 1635 1772 1687 fa-

146 1705 435 1758 miliaritas
473 1705 707 1774 gaudet,
757 1707 854 1758 sed
895 1708 939 1758 si
976 1707 1138 1760 altius
1177 1707 1344 1758 animi
1379 1708 1643 1775 cogitatio
1681 1706 1770 1758 de-

145 1778 316 1829 missa
342 1777 527 1842 fuerit,
556 1795 816 1846 perquam
842 1777 974 1830 utile
1001 1778 1321 1847 reperietur.

255 1847 306 1899 4.
359 1847 773 1916 Lampsacenae
816 1867 948 1901 uero
993 1849 1144 1901 urbis
1192 1847 1341 1900 salus
1389 1848 1548 1899 unius
1589 1847 1772 1898 uafra-

147 1919 318 1971 menti
342 1918 608 1971 beneficio
638 1919 901 1971 constitit.
953 1938 1077 1970 nam
1106 1938 1226 1971 cum
1257 1912 1329 1970 ad
1351 1918 1627 1970 excidium
1654 1918 1772 1969 eius

150 2008 360 2042 summo
408 1989 591 2041 studio
640 1988 960 2042 Alexander
1004 1990 1268 2057 ferretur,
1314 2006 1775 2060 progressumque

150 2068 307 2114 extra
333 2059 549 2112 moenia
576 2061 985 2129 Anaximenen,
1024 2070 1440 2132 praeceptorem
1476 2079 1657 2126 suum,
1695 2059 1773 2110 ui-

150 2131 350 2196 disset,
389 2130 519 2200 quia
544 2131 899 2184 manifestum
926 2141 1044 2185 erat
1071 2132 1317 2185 futurum
1341 2141 1403 2184 ut
1428 2150 1617 2203 preces
1647 2149 1774 2183 suas

150 2202 267 2255 irae
305 2203 422 2254 eius
453 2211 781 2272 opponeret,
821 2222 929 2255 non
966 2202 1241 2256 facturum
1279 2222 1336 2255 se
1372 2202 1520 2274 quod
1549 2203 1778 2273 petisset

154 2347 351 2394 lectatus
388 2349 558 2394 astutia
593 2344 770 2394 asinum
809 2351 943 2396 iussit
982 2351 1137 2396 occidi.
1215 2355 1256 2395 4.
1298 2352 1407 2396 Cum
1455 2351 1510 2396 ad
1555 2350 1774 2395 excidium

153 2418 391 2478 Lampsaci
429 2432 604 2464 summo
655 2420 808 2465 studio
847 2421 1099 2466 Alexander
1144 2423 1342 2467 serretur
1385 2433 1776 2482 progressumque

118 2517 125 2521 -
155 2495 282 2534 extra
321 2489 500 2534 moenia
536 2490 843 2536 Anaximenen
883 2498 1229 2552 praeceptorem
1259 2506 1390 2537 suum
1421 2492 1634 2540 uidisset,
1674 2491 1778 2549 quia

156 2558 448 2606 manifestum
490 2565 588 2604 erat
623 2559 826 2605 futurum
864 2568 915 2606 ut
942 2576 1103 2623 preces
1131 2577 1237 2607 suas
1263 2564 1355 2608 irae
1382 2564 1479 2607 eius
1507 2566 1777 2621 opponeret,

271 2699 297 2738 5
339 2709 364 2736 o
388 2695 410 2736 e
431 2695 559 2736 baris
583 2695 683 2747 (sie)
705 2697 747 2736 B
786 2695 805 2750 {l
845 2699 998 2739 exobt.
1023 2692 1080 2738 B'
1157 2702 1182 2740 6
1206 2699 1351 2752 quiin
1373 2712 1520 2751 equae
1543 2698 1652 2751 geni
1673 2697 1716 2737 B
1737 2700 1780 2737 in

156 2767 245 2795 ras.
309 2755 332 2794 7
356 2753 593 2794 dimissam
614 2747 674 2792 B'
732 2756 757 2794 9
781 2767 858 2794 eos
882 2768 960 2795 sex
983 2755 1175 2807 reliquis
1198 2756 1240 2796 B
1262 2761 1360 2796 ante
1382 2769 1471 2795 ras.
1532 2757 1584 2795 21
1610 2753 1779 2806 qua*B

157 2812 212 2851 22
236 2810 449 2850 altioriu*
471 2810 526 2856 B,
552 2810 780 2860 altiorib.;
805 2811 828 2851 b
869 2807 887 2864 Η
928 2812 1094 2852 animis
1116 2812 1140 2852 b
1207 2814 1264 2853 24
1285 2812 1582 2853 lamsacenae
1605 2811 1660 2858 B,
1683 2814 1783 2851 item

158 2867 279 2918 infra
301 2866 430 2908 lams.
494 2867 549 2907 25
572 2866 800 2907 excidium
824 2869 866 2907 P
884 2873 927 2908 et
949 2868 989 2908 B
1010 2870 1053 2908 in
1074 2882 1191 2909 ras.:
1225 2869 1414 2910 exitium
1436 2871 1539 2911 dett.
1589 2871 1643 2909 27
1667 2880 1779 2908 ana-

158 2922 340 2963 ximene
363 2923 405 2963 B
466 2923 520 2962 ‘28
543 2935 737 2975 preceps
759 2923 801 2963 B
822 2931 921 2964 ante
942 2938 1029 2965 ras.

1780 511 1806 545 5

1787 868 1837 900 10

1790 1220 1839 1254 15

1794 1577 1842 1608 20

1796 1928 1843 1960 25

1800 2360 1842 2392 30

1800 2400 1897 2434 Par.
