1878 3132
256 134 327 187 50
973 137 1069 181 LIB.
1110 138 1139 181 1.
1692 104 1722 122 ”
1754 166 1774 173 -

253 246 487 316 lippensi
521 243 899 296 ardentissimo
927 243 1107 295 animo
1134 250 1430 313 perstaret,
1466 245 1608 297 uidit
1630 245 1864 299 humano

254 316 446 369 habitu
472 314 859 382 augustiorem,
889 331 1160 382 purpureo
1180 312 1566 383 paludamento
1587 315 1862 383 amictum,

254 386 449 438 minaci
474 384 632 436 uultu
658 390 711 450 et
737 383 1005 436 concitato
1034 402 1170 452 equo
1197 383 1255 434 in
1282 402 1339 435 se
1373 384 1637 455 impetum
1662 385 1861 438 facien—

253 465 379 509 tem.
421 472 524 524 quo
552 460 777 523 aspectu
795 452 1115 523 perterritus
1143 460 1356 522 tergum
1380 454 1524 508 hosti
1552 454 1704 508 dedit
1727 452 1872 510 uoce⁸

214 547 233 579 5
255 525 349 577 illa
375 526 523 595 prius
552 525 774 575 emissa:
821 523 979 606 ‘quid
1008 523 1153 574 enim
1179 523 1411 604 amplius
1438 543 1624 595 agam,
1653 544 1700 589 ει
1726 545 1861 592 992]-

253 597 398 648 disse
424 613 617 666 parum
645 595 762 645 est‘?
782 601 794 621 '
852 592 1111 646 n‘o“'1i“‘o‘“cc“1
1157 605 1274 646 eras
1301 603 1362 647 tu
1397 595 1641 664 quidem,
1682 595 1858 663 Cassi,

301 668 374 680 ‘'me-‘⁴
378 666 494 681 *mn-003¹&
663 655 733 669 &W
756 657 761 660 l

251 664 572 730 Caesarein,
592 672 659 716 ne
698 656 764 715 ue
792 664 936 715 enim
960 662 1073 715 ulla
1099 664 1344 733 extingui
1370 665 1629 718 diuini-tas
1647 674 1858 736 potest,

252 736 350 788 sed.
374 734 590 788 mortali
617 753 649 786 a
704 753 794 785 iuc
813 753 1051 803 corpores
1061 741 1306 803 utentem
1330 735 1584 789 uiolando
1610 736 1860 789 meruisti

248 815 310 859 ut
333 813 445 858 tam
470 804 731 857 infestum
755 803 987 857 haberes
1016 803 1193 856 deum.
1678 854 1683 857 .

187 899 227 930 10
356 877 406 928 9.
445 877 563 928 Iam
598 873 743 945 quod
777 874 840 925 L.
867 873 1134 927 Lentulus
1170 874 1297 927 litus
1332 876 1764 946 praenauigans,
1802 876 1860 927 in

250 966 354 1018 quo
384 947 483 999 Cn.
511 945 734 1014 Pompei
759 943 974 1013 Magni,
1021 945 1253 1014 perfidia
1277 945 1574 999 Ptolemaei
1598 948 1742 1015 regis
1777 947 1856 997 in-

248 1019 500 1087 terempti
515 1056 529 1083 ,
568 1034 762 1085 corpus
790 1015 1040 1067 concisae
1077 1015 1310 1086 scaphae
1336 1015 1496 1085 lignis
1522 1017 1858 1076 conbureba-

247 1095 360 1154 tur,
411 1088 633 1155 ignarus
672 1103 830 1136 casus
867 1086 1008 1151 eius,
1060 1103 1183 1137 cum
1215 1086 1234 1136 i
1277 1087 1324 1138 si
1357 1087 1634 1138 Fortunae
1669 1087 1857 1140 erube-

247 1157 508 1209 scendum
543 1174 735 1224 rogum
771 1154 1022 1221 uidisset,
1070 1157 1243 1208 conmi
1267 1156 1509 1209 itonibus
1547 1156 1690 1209 dixit
1733 1157 1858 1227 ‘qui

186 1248 225 1279 15
248 1228 445 1279 scimus
475 1246 545 1278 an
571 1226 672 1277 hac
697 1225 917 1278 flamma
944 1226 1042 1277 On.
1071 1226 1363 1296 Pompeius
1393 1227 1700 1279 cremetur?
1718 1234 1731 1254 ’
1773 1227 1855 1279 di-

245 1298 450 1350 uinitus
478 1297 676 1348 missae
700 1296 849 1349 uocis
876 1295 1198 1348 miraculum
1224 1305 1323 1349 est.

354 1369 436 1420 10.
498 1368 681 1437 Atque
723 1366 823 1418 hoc
867 1366 1087 1436 quidem
1128 1367 1363 1419 hominis
1408 1375 1462 1419 et
1505 1366 1856 1433 casu,*illud

244 1446 458 1490 tantum
494 1457 602 1490 non
639 1456 730 1499 ore
764 1436 936 1506 ipsius
971 1435 1242 1506 Apollinis
1279 1436 1507 1503 editum,
1553 1456 1659 1507 quo
1686 1437 1863 1507 Appii·

242 1507 521 1560 interitum
546 1507 791 1559 ueridica
815 1507 1078 1577 Pythicae
1103 1507 1506 1559 uaticinationis
1534 1507 1675 1559 fides
1701 1525 1855 1578 prae-

180 1599 222 1631 20
245 1578 495 1630 cucurrit.
547 1578 592 1628 is
620 1577 761 1629 bello
790 1577 965 1644 ciuili,
1002 1596 1107 1647 quo
1136 1596 1193 1629 se
1221 1576 1320 1629 Cn.
1345 1578 1635 1647 Pompeius
1662 1596 1695 1629 a
1721 1577 1854 1629 Cae-

245 1650 382 1699 saris
421 1647 711 1700 concordia
747 1647 1007 1718 pestifero
1046 1647 1151 1700 sibi
1183 1666 1284 1699 nec
1322 1648 1402 1699 rei
1445 1646 1697 1717 publicae
1729 1647 1855 1699 utili

244 1717 468 1771 consilio
497 1718 820 1788 abruperat,
850 1724 1104 1769 euentum
1128 1718 1442 1786 grauissimi
1467 1724 1642 1770 motus
1671 1717 1853 1787 explo-

242 1807 365 1840 rare
409 1789 658 1859 cupienS,
706 1788 918 1841 uiribus
961 1789 1179 1857 imperii
1221 1818 1292 1827 -
1333 1806 1567 1859 namque
1610 1787 1852 1840 Achaiae

241 1867 493 1928 praeerat
512 1891 582 1897 ——
607 1858 911 1911 antistitem
933 1857 1232 1928 Delphicae
1259 1858 1499 1910 cortinae
1523 1859 1582 1909 in
1605 1857 1854 1911 intimam

181 2005 222 2037 25
246 1997 386 2035 staret
413 1991 631 2035 aduersus
660 1990 967 2040 Octauianum,
994 1990 1110 2034 uidit
1134 1991 1330 2034 humano
1358 1989 1514 2034 habitu
1541 1991 1849 2049 augustiorem

130 2046 220 2078 Par·
245 2059 288 2104 C.
318 2060 580 2113 Caesarem„
611 2075 844 2120 purpureo
872 2060 1187 2120 paludamento
1215 2054 1449 2109 amictum,
1477 2061 1704 2104 concitato
1733 2073 1850 2118 equo

244 2131 289 2173 in
326 2144 373 2173 se
410 2136 606 2174 euntem.
666 2133 818 2190 itaque
859 2130 1045 2175 territus
1084 2130 1236 2174 statim
1272 2135 1400 2189 terga
1427 2132 1592 2180 uertit,
1634 2129 1710 2175 illa
1738 2124 1851 2174 uoce

243 2199 383 2244 edita:
425 2200 562 2259 ‘quid
598 2201 790 2260 amplius
826 2215 978 2259 agam,
1018 2202 1056 2245 si
1093 2199 1312 2245 occidisse
1337 2213 1494 2259 parum
1533 2199 1662 2244 est?'
1722 2201 1764 2243 9.
1801 2199 1849 2244 L.

243 2269 460 2314 Lentulus
495 2270 678 2329 ignarus
714 2286 846 2317 casus
873 2270 1059 2330 Pompei
1097 2285 1148 2316 ac
1183 2270 1535 2329 praeteruehens
1570 2269 1678 2314 litus
1703 2270 1850 2328 Aegy-

180 2349 219 2380 30
242 2341 386 2398 ptium
414 2340 510 2385 uisa
539 2340 734 2391 flamma,
772 2357 858 2402 qua
884 2341 1126 2401 Pompeius
1162 2340 1308 2385 fuerat
1343 2345 1590 2390 crematus,
1631 2335 1739 2398 ‘qui
1766 2340 1850 2383 sci-

242 2409 387 2459 mus',
416 2411 562 2469 inquit
590 2411 967 2464 ecommilitones,
998 2426 1054 2456 an
1080 2412 1165 2455 hac
1190 2409 1364 2456 flamma
1390 2409 1465 2455 Cn.
1493 2409 1733 2468 Pompeius
1755 2421 1847 2453 cre-

239 2479 416 2523 metur?
436 2481 447 2500 ³
512 2483 576 2524 10.
614 2482 786 2540 Appius
813 2481 931 2526 hello
960 2481 1084 2526 ciuili
1111 2494 1211 2526 cum
1238 2495 1286 2525 se
1322 2479 1572 2525 subducere
1609 2485 1849 2539 quaereret

241 2549 433 2599 scelere,
471 2550 680 2595 consulto
708 2551 918 2610 Apolline
948 2551 1035 2595 tale
1063 2551 1236 2610 accepit
1262 2563 1556 2610 responsum:
1594 2550 1608 2571 ‘
1626 2548 1736 2594 nihil
1762 2549 1848 2594 hoc

241 2618 294 2661 ad
333 2625 387 2668 te,
415 2619 637 2670 Romane,
674 2621 866 2666 bellum:
904 2620 1114 2666 Euboeae
1139 2620 1263 2667 coela
1299 2619 1571 2666 obtinebis'.
1633 2618 1709 2677 qui
1745 2632 1846 2663 cum

352 2755 377 2791 2
402 2754 575 2793 amictu
594 2749 648 2793 B'
707 2758 732 2796 5
756 2771 891 2810 agam
912 2758 976 2798 Pb
987 2771 1001 2796 .·
1035 2770 1147 2810 aga*
1168 2757 1222 2807 Β,
1257 2768 1370 2807 agas
1393 2757 1517 2798 codd.
1535 2755 1744 2807 plerique,
1777 2767 1847 2794 or-

238 2813 322 2848 tum
342 2821 400 2848 ex
423 2808 511 2861 aga
531 2810 569 2849 si
628 2812 652 2849 6
674 2816 724 2851 tu
747 2814 854 2864 quid
879 2812 956 2854 en‘?
982 2814 1024 2853 B
1085 2815 1134 2853 11
1158 2810 1376 2865 ptolomei
1396 2811 1438 2850 B
1460 2817 1502 2850 ec
1521 2813 1582 2850 sic
1598 2812 1845 2863 plerumque

239 2867 282 2903 z'n
301 2865 379 2905 lzoe
402 2866 561 2905 nomine
623 2868 673 2906 17
703 2868 874 2908 homini
905 2870 985 2909 sed
1014 2870 1077 2916 B,
1111 2883 1185 2910 em.
1224 2868 1419 2907 Vorstz'us
1480 2868 1531 2906 19
1563 2867 1758 2906 interitu
1786 2865 1843 2915 B,

238 2919 453 2961 interitus
475 2921 497 2961 b
518 2919 538 2975 Η
558 2922 773 2974 phyticae
796 2924 836 2962 B
857 2928 1012 2976 partim
1033 2927 1074 2965 in
1095 2938 1183 2967 ras,
1207 2921 1225 2977 Η
1245 2923 1481 2976 pcucurrit
1500 2922 1541 2961 B
