1924 3152
181 130 289 182 294
322 177 326 179 .
891 133 992 178 LlB.
1030 132 1096 179 Vl.

183 242 314 294 liam
340 241 410 292 ad
435 240 519 291 ius
548 238 787 290 ciuitatis
813 237 1102 291 nobiscum
1128 239 1545 309 exaequandum
1570 259 1786 295 consur-

182 329 310 380 gere
344 326 539 379 passae
573 325 682 359 non
717 316 861 360 sunt.
911 326 1145 380 namque
1178 317 1240 363 ut
1272 310 1446 381 patris
1482 312 1675 379 armis,
1710 311 1788 366 ita

181 379 365 432 uerbis
393 379 494 431 filii
518 377 698 431 fracta
723 378 901 430 cessit.

287 449 397 501 Par
422 448 567 501 illius
597 466 808 519 quoque
832 447 1006 501 Manli
1029 449 1301 518 grauitas,
1338 451 1425 503 cui
1451 468 1573 503 cum
1598 469 1788 504 consu-

141 540 160 573 5
182 519 322 571 latus
349 520 591 571 omnium
617 535 882 571 consensu
913 518 1215 573 deferretur
1241 538 1471 591 eumque
1498 521 1599 574 sub
1627 538 1787 573 excu-

180 590 390 642 satione
418 589 684 642 aduersae
709 587 1033 642 ualitudinis
1071 589 1352 643 oculorum
1378 598 1672 657 recusaret,
1709 591 1788 642 in-

180 658 457 713 stantibus
486 660 692 712 cunctis
720 658 946 725 ‘alium',
986 659 1160 730 inquit
1197 659 1489 727 ‘Quirites,
1525 660 1786 742 quaerite,

181 729 251 781 ad
277 747 439 800 quem
463 729 607 782 hunc
632 730 893 782 honorem
929 729 1301 783 transferatis:
1351 748 1479 783 nam
1517 749 1565 783 s1
1591 748 1675 783 me
1699 747 1787 799 ge-

179 818 298 852 rere
326 818 450 852 eum
475 799 763 869 coegeritis
775 839 790 865 ,
827 817 929 851 nec
954 817 1053 868 ego
1079 818 1256 853 mores
1282 807 1495 853 uestros
1522 799 1666 853 ferre
1689 817 1789 852 nec

119 892 157 923 ιο
179 888 277 922 uos
313 887 494 922 meum
527 870 817 940 imperium
852 869 1067 939 perpeti
1101 869 1390 940 poteritis'.
1447 867 1651 940 priuati
1676 876 1790 933 tam

178 939 483 1010 ponderosa
516 957 652 992 uox:
712 958 875 1010 quam
910 957 1106 1008 graues
1143 938 1324 993 fasces
1369 939 1606 993 consulis
1654 939 1788 992 exti-

178 1010 395 1063 tissent!

282 1079 333 1131 2.
372 1079 554 1132 Nihilo
583 1080 803 1148 segnior
830 1079 1099 1149 Scipionis
1114 1078 1412 1132 Aemiliani
1438 1087 1533 1133 aut
1557 1080 1615 1132 in
1640 1079 1791 1132 curia

177 1158 273 1202 aut
298 1150 354 1201 in
379 1150 634 1202 contione
661 1150 927 1219 grauitas·
979 1149 1072 1220 qui
1093 1167 1218 1202 cum
1236 1149 1462 1203 haberet
1485 1156 1790 1203 consortem

111 1240 153 1273 15
176 1237 437 1272 censurae
472 1219 829 1286 Mummium,
879 1227 941 1272 ut
975 1219 1217 1273 nobilem
1255 1220 1333 1272 ita
1368 1220 1582 1283 eneruis
1618 1219 1784 1284 uitae,

175 1308 272 1360 pro
301 1290 493 1343 rostris
522 1290 664 1342 dixit
700 1308 757 1342 se
795 1307 865 1341 ex
901 1289 1187 1341 maiestate
1225 1290 1303 1341 rei
1329 1289 1580 1359 publicae
1607 1289 1789 1343 omnia

175 1367 472 1428 gesturum,
502 1360 548 1411 si
575 1359 682 1412 sibi
707 1360 855 1412 ciues
883 1358 971 1410 uel
994 1358 1273 1411 dedissent
1291 1359 1555 1428 collegam
1573 1357 1662 1411 uel
1680 1377 1789 1411 non

176 1429 475 1482 dedissent.

280 1499 462 1564 Idem,
491 1516 614 1551 cum
641 1497 756 1551 Ser.
786 1498 1058 1568 Sulpicius
1089 1498 1270 1551 Galba
1298 1507 1351 1551 et
1378 1497 1636 1551 Aurelius
1664 1515 1787 1550 con·

109 1591 151 1622 20
175 1567 320 1621 sules
347 1569 405 1620 in
431 1575 623 1620 senatu
649 1567 1038 1621 contenderent
1058 1575 1179 1620 uter
1199 1569 1463 1621 aduersus
1475 1567 1791 1621 Viriathum

174 1639 232 1690 in
259 1638 584 1708 Hispaniam
610 1639 943 1704 mitteretur,
972 1656 1035 1690 ac
1061 1656 1262 1708 magna
1286 1639 1428 1691 inter
1453 1644 1636 1708 patres
1665 1655 1788 1690 con-

176 1709 406 1779 scriptos
448 1708 718 1762 dissensio
756 1715 925 1775 esset,
964 1709 1215 1762 omnibus
1253 1726 1490 1778 quonam
1525 1708 1642 1760 eius
1672 1724 1788 1759 sen-

65 1870 151 1904 Par.
179 1854 355 1900 fuderat
381 1868 548 1914 pugna,
578 1868 712 1914 quam
738 1853 891 1915 potuit
916 1853 1035 1900 clara
1061 1867 1176 1900 uoce
1203 1854 1500 1906 denuntiauit,
1530 1855 1569 1899 si
1592 1853 1694 1914 quis
1715 1865 1790 1897 so-

177 1926 351 1971 ciorum
378 1925 500 1971 inter
523 1930 678 1985 patres
705 1926 991 1984 conscriptos
1019 1926 1290 1970 sententiam
1315 1924 1463 1970 dicere
1488 1937 1626 1969 ausus
1652 1927 1788 1971 esset,

113 2010 154 2043 25
178 1996 395 2041 continuo
433 2007 482 2039 se
519 2006 620 2039 eum
659 1995 1053 2054 interempturum.
1086 2019 1147 2027 --
1176 1994 1366 2039 Manlius
1393 1995 1651 2054 Torquatus
1689 2005 1788 2037 cum

177 2066 375 2109 omnium
403 2077 633 2110 consensu
660 2064 948 2110 consulatum
976 2063 1060 2109 sibi
1088 2063 1255 2109 deferri
1280 2063 1479 2114 uideret,
1515 2069 1624 2122 post
1659 2074 1790 2106 excu-

175 2135 400 2180 sationem
427 2134 614 2179 instanti
639 2134 811 2193 populo
841 2132 1021 2178 ‘alium'
1049 2133 1198 2193 inquit
1225 2133 1464 2193 ‘quaerite
1492 2131 1707 2188 Quirites,
1735 2129 1790 2175 ad

177 2217 310 2263 quem
331 2204 449 2248 hunc
470 2204 691 2248 honorem
713 2202 865 2248 defera
875 2204 956 2248 tis:
978 2216 1079 2247 nam
1103 2204 1139 2248 si
1160 2216 1230 2247 me
1250 2215 1410 2261 gerere
1427 2200 1684 2259 coegeritis,
1706 2213 1790 2245 neo

175 2287 262 2333 ego
287 2285 434 2318 mores
457 2278 638 2318 uestros
660 2272 779 2317 ferre
798 2285 882 2318 nec
895 2286 978 2318 uos
991 2286 1140 2318 meum
1153 2273 1392 2332 imperium
1405 2271 1601 2317 tolerare
1620 2269 1788 2330 poteri-

110 2359 152 2392 30
176 2345 248 2394 tls.
289 2347 330 2387 2.
344 2342 496 2402 Scipio
512 2342 787 2387 Aemilianus
809 2356 910 2388 cum
930 2342 1119 2388 haberet
1142 2349 1402 2388 consortem
1421 2352 1639 2388 censurae
1651 2339 1791 2385 Mum-

174 2415 312 2459 mium
336 2413 517 2458 eneruis
539 2411 689 2457 uirum
718 2412 853 2463 uitae,
881 2427 963 2473 pro
992 2414 1157 2461 rostris
1180 2412 1291 2457 dixit
1319 2426 1367 2458 se
1392 2425 1444 2458 ex
1465 2412 1698 2457 maiestate
1725 2410 1788 2453 rei

174 2498 219 2543 p.
249 2484 397 2529 omnia
423 2490 675 2543 gesturum,
706 2482 744 2527 si
767 2481 850 2527 sibi
870 2484 991 2528 ciues
1011 2482 1085 2528 uel
1107 2496 1197 2528 non
1217 2482 1449 2528 dedissent
1473 2480 1694 2541 collegam
1715 2477 1789 2523 uel

176 2552 648 2603 dedissent.-Idem,
671 2566 772 2598 cum
786 2551 881 2599 Ser.
896 2551 1122 2613 Sulpicius
1136 2552 1273 2598 Galba
1289 2559 1334 2599 et
1345 2550 1557 2597 Aurelius
1576 2547 1791 2605 consules

288 2691 316 2728 4
336 2700 518 2740 quoque
543 2692 588 2729 et
609 2682 664 2744 Ε
683 2686 705 2743 ss
723 2689 884 2730 manlii
905 2689 1108 2742 torquati
1130 2689 1153 2729 b
1175 2701 1233 2729 eae
1255 2689 1296 2728 P
1313 2685 1332 2741 [1
1354 2698 1529 2728 cons.**
1549 2678 1604 2725 B'
1666 2684 1691 2724 5
1713 2681 1786 2723 de-

174 2738 418 2785 fereturB'
459 2747 484 2785 9
509 2745 728 2798 cogeritis
740 2739 795 2785 B'
847 2747 899 2786 10
921 2746 960 2786 si
980 2745 1156 2798 priuati
1177 2745 1200 2785 b
1243 2746 1293 2785 11
1317 2744 1446 2784 faces
1466 2742 1509 2782 B
1551 2741 1603 2781 15
1624 2750 1790 2780 *mum-

177 2802 319 2840 mium
340 2799 407 2845 B,·
435 2800 545 2851 fort.
576 2801 630 2841 L.
653 2800 838 2844 Mumm.
919 2802 971 2841 17
1003 2801 1043 2841 si
1064 2802 1106 2840 in
1127 2800 1170 2840 B
1189 2813 1226 2842 s.
1247 2803 1273 2841 l.
1293 2813 1343 2843 m.
1369 2802 1409 2842 1.
1490 2798 1541 2837 19
1573 2794 1789 2846 sulpitius

172 2856 322 2910 ‚galba
344 2858 389 2896 et
413 2868 506 2895 aur.
526 2855 632 2907 (sic)
658 2850 713 2896 B‘
747 2855 978 2908 (Aurelius
1002 2855 1137 2897 Cotta
1165 2855 1310 2908 Tor-r.)
1391 2855 1445 2895 20
1484 2852 1705 2892 uiriatum
1725 2850 1788 2891 Pb

293 2915 347 2953 33
372 2911 533 2952 consul
566 2913 606 2951 V
