1936 3120
407 124 526 171 GAP.
551 125 620 175 vl,
648 123 678 182 g
705 126 746 169 5.
774 126 816 168 6.
850 86 950 169 En.
976 123 1006 182 g
1033 125 1174 169 1-3,
1213 123 1300 175 vn,
1327 123 1358 182 3
1386 126 1427 169 1.
1619 117 1725 171 363

211 231 263 284 3.
300 231 515 284 Horum
550 239 759 283 trucem
792 232 1153 301 pertinaciam
1185 231 1241 283 in
1277 229 1548 284 consimili
1592 230 1726 283 faci-

20 340 31 356 .-
106 320 239 355 nore
283 300 823 371 Calagurritanorum
868 300 1193 354 execrabilis
1236 302 1489 371 impietas
1541 320 1726 372 super-

107 389 298 441 gressa
323 381 423 425 est.
476 373 569 443 qui
596 391 711 442 quo,
729 373 1170 442 perseuerantius
1203 372 1518 443 interempti
1544 372 1725 425 Serto-

106 443 176 494 rii
218 441 522 510 cineribus7
576 443 920 495 obsidionem
965 442 1065 496 Cn.
1100 442 1330 513 Pompei
1373 443 1723 509 frustranteS,

107 512 271 564 fidem
295 520 655 582 praestarent,
687 512 817 583 quia
842 512 1052 564 nullum
1079 514 1190 564 iam
1216 513 1367 565 aliud
1392 514 1449 564 in
1475 514 1612 566 urbe
1633 531 1723 566 eo·
1747 530 1769 564 5

106 601 228 634 rum
254 592 540 653 supererat
566 582 784 649 animal,
812 602 1013 636 uxores
1038 602 1165 635 suas
1187 592 1454 654 natosque
1476 584 1547 636 ad
1565 603 1728 636 usum

105 652 349 706 nefariae
377 653 535 723 dapis
563 662 872 707 uerterunt:
929 673 1145 726 quoque
1173 655 1380 707 diutius
1409 663 1620 706 armata
1645 655 1725 707 iu-

104 731 302 775 uentus
339 725 553 776 uiscera
589 743 688 776 sua
730 725 1038 778 uisceribus
1085 727 1196 776 suis
1233 726 1431 791 aleret,
1481 725 1725 778 infelices

108 793 724 864 cadauerum-reliquias
754 794 937 847 sallire
964 815 1073 848 non
1100 796 1391 848 dubitauit.
1469 814 1537 847 en
1563 814 1728 865 quam

107 863 306 934 aliquis
340 865 399 916 in
433 866 548 916 acie
583 865 894 918 hortaretur
928 875 988 919 ut
1025 885 1121 936 pro
1151 865 1326 918 salute
1353 867 1647 935 coniugum
1674 874 1727 918 et
1749 885 1792 917 ιο

105 932 404 987 liberorum
429 935 647 988 fortiter
674 936 980 989 dimicaret!
1046 955 1116 988 ex
1150 938 1252 990 hoc
1288 937 1545 988 nimirum
1570 936 1728 988 hoste

106 1012 261 1057 tanto
290 1005 415 1058 duci
452 1025 629 1076 poena
665 1007 842 1073 magis
880 1026 1043 1077 quam
1078 1008 1312 1060 uictoria
1339 1007 1576 1077 petenda
1601 1006 1724 1073 fuit,

106 1076 236 1144 quia
260 1074 384 1146 plus
411 1077 721 1128 uindicatus
763 1076 1085 1145 [libertatis]
1126 1097 1289 1147 quam
1314 1079 1492 1130 uictus
1519 1076 1727 1146 gloriae

106 1145 325 1198 adferre
350 1148 557 1216 potuit,
594 1165 715 1198 cum
745 1165 901 1199 omne
939 1158 1253 1217 serpentum
1281 1167 1343 1200 ac
1370 1148 1611 1199 ferarum
1636 1166 1725 1217 ge-

105 1234 206 1267 nus
245 1217 635 1286 conparatione
671 1218 757 1269 sui
784 1217 942 1270 titulo
970 1218 1206 1271 feritatis
1234 1219 1526 1288 superarit.
1600 1236 1728 1269 nam
1750 1235 1793 1268 15

106 1304 245 1356 quae
271 1285 379 1338 illis
409 1287 591 1339 dulcia
614 1288 766 1339 uitae
792 1290 1024 1358 pignora
1050 1289 1267 1359 proprio
1291 1289 1487 1359 spiritu
1514 1289 1729 1341 cariora
1818 1287 1820 1289 ’

107 1365 262 1423 sunt,
309 1375 373 1409 ea
417 1357 852 1426 Calagurritanis
899 1359 1135 1429 prandia
1180 1367 1342 1429 atque
1388 1377 1554 1411 cenae
1590 1359 1727 1411 exti-

104 1434 306 1479 terunt.

472 1568 602 1641 vn.
644 1573 741 1620 DE
779 1572 1288 1622 TESTAMENTIS.

215 1665 487 1717 Vacemus
515 1684 658 1718 nunc
685 1667 906 1735 negotio
923 1707 935 1731 ,
965 1669 1109 1737 quod
1137 1677 1383 1720 actorum
1410 1667 1644 1718 hominis
1674 1676 1728 1719 et
1751 1684 1795 1715 20

107 1736 436 1806 praecipuae
470 1754 633 1788 curae
670 1744 723 1788 et
757 1736 938 1789 ultimi
976 1746 1059 1789 est
1093 1739 1383 1807 temporis,
1423 1736 1727 1788 considere-

107 1824 334 1876 musque
371 1824 508 1876 quae
544 1814 874 1858 testamenta
910 1817 1004 1859 aut
1030 1809 1266 1859 rescissa
1293 1815 1440 1872 sunt,
1484 1807 1728 1875 legitime

107 1875 280 1940 facta,
312 1885 432 1943 aut,
462 1895 586 1928 cum
612 1879 804 1930 merito
831 1877 1067 1929 rescindi
1094 1887 1341 1947 possent,
1369 1886 1492 1929 rata
1516 1895 1727 1928 manse-

107 1955 251 2012 runt,
281 1965 489 2017 quaeue
516 1946 586 1998 ad
614 1946 747 2000 alios
777 1966 938 2017 quam
959 1948 1052 2017 qui
1080 1948 1448 2018 expectabant
1468 1947 1727 1999 honorem

105 2016 426 2069 hereditatis
453 2017 875 2069 transtulerunt:
918 2027 1079 2088 atque
1105 2018 1200 2085 ita,
1227 2028 1289 2070 ut
1316 2037 1377 2071 eo
1401 2017 1593 2070 ordine
1620 2036 1725 2087 quo
1751 2034 1794 2067 25

105 2087 368 2158 proposui
395 2106 650 2158 exequar.

217 2159 264 2210 1.
302 2157 592 2210 Militantis
630 2158 919 2210 cuiusdam
955 2166 1138 2228 pater,
1177 2177 1299 2210 cum
1336 2158 1403 2210 de
1428 2167 1604 2210 morte
1631 2156 1729 2209 filii

216 2304 309 2348 DE
338 2303 819 2350 TESTAMENTIS.
875 2308 912 2348 1.
942 2305 1174 2350 Militantis
1198 2305 1430 2350 cuiusdam
1448 2311 1592 2365 pater,
1621 2318 1722 2349 cum
1747 2307 1843 2342 Par·

109 2373 267 2418 falsam
306 2373 388 2418 filii
422 2381 614 2419 mortem
652 2375 878 2425 audisset,
916 2375 1016 2419 aliis
1043 2375 1214 2420 relictis
1242 2375 1486 2420 heredibus
1513 2375 1724 2420 decessit.

223 2523 736 2576 2callagurgitanorum
749 2524 804 2574 B,
827 2525 906 2564 sed
924 2524 1043 2575 infra
1067 2524 1335 2576 calagurrit.
1357 2520 1377 2576 Η
1399 2535 1728 2576 superegressa

109 2573 165 2620 B'
226 2582 252 2620 9
275 2592 332 2620 en
353 2592 554 2631 unquam
576 2580 599 2619 b
671 2582 720 2619 11
747 2580 988 2619 dimicaret
1008 2580 1063 2626 B,
1086 2582 1164 2620 sed
1186 2583 1256 2619 ret
1278 2582 1319 2620 in
1341 2593 1428 2622 ras.
1472 2576 1490 2631 Η
1530 2580 1663 2619 hoste
1686 2578 1728 2618 B

107 2638 151 2676 in
172 2649 262 2678 ras.
343 2637 394 2676 13
418 2636 652 2675 libertatis
676 2638 756 2676 del.
783 2637 939 2684 Periz.‚
964 2635 1204 2688 dignitatis
1228 2636 1434 2676 Foertselz
1456 2636 1524 2682 II,
1552 2638 1612 2675 33
1674 2636 1726 2675 19

108 2692 192 2732 DE
215 2691 384 2732 TEST.
409 2693 471 2731 P:
502 2693 602 2732 add.
628 2692 668 2731 B
692 2693 853 2742 QVAE
878 2691 1079 2731 SCISSA
1102 2691 1257 2731 SVNT
1337 2693 1389 2730 21
1429 2692 1590 2731 ultime
1613 2684 1669 2730 B'
1702 2687 1724 2745 Η

112 2748 451 2789 consideremus
475 2760 641 2799 quaeq.
662 2747 703 2787 B
781 2750 835 2789 25
872 2761 926 2788 eo
950 2748 1105 2788 ordine
1131 2760 1218 2799 quo
1242 2761 1341 2788 nos:
1374 2761 1430 2788 ea
1452 2747 1609 2788 ordine
1634 2759 1727 2799 qua

110 2803 178 2851 B,·
207 2807 330 2858 uulgo
359 2807 422 2845 sie
450 2805 627 2856 leyz'lur:
666 2804 1025 2847 transtulerunt.
1071 2805 1218 2856 Atque
1250 2806 1341 2843 ista
1371 2808 1430 2843 utv
1454 2803 1610 2844 ordine
1643 2803 1728 2855 (uel

111 2859 261 2912 Atque
283 2865 334 2902 ut
357 2874 412 2901 ea
434 2860 627 2911 ordine),
653 2873 741 2912 quo
764 2861 999 2912 proposui,
1025 2873 1239 2911 exequar,
1263 2860 1511 2901 militantis
1533 2867 1612 2900 ecc.
1647 2860 1726 2899 At-

112 2927 200 2967 que
221 2917 313 2957 ista
334 2922 386 2957 ut
408 2929 460 2957 eo
484 2917 643 2958 ordine
667 2929 756 2968 quo
779 2918 887 2957 coni.
916 2917 1042 2958 Tor-r.
