<?xml version="1.0" encoding="UTF-8"?>
<!DOCTYPE html PUBLIC "-//W3C//DTD XHTML 1.0 Transitional//EN"
    "http://www.w3.org/TR/xhtml1/DTD/xhtml1-transitional.dtd">
<html xmlns="http://www.w3.org/1999/xhtml" xml:lang="en" lang="en">
 <head>
  <title>
</title>
<meta http-equiv="Content-Type" content="text/html;charset=utf-8" />
  <meta name='ocr-system' content='tesseract 3.04.00' />
  <meta name='ocr-capabilities' content='ocr_page ocr_carea ocr_par ocr_line ocrx_word'/>
</head>
<body>
  <div class='ocr_page' id='page_1' title='image "./factorumetdictor00valeuoft_0497.png"; bbox 0 0 1936 3120; ppageno 0'>
   <div class='ocr_carea' id='block_1_1' title="bbox 19 0 940 116">
    <p class='ocr_par' dir='ltr' id='par_1_1' title="bbox 19 0 940 116">
     <span class='ocr_line' id='line_1_1' title="bbox 19 0 940 116; baseline 0 -83"><span class='ocrx_word' id='word_1_1' title='bbox 19 0 940 116; x_wconf 95' lang='lat' dir='ltr'>  </span> 
     </span>
    </p>
   </div>
   <div class='ocr_carea' id='block_1_2' title="bbox 0 2471 38 3120">
    <p class='ocr_par' dir='ltr' id='par_1_2' title="bbox 0 2471 38 3120">
     <span class='ocr_line' id='line_1_2' title="bbox 0 2471 38 3120; baseline 0 0"><span class='ocrx_word' id='word_1_2' title='bbox 0 2471 38 3120; x_wconf 95' lang='lat' dir='ltr'> </span> 
     </span>
    </p>
   </div>
   <div class='ocr_carea' id='block_1_3' title="bbox 851 0 1678 45">
    <p class='ocr_par' dir='ltr' id='par_1_3' title="bbox 731 0 1927 45">
     <span class='ocr_line' id='line_1_3' title="bbox 851 0 1678 45; baseline -0.008 -5.003"><span class='ocrx_word' id='word_1_3' title='bbox 731 0 1319 45; x_wconf 38' lang='lat' dir='ltr'>rffffiusff‚</span> <span class='ocrx_word' id='word_1_4' title='bbox 1336 0 1346 15; x_wconf 39' lang='lat'>⁷-</span> <span class='ocrx_word' id='word_1_5' title='bbox 1374 3 1381 7; x_wconf 91' lang='lat'><em>·</em></span> <span class='ocrx_word' id='word_1_6' title='bbox 1418 2 1422 6; x_wconf 89' lang='lat'>·</span> <span class='ocrx_word' id='word_1_7' title='bbox 1493 2 1523 27; x_wconf 65' lang='lat' dir='ltr'>s</span> <span class='ocrx_word' id='word_1_8' title='bbox 1548 0 1678 25; x_wconf 54' lang='lat' dir='ltr'>v</span> 
     </span>
    </p>
   </div>
   <div class='ocr_carea' id='block_1_4' title="bbox 624 130 1797 211">
    <p class='ocr_par' dir='ltr' id='par_1_4' title="bbox 624 130 1797 211">
     <span class='ocr_line' id='line_1_4' title="bbox 624 130 1797 211; baseline 0 -12"><span class='ocrx_word' id='word_1_9' title='bbox 624 153 744 199; x_wconf 80' lang='lat' dir='ltr'>cAP.</span> <span class='ocrx_word' id='word_1_10' title='bbox 771 153 839 204; x_wconf 85' lang='lat' dir='ltr'>x1‚</span> <span class='ocrx_word' id='word_1_11' title='bbox 870 150 900 211; x_wconf 64' lang='lat' dir='ltr'>g</span> <span class='ocrx_word' id='word_1_12' title='bbox 927 155 968 199; x_wconf 77' lang='lat'>3.</span> <span class='ocrx_word' id='word_1_13' title='bbox 995 157 1035 197; x_wconf 84' lang='lat'>4.</span> <span class='ocrx_word' id='word_1_14' title='bbox 1062 130 1149 204; x_wconf 76' lang='grc' dir='ltr'>Χιι,</span> <span class='ocrx_word' id='word_1_15' title='bbox 1179 151 1209 211; x_wconf 68' lang='lat' dir='ltr'>g</span> <span class='ocrx_word' id='word_1_16' title='bbox 1238 154 1276 196; x_wconf 91' lang='lat'>1.</span> <span class='ocrx_word' id='word_1_17' title='bbox 1306 155 1346 198; x_wconf 84' lang='lat'>2.</span> <span class='ocrx_word' id='word_1_18' title='bbox 1691 147 1797 199; x_wconf 85' lang='lat'>469</span> 
     </span>
    </p>
   </div>
   <div class='ocr_carea' id='block_1_5' title="bbox 123 259 1838 686">
    <p class='ocr_par' dir='ltr' id='par_1_5' title="bbox 123 259 1838 686">
     <span class='ocr_line' id='line_1_5' title="bbox 172 259 1794 333; baseline -0.002 -17"><span class='ocrx_word' id='word_1_19' title='bbox 172 263 329 316; x_wconf 88' lang='lat' dir='ltr'>uidit.</span> <span class='ocrx_word' id='word_1_20' title='bbox 393 262 580 333; x_wconf 85' lang='lat' dir='ltr'>itaque</span> <span class='ocrx_word' id='word_1_21' title='bbox 609 268 872 331; x_wconf 78' lang='lat' dir='ltr'>stat-pax,</span> <span class='ocrx_word' id='word_1_22' title='bbox 902 259 1088 313; x_wconf 87' lang='lat' dir='ltr'>ualent</span> <span class='ocrx_word' id='word_1_23' title='bbox 1114 259 1283 329; x_wconf 80' lang='lat' dir='ltr'>leges,</span> <span class='ocrx_word' id='word_1_24' title='bbox 1314 260 1559 312; x_wconf 87' lang='lat' dir='ltr'>sincerus</span> <span class='ocrx_word' id='word_1_25' title='bbox 1587 259 1794 330; x_wconf 87' lang='lat' dir='ltr'>priuati</span> 
     </span>
     <span class='ocr_line' id='line_1_6' title="bbox 173 330 1794 401; baseline -0.002 -15"><span class='ocrx_word' id='word_1_26' title='bbox 173 352 238 386; x_wconf 85' lang='lat' dir='ltr'>ac</span> <span class='ocrx_word' id='word_1_27' title='bbox 312 332 482 387; x_wconf 92' lang='lat' dir='ltr'>ublici</span> <span class='ocrx_word' id='word_1_28' title='bbox 521 331 691 386; x_wconf 88' lang='lat' dir='ltr'>officii</span> <span class='ocrx_word' id='word_1_29' title='bbox 744 341 902 384; x_wconf 89' lang='lat' dir='ltr'>tenor</span> <span class='ocrx_word' id='word_1_30' title='bbox 946 340 1215 384; x_wconf 88' lang='lat' dir='ltr'>seruatur.</span> <span class='ocrx_word' id='word_1_31' title='bbox 1295 330 1388 401; x_wconf 90' lang='lat' dir='ltr'>qui</span> <span class='ocrx_word' id='word_1_32' title='bbox 1431 339 1617 384; x_wconf 86' lang='lat' dir='ltr'>autem</span> <span class='ocrx_word' id='word_1_33' title='bbox 1659 330 1794 384; x_wconf 87' lang='lat' dir='ltr'>haec</span> 
     </span>
     <span class='ocr_line' id='line_1_7' title="bbox 171 401 1794 472; baseline -0.002 -15"><span class='ocrx_word' id='word_1_34' title='bbox 171 405 264 458; x_wconf 93' lang='lat' dir='ltr'>uio</span> <span class='ocrx_word' id='word_1_35' title='bbox 291 404 398 457; x_wconf 88' lang='lat' dir='ltr'>atis</span> <span class='ocrx_word' id='word_1_36' title='bbox 442 403 720 455; x_wconf 80' lang='lat' dir='ltr'>amicitiae</span> <span class='ocrx_word' id='word_1_37' title='bbox 763 401 1079 456; x_wconf 78' lang='lat' dir='ltr'>foederibus</span> <span class='ocrx_word' id='word_1_38' title='bbox 1118 402 1412 472; x_wconf 87' lang='lat' dir='ltr'>temptauit</span> <span class='ocrx_word' id='word_1_39' title='bbox 1452 401 1794 470; x_wconf 86' lang='lat' dir='ltr'>subuertere,</span> 
     </span>
     <span class='ocr_line' id='line_1_8' title="bbox 123 471 1794 544; baseline -0.004 -12"><span class='ocrx_word' id='word_1_40' title='bbox 123 527 133 532; x_wconf 70' lang='grc'>,</span> <span class='ocrx_word' id='word_1_41' title='bbox 172 475 318 528; x_wconf 91' lang='lat' dir='ltr'>omni</span> <span class='ocrx_word' id='word_1_42' title='bbox 346 492 468 529; x_wconf 87' lang='lat' dir='ltr'>cum</span> <span class='ocrx_word' id='word_1_43' title='bbox 496 474 562 526; x_wconf 83' lang='lat' dir='ltr'>st&#39;</span> <span class='ocrx_word' id='word_1_44' title='bbox 639 491 667 524; x_wconf 91' lang='lat' dir='ltr'>e</span> <span class='ocrx_word' id='word_1_45' title='bbox 691 491 791 524; x_wconf 90' lang='lat' dir='ltr'>sua</span> <span class='ocrx_word' id='word_1_46' title='bbox 816 471 1004 544; x_wconf 90' lang='lat' dir='ltr'>populi</span> <span class='ocrx_word' id='word_1_47' title='bbox 1031 471 1266 525; x_wconf 88' lang='lat' dir='ltr'>Romani</span> <span class='ocrx_word' id='word_1_48' title='bbox 1293 472 1506 525; x_wconf 89' lang='lat' dir='ltr'>uiribus</span> <span class='ocrx_word' id='word_1_49' title='bbox 1536 473 1794 540; x_wconf 80' lang='lat' dir='ltr'>obtritus,</span> 
     </span>
     <span class='ocr_line' id='line_1_9' title="bbox 173 542 1838 615; baseline -0.005 -16"><span class='ocrx_word' id='word_1_50' title='bbox 173 546 339 599; x_wconf 88' lang='lat' dir='ltr'>etiam</span> <span class='ocrx_word' id='word_1_51' title='bbox 365 543 515 615; x_wconf 90' lang='lat' dir='ltr'>apud</span> <span class='ocrx_word' id='word_1_52' title='bbox 540 544 599 595; x_wconf 90' lang='lat' dir='ltr'>in</span> <span class='ocrx_word' id='word_1_53' title='bbox 690 562 769 609; x_wconf 76' lang='lat' dir='ltr'>OS,</span> <span class='ocrx_word' id='word_1_54' title='bbox 799 545 847 594; x_wconf 90' lang='lat' dir='ltr'>si</span> <span class='ocrx_word' id='word_1_55' title='bbox 873 552 1058 596; x_wconf 80' lang='lat' dir='ltr'>tamen</span> <span class='ocrx_word' id='word_1_56' title='bbox 1083 542 1213 596; x_wconf 91' lang='lat' dir='ltr'>illuc</span> <span class='ocrx_word' id='word_1_57' title='bbox 1240 552 1490 614; x_wconf 89' lang='lat' dir='ltr'>receptus</span> <span class='ocrx_word' id='word_1_58' title='bbox 1520 552 1618 610; x_wconf 75' lang='lat' dir='ltr'>est,</span> <span class='ocrx_word' id='word_1_59' title='bbox 1656 562 1794 615; x_wconf 87' lang='lat' dir='ltr'>quae</span> <span class='ocrx_word' id='word_1_60' title='bbox 1815 558 1838 591; x_wconf 86' lang='lat'>5</span> 
     </span>
     <span class='ocr_line' id='line_1_10' title="bbox 130 613 940 686; baseline -0.005 -17"><span class='ocrx_word' id='word_1_61' title='bbox 130 622 134 626; x_wconf 86' lang='grc'><strong>’</strong></span> <span class='ocrx_word' id='word_1_62' title='bbox 170 623 411 674; x_wconf 87' lang='lat' dir='ltr'>meretur</span> <span class='ocrx_word' id='word_1_63' title='bbox 438 613 709 686; x_wconf 87' lang='lat' dir='ltr'>supplicia</span> <span class='ocrx_word' id='word_1_64' title='bbox 735 614 940 684; x_wconf 79' lang='lat' dir='ltr'>pendit.</span> 
     </span>
    </p>
   </div>
   <div class='ocr_carea' id='block_1_6' title="bbox 288 747 1735 810">
    <p class='ocr_par' dir='ltr' id='par_1_6' title="bbox 288 747 1735 810">
     <span class='ocr_line' id='line_1_11' title="bbox 288 747 1735 810; baseline -0.001 0"><span class='ocrx_word' id='word_1_65' title='bbox 288 757 422 810; x_wconf 84' lang='grc' dir='ltr'>ΧΠ.</span> <span class='ocrx_word' id='word_1_66' title='bbox 464 761 563 808; x_wconf 78' lang='lat' dir='ltr'>DE</span> <span class='ocrx_word' id='word_1_67' title='bbox 597 758 975 810; x_wconf 74' lang='lat' dir='ltr'><em>MORTIBVS</em></span> <span class='ocrx_word' id='word_1_68' title='bbox 1010 759 1158 808; x_wconf 85' lang='lat' dir='ltr'>NON</span> <span class='ocrx_word' id='word_1_69' title='bbox 1202 759 1676 810; x_wconf 78' lang='lat' dir='ltr'><em>VVLGARIBVS.</em></span> <span class='ocrx_word' id='word_1_70' title='bbox 1727 747 1735 756; x_wconf 86' lang='lat'><strong>&#39;</strong></span> 
     </span>
    </p>
   </div>
   <div class='ocr_carea' id='block_1_7' title="bbox 160 855 1863 2481">
    <p class='ocr_par' dir='ltr' id='par_1_7' title="bbox 164 855 1863 1914">
     <span class='ocr_line' id='line_1_12' title="bbox 276 855 1796 927; baseline 0 -19"><span class='ocrx_word' id='word_1_71' title='bbox 276 855 567 908; x_wconf 85' lang='lat' dir='ltr'>Humanae</span> <span class='ocrx_word' id='word_1_72' title='bbox 620 865 801 908; x_wconf 87' lang='lat' dir='ltr'>autem</span> <span class='ocrx_word' id='word_1_73' title='bbox 861 855 1010 908; x_wconf 85' lang='lat' dir='ltr'>uitae</span> <span class='ocrx_word' id='word_1_74' title='bbox 1074 855 1450 908; x_wconf 88' lang='lat' dir='ltr'>condicionem</span> <span class='ocrx_word' id='word_1_75' title='bbox 1500 857 1796 927; x_wconf 84' lang='lat' dir='ltr'>praecipue</span> 
     </span>
     <span class='ocr_line' id='line_1_13' title="bbox 168 925 1795 998; baseline 0 -20"><span class='ocrx_word' id='word_1_76' title='bbox 168 927 380 998; x_wconf 90' lang='lat' dir='ltr'>primus</span> <span class='ocrx_word' id='word_1_77' title='bbox 419 935 473 979; x_wconf 90' lang='lat' dir='ltr'>et</span> <span class='ocrx_word' id='word_1_78' title='bbox 505 925 735 979; x_wconf 89' lang='lat' dir='ltr'>ultimus</span> <span class='ocrx_word' id='word_1_79' title='bbox 764 925 882 978; x_wconf 91' lang='lat' dir='ltr'>dies</span> <span class='ocrx_word' id='word_1_80' title='bbox 912 926 1180 993; x_wconf 76' lang='lat' dir='ltr'>continet,</span> <span class='ocrx_word' id='word_1_81' title='bbox 1219 927 1349 996; x_wconf 84' lang='lat' dir='ltr'>quia</span> <span class='ocrx_word' id='word_1_82' title='bbox 1384 926 1682 997; x_wconf 91' lang='lat' dir='ltr'>plurimum</span> <span class='ocrx_word' id='word_1_83' title='bbox 1716 928 1795 997; x_wconf 77' lang='lat' dir='ltr'>in·</span> 
     </span>
     <span class='ocr_line' id='line_1_14' title="bbox 168 996 1860 1068; baseline 0 -18"><span class='ocrx_word' id='word_1_84' title='bbox 168 1007 339 1051; x_wconf 86' lang='lat' dir='ltr'>terest</span> <span class='ocrx_word' id='word_1_85' title='bbox 374 997 572 1068; x_wconf 89' lang='lat' dir='ltr'>quibus</span> <span class='ocrx_word' id='word_1_86' title='bbox 611 996 872 1067; x_wconf 80' lang='lat' dir='ltr'>auspiciis</span> <span class='ocrx_word' id='word_1_87' title='bbox 910 996 1198 1050; x_wconf 83' lang='lat' dir='ltr'>inchoetur</span> <span class='ocrx_word' id='word_1_88' title='bbox 1225 1007 1279 1049; x_wconf 90' lang='lat' dir='ltr'>et</span> <span class='ocrx_word' id='word_1_89' title='bbox 1306 997 1429 1067; x_wconf 62' lang='lat' dir='ltr'>quos</span> <span class='ocrx_word' id='word_1_90' title='bbox 1438 998 1545 1049; x_wconf 91' lang='lat' dir='ltr'>fine</span> <span class='ocrx_word' id='word_1_91' title='bbox 1573 997 1792 1050; x_wconf 84' lang='lat' dir='ltr'>clauda·</span> <span class='ocrx_word' id='word_1_92' title='bbox 1817 1013 1860 1045; x_wconf 86' lang='lat'>10</span> 
     </span>
     <span class='ocr_line' id='line_1_15' title="bbox 169 1066 1794 1138; baseline -0.001 -17"><span class='ocrx_word' id='word_1_93' title='bbox 169 1077 276 1135; x_wconf 77' lang='lat' dir='ltr'>tur,</span> <span class='ocrx_word' id='word_1_94' title='bbox 318 1068 554 1138; x_wconf 90' lang='lat' dir='ltr'>ideoque</span> <span class='ocrx_word' id='word_1_95' title='bbox 595 1086 717 1120; x_wconf 91' lang='lat' dir='ltr'>eum</span> <span class='ocrx_word' id='word_1_96' title='bbox 754 1068 973 1119; x_wconf 90' lang='lat' dir='ltr'>demum</span> <span class='ocrx_word' id='word_1_97' title='bbox 999 1066 1219 1120; x_wconf 82' lang='lat' dir='ltr'>felicem</span> <span class='ocrx_word' id='word_1_98' title='bbox 1256 1068 1429 1120; x_wconf 87' lang='lat' dir='ltr'>fuisse</span> <span class='ocrx_word' id='word_1_99' title='bbox 1464 1068 1794 1135; x_wconf 79' lang='lat' dir='ltr'>iudicamUS,</span> 
     </span>
     <span class='ocr_line' id='line_1_16' title="bbox 170 1137 1795 1210; baseline 0.001 -19"><span class='ocrx_word' id='word_1_100' title='bbox 170 1139 258 1191; x_wconf 93' lang='lat' dir='ltr'>cui</span> <span class='ocrx_word' id='word_1_101' title='bbox 302 1147 355 1191; x_wconf 90' lang='lat' dir='ltr'>et</span> <span class='ocrx_word' id='word_1_102' title='bbox 399 1139 645 1210; x_wconf 84' lang='lat' dir='ltr'>accipere</span> <span class='ocrx_word' id='word_1_103' title='bbox 690 1137 864 1190; x_wconf 85' lang='lat' dir='ltr'>lucem</span> <span class='ocrx_word' id='word_1_104' title='bbox 910 1157 1171 1208; x_wconf 81' lang='lat' dir='ltr'>prospere</span> <span class='ocrx_word' id='word_1_105' title='bbox 1218 1148 1271 1191; x_wconf 92' lang='lat' dir='ltr'>et</span> <span class='ocrx_word' id='word_1_106' title='bbox 1308 1139 1542 1192; x_wconf 85' lang='lat' dir='ltr'>reddere</span> <span class='ocrx_word' id='word_1_107' title='bbox 1578 1138 1795 1209; x_wconf 89' lang='lat' dir='ltr'>placide</span> 
     </span>
     <span class='ocr_line' id='line_1_17' title="bbox 169 1208 1796 1280; baseline -0.001 -18"><span class='ocrx_word' id='word_1_108' title='bbox 169 1210 458 1279; x_wconf 88' lang='lat' dir='ltr'>contingit.</span> <span class='ocrx_word' id='word_1_109' title='bbox 535 1208 703 1261; x_wconf 90' lang='lat' dir='ltr'>medii</span> <span class='ocrx_word' id='word_1_110' title='bbox 756 1210 1019 1278; x_wconf 87' lang='lat' dir='ltr'>temporis</span> <span class='ocrx_word' id='word_1_111' title='bbox 1072 1227 1295 1276; x_wconf 68' lang='lat' dir='ltr'>cursus7</span> <span class='ocrx_word' id='word_1_112' title='bbox 1356 1219 1521 1280; x_wconf 89' lang='lat' dir='ltr'>prout</span> <span class='ocrx_word' id='word_1_113' title='bbox 1570 1210 1796 1262; x_wconf 84' lang='lat' dir='ltr'>fortuna</span> 
     </span>
     <span class='ocr_line' id='line_1_18' title="bbox 166 1278 1792 1352; baseline 0.001 -20"><span class='ocrx_word' id='word_1_114' title='bbox 166 1278 602 1349; x_wconf 84' lang='lat' dir='ltr'>gubernaculum</span> <span class='ocrx_word' id='word_1_115' title='bbox 637 1280 799 1346; x_wconf 74' lang='lat' dir='ltr'>rexit,</span> <span class='ocrx_word' id='word_1_116' title='bbox 839 1279 999 1352; x_wconf 86' lang='lat' dir='ltr'>modo</span> <span class='ocrx_word' id='word_1_117' title='bbox 1039 1298 1254 1350; x_wconf 78' lang='lat' dir='ltr'>aspero,</span> <span class='ocrx_word' id='word_1_118' title='bbox 1295 1281 1458 1334; x_wconf 89' lang='lat' dir='ltr'>modo</span> <span class='ocrx_word' id='word_1_119' title='bbox 1495 1280 1792 1352; x_wconf 86' lang='lat' dir='ltr'>tranquillo</span> 
     </span>
     <span class='ocr_line' id='line_1_19' title="bbox 165 1351 1861 1422; baseline 0 -20"><span class='ocrx_word' id='word_1_120' title='bbox 165 1359 319 1404; x_wconf 91' lang='lat' dir='ltr'>motu</span> <span class='ocrx_word' id='word_1_121' title='bbox 354 1351 670 1422; x_wconf 77' lang='lat' dir='ltr'>peragitur,</span> <span class='ocrx_word' id='word_1_122' title='bbox 719 1369 814 1420; x_wconf 84' lang='lat' dir='ltr'>spe</span> <span class='ocrx_word' id='word_1_123' title='bbox 852 1368 1065 1419; x_wconf 87' lang='lat' dir='ltr'>semper</span> <span class='ocrx_word' id='word_1_124' title='bbox 1103 1351 1307 1417; x_wconf 87' lang='lat' dir='ltr'>minor7</span> <span class='ocrx_word' id='word_1_125' title='bbox 1357 1351 1486 1403; x_wconf 91' lang='lat' dir='ltr'>dum</span> <span class='ocrx_word' id='word_1_126' title='bbox 1515 1361 1568 1404; x_wconf 89' lang='lat' dir='ltr'>et</span> <span class='ocrx_word' id='word_1_127' title='bbox 1596 1351 1794 1422; x_wconf 90' lang='lat' dir='ltr'>cupide</span> <span class='ocrx_word' id='word_1_128' title='bbox 1818 1364 1861 1398; x_wconf 83' lang='lat'>15</span> 
     </span>
     <span class='ocr_line' id='line_1_20' title="bbox 164 1420 1796 1475; baseline 0.001 -2"><span class='ocrx_word' id='word_1_129' title='bbox 164 1421 310 1474; x_wconf 86' lang='lat' dir='ltr'>uotis</span> <span class='ocrx_word' id='word_1_130' title='bbox 339 1420 660 1474; x_wconf 83' lang='lat' dir='ltr'>extenditur</span> <span class='ocrx_word' id='word_1_131' title='bbox 688 1429 740 1473; x_wconf 89' lang='lat' dir='ltr'>et</span> <span class='ocrx_word' id='word_1_132' title='bbox 766 1421 882 1473; x_wconf 90' lang='lat' dir='ltr'>fere</span> <span class='ocrx_word' id='word_1_133' title='bbox 912 1421 1026 1472; x_wconf 90' lang='lat' dir='ltr'>sine</span> <span class='ocrx_word' id='word_1_134' title='bbox 1044 1422 1257 1474; x_wconf 84' lang='lat' dir='ltr'>ratione</span> <span class='ocrx_word' id='word_1_135' title='bbox 1280 1422 1638 1475; x_wconf 88' lang='lat' dir='ltr'>consumitur.</span> <span class='ocrx_word' id='word_1_136' title='bbox 1667 1441 1796 1475; x_wconf 89' lang='lat' dir='ltr'>nam</span> 
     </span>
     <span class='ocr_line' id='line_1_21' title="bbox 166 1491 1795 1563; baseline 0.001 -19"><span class='ocrx_word' id='word_1_137' title='bbox 166 1500 220 1544; x_wconf 86' lang='lat' dir='ltr'>et</span> <span class='ocrx_word' id='word_1_138' title='bbox 255 1492 303 1543; x_wconf 86' lang='lat' dir='ltr'>si</span> <span class='ocrx_word' id='word_1_139' title='bbox 340 1511 402 1544; x_wconf 92' lang='lat' dir='ltr'>eo</span> <span class='ocrx_word' id='word_1_140' title='bbox 439 1492 580 1544; x_wconf 88' lang='lat' dir='ltr'>bene</span> <span class='ocrx_word' id='word_1_141' title='bbox 617 1492 698 1543; x_wconf 86' lang='lat' dir='ltr'>uti</span> <span class='ocrx_word' id='word_1_142' title='bbox 725 1491 894 1558; x_wconf 84' lang='lat' dir='ltr'>uelis,</span> <span class='ocrx_word' id='word_1_143' title='bbox 941 1492 1107 1543; x_wconf 84' lang='lat' dir='ltr'>etiam</span> <span class='ocrx_word' id='word_1_144' title='bbox 1134 1511 1368 1562; x_wconf 90' lang='lat' dir='ltr'>paruum</span> <span class='ocrx_word' id='word_1_145' title='bbox 1396 1493 1795 1563; x_wconf 89' lang='lat' dir='ltr'>amplissimum</span> 
     </span>
     <span class='ocr_line' id='line_1_22' title="bbox 165 1561 1791 1634; baseline 0.001 -20"><span class='ocrx_word' id='word_1_146' title='bbox 165 1561 390 1625; x_wconf 88' lang='lat' dir='ltr'>efficies,</span> <span class='ocrx_word' id='word_1_147' title='bbox 431 1581 721 1614; x_wconf 88' lang='lat' dir='ltr'>numerum</span> <span class='ocrx_word' id='word_1_148' title='bbox 758 1581 1024 1631; x_wconf 83' lang='lat' dir='ltr'>annorum</span> <span class='ocrx_word' id='word_1_149' title='bbox 1060 1562 1414 1615; x_wconf 89' lang='lat' dir='ltr'>multitudine</span> <span class='ocrx_word' id='word_1_150' title='bbox 1452 1581 1678 1634; x_wconf 93' lang='lat' dir='ltr'>operum</span> <span class='ocrx_word' id='word_1_151' title='bbox 1707 1583 1791 1616; x_wconf 91' lang='lat' dir='ltr'>su-</span> 
     </span>
     <span class='ocr_line' id='line_1_23' title="bbox 165 1631 1788 1704; baseline 0.002 -20"><span class='ocrx_word' id='word_1_152' title='bbox 165 1631 438 1703; x_wconf 87' lang='lat' dir='ltr'>perando:</span> <span class='ocrx_word' id='word_1_153' title='bbox 479 1631 719 1703; x_wconf 85' lang='lat' dir='ltr'>alioquin</span> <span class='ocrx_word' id='word_1_154' title='bbox 757 1632 889 1702; x_wconf 90' lang='lat' dir='ltr'>quid</span> <span class='ocrx_word' id='word_1_155' title='bbox 926 1633 1122 1685; x_wconf 87' lang='lat' dir='ltr'>attinet</span> <span class='ocrx_word' id='word_1_156' title='bbox 1147 1633 1310 1685; x_wconf 91' lang='lat' dir='ltr'>inerti</span> <span class='ocrx_word' id='word_1_157' title='bbox 1338 1652 1494 1686; x_wconf 87' lang='lat' dir='ltr'>mora</span> <span class='ocrx_word' id='word_1_158' title='bbox 1519 1634 1788 1704; x_wconf 87' lang='lat' dir='ltr'>gaudere,</span> 
     </span>
     <span class='ocr_line' id='line_1_24' title="bbox 166 1702 1863 1774; baseline -0.001 -20"><span class='ocrx_word' id='word_1_159' title='bbox 166 1702 213 1754; x_wconf 88' lang='lat' dir='ltr'>si</span> <span class='ocrx_word' id='word_1_160' title='bbox 267 1702 445 1772; x_wconf 88' lang='lat' dir='ltr'>magis</span> <span class='ocrx_word' id='word_1_161' title='bbox 507 1702 683 1772; x_wconf 79' lang='lat' dir='ltr'>exigis</span> <span class='ocrx_word' id='word_1_162' title='bbox 742 1704 914 1761; x_wconf 83' lang='lat' dir='ltr'>uitam</span> <span class='ocrx_word' id='word_1_163' title='bbox 967 1722 1131 1773; x_wconf 83' lang='lat' dir='ltr'>quam</span> <span class='ocrx_word' id='word_1_164' title='bbox 1185 1703 1501 1774; x_wconf 71' lang='lat' dir='ltr'>adprobas?</span> <span class='ocrx_word' id='word_1_165' title='bbox 1577 1704 1674 1757; x_wconf 89' lang='lat' dir='ltr'>sed</span> <span class='ocrx_word' id='word_1_166' title='bbox 1722 1723 1791 1763; x_wconf 76' lang='lat' dir='ltr'>ne</span> <span class='ocrx_word' id='word_1_167' title='bbox 1817 1720 1863 1752; x_wconf 85' lang='lat'>20</span> 
     </span>
     <span class='ocr_line' id='line_1_25' title="bbox 166 1772 1795 1845; baseline 0.001 -21"><span class='ocrx_word' id='word_1_168' title='bbox 166 1772 381 1842; x_wconf 87' lang='lat' dir='ltr'>longius</span> <span class='ocrx_word' id='word_1_169' title='bbox 411 1791 639 1841; x_wconf 69' lang='lat' dir='ltr'>euager7</span> <span class='ocrx_word' id='word_1_170' title='bbox 689 1792 874 1825; x_wconf 90' lang='lat' dir='ltr'>eorum</span> <span class='ocrx_word' id='word_1_171' title='bbox 913 1774 1249 1826; x_wconf 85' lang='lat' dir='ltr'>mentionem</span> <span class='ocrx_word' id='word_1_172' title='bbox 1286 1774 1518 1841; x_wconf 78' lang='lat' dir='ltr'>faciam,</span> <span class='ocrx_word' id='word_1_173' title='bbox 1565 1775 1659 1845; x_wconf 90' lang='lat' dir='ltr'>qui</span> <span class='ocrx_word' id='word_1_174' title='bbox 1684 1794 1795 1828; x_wconf 92' lang='lat' dir='ltr'>non</span> 
     </span>
     <span class='ocr_line' id='line_1_26' title="bbox 167 1842 1318 1914; baseline 0.002 -19"><span class='ocrx_word' id='word_1_175' title='bbox 167 1842 387 1911; x_wconf 85' lang='lat' dir='ltr'>uulgari</span> <span class='ocrx_word' id='word_1_176' title='bbox 414 1862 614 1913; x_wconf 83' lang='lat' dir='ltr'>genere</span> <span class='ocrx_word' id='word_1_177' title='bbox 641 1844 835 1899; x_wconf 86' lang='lat' dir='ltr'>mortis</span> <span class='ocrx_word' id='word_1_178' title='bbox 865 1844 1146 1914; x_wconf 83' lang='lat' dir='ltr'>absumpti</span> <span class='ocrx_word' id='word_1_179' title='bbox 1176 1855 1318 1897; x_wconf 87' lang='lat' dir='ltr'>sunt.</span> 
     </span>
    </p>

    <p class='ocr_par' dir='ltr' id='par_1_8' title="bbox 160 1913 1861 2391">
     <span class='ocr_line' id='line_1_27' title="bbox 274 1913 1791 1969; baseline 0.003 -4"><span class='ocrx_word' id='word_1_180' title='bbox 274 1915 321 1965; x_wconf 89' lang='lat'>1.</span> <span class='ocrx_word' id='word_1_181' title='bbox 363 1913 556 1967; x_wconf 88' lang='lat' dir='ltr'>Tullus</span> <span class='ocrx_word' id='word_1_182' title='bbox 583 1914 859 1967; x_wconf 88' lang='lat' dir='ltr'>Hostilius</span> <span class='ocrx_word' id='word_1_183' title='bbox 899 1913 1128 1966; x_wconf 87' lang='lat' dir='ltr'>fulmine</span> <span class='ocrx_word' id='word_1_184' title='bbox 1165 1915 1306 1967; x_wconf 88' lang='lat' dir='ltr'>ictus</span> <span class='ocrx_word' id='word_1_185' title='bbox 1335 1934 1458 1967; x_wconf 87' lang='lat' dir='ltr'>cum</span> <span class='ocrx_word' id='word_1_186' title='bbox 1485 1923 1602 1969; x_wconf 87' lang='lat' dir='ltr'>tota</span> <span class='ocrx_word' id='word_1_187' title='bbox 1630 1915 1791 1969; x_wconf 90' lang='lat' dir='ltr'>domo</span> 
     </span>
     <span class='ocr_line' id='line_1_28' title="bbox 169 1983 1793 2057; baseline 0.002 -21"><span class='ocrx_word' id='word_1_188' title='bbox 169 1983 546 2054; x_wconf 87' lang='lat' dir='ltr'>conflagrauit.</span> <span class='ocrx_word' id='word_1_189' title='bbox 627 1984 962 2055; x_wconf 87' lang='lat' dir='ltr'>singularem</span> <span class='ocrx_word' id='word_1_190' title='bbox 989 1984 1090 2037; x_wconf 81' lang='lat' dir='ltr'>fati</span> <span class='ocrx_word' id='word_1_191' title='bbox 1119 1993 1338 2052; x_wconf 83' lang='lat' dir='ltr'>sortem,</span> <span class='ocrx_word' id='word_1_192' title='bbox 1367 2005 1478 2057; x_wconf 86' lang='lat' dir='ltr'>qua</span> <span class='ocrx_word' id='word_1_193' title='bbox 1505 1986 1706 2039; x_wconf 84' lang='lat' dir='ltr'>accidit</span> <span class='ocrx_word' id='word_1_194' title='bbox 1730 1994 1793 2039; x_wconf 96' lang='lat' dir='ltr'>ut</span> 
     </span>
     <span class='ocr_line' id='line_1_29' title="bbox 166 2054 1861 2128; baseline 0.002 -20"><span class='ocrx_word' id='word_1_195' title='bbox 166 2054 418 2108; x_wconf 91' lang='lat' dir='ltr'>columen</span> <span class='ocrx_word' id='word_1_196' title='bbox 467 2056 621 2109; x_wconf 89' lang='lat' dir='ltr'>urbis</span> <span class='ocrx_word' id='word_1_197' title='bbox 674 2056 732 2107; x_wconf 89' lang='lat' dir='ltr'>in</span> <span class='ocrx_word' id='word_1_198' title='bbox 779 2057 902 2126; x_wconf 86' lang='lat' dir='ltr'>ipsa</span> <span class='ocrx_word' id='word_1_199' title='bbox 952 2056 1088 2108; x_wconf 91' lang='lat' dir='ltr'>urbe</span> <span class='ocrx_word' id='word_1_200' title='bbox 1139 2065 1360 2127; x_wconf 88' lang='lat' dir='ltr'>raptum</span> <span class='ocrx_word' id='word_1_201' title='bbox 1410 2076 1479 2109; x_wconf 93' lang='lat' dir='ltr'>ne</span> <span class='ocrx_word' id='word_1_202' title='bbox 1535 2076 1791 2128; x_wconf 89' lang='lat' dir='ltr'>supremo</span> <span class='ocrx_word' id='word_1_203' title='bbox 1818 2071 1861 2105; x_wconf 80' lang='lat'>25</span> 
     </span>
     <span class='ocr_line' id='line_1_30' title="bbox 163 2125 1793 2199; baseline 0.002 -22"><span class='ocrx_word' id='word_1_204' title='bbox 163 2125 390 2198; x_wconf 88' lang='lat' dir='ltr'>quidem</span> <span class='ocrx_word' id='word_1_205' title='bbox 436 2126 647 2179; x_wconf 88' lang='lat' dir='ltr'>funeris</span> <span class='ocrx_word' id='word_1_206' title='bbox 695 2127 901 2179; x_wconf 89' lang='lat' dir='ltr'>honore</span> <span class='ocrx_word' id='word_1_207' title='bbox 949 2145 981 2178; x_wconf 88' lang='lat' dir='ltr'>a</span> <span class='ocrx_word' id='word_1_208' title='bbox 1025 2126 1240 2179; x_wconf 89' lang='lat' dir='ltr'>ciuibus</span> <span class='ocrx_word' id='word_1_209' title='bbox 1290 2126 1540 2185; x_wconf 84' lang='lat' dir='ltr'>decorari</span> <span class='ocrx_word' id='word_1_210' title='bbox 1583 2138 1793 2199; x_wconf 79' lang='lat' dir='ltr'>posset,</span> 
     </span>
     <span class='ocr_line' id='line_1_31' title="bbox 163 2196 1796 2265; baseline 0.001 -17"><span class='ocrx_word' id='word_1_211' title='bbox 163 2196 392 2249; x_wconf 89' lang='lat' dir='ltr'>caelesti</span> <span class='ocrx_word' id='word_1_212' title='bbox 436 2196 659 2249; x_wconf 86' lang='lat' dir='ltr'>flamma</span> <span class='ocrx_word' id='word_1_213' title='bbox 703 2197 761 2249; x_wconf 92' lang='lat' dir='ltr'>in</span> <span class='ocrx_word' id='word_1_214' title='bbox 806 2216 925 2249; x_wconf 88' lang='lat' dir='ltr'>eam</span> <span class='ocrx_word' id='word_1_215' title='bbox 961 2196 1335 2250; x_wconf 89' lang='lat' dir='ltr'>condicionem</span> <span class='ocrx_word' id='word_1_216' title='bbox 1374 2197 1688 2265; x_wconf 87' lang='lat' dir='ltr'>redactum,</span> <span class='ocrx_word' id='word_1_217' title='bbox 1732 2206 1796 2263; x_wconf 90' lang='lat' dir='ltr'>ut</span> 
     </span>
     <span class='ocr_line' id='line_1_32' title="bbox 163 2268 1792 2340; baseline 0.001 -20"><span class='ocrx_word' id='word_1_218' title='bbox 163 2268 386 2320; x_wconf 86' lang='lat' dir='ltr'>eosdem</span> <span class='ocrx_word' id='word_1_219' title='bbox 429 2276 653 2338; x_wconf 86' lang='lat' dir='ltr'>penates</span> <span class='ocrx_word' id='word_1_220' title='bbox 703 2276 756 2320; x_wconf 91' lang='lat' dir='ltr'>et</span> <span class='ocrx_word' id='word_1_221' title='bbox 800 2268 1008 2337; x_wconf 88' lang='lat' dir='ltr'>regiam</span> <span class='ocrx_word' id='word_1_222' title='bbox 1056 2276 1109 2320; x_wconf 91' lang='lat' dir='ltr'>et</span> <span class='ocrx_word' id='word_1_223' title='bbox 1153 2285 1348 2338; x_wconf 85' lang='lat' dir='ltr'>rogum</span> <span class='ocrx_word' id='word_1_224' title='bbox 1387 2278 1441 2322; x_wconf 93' lang='lat' dir='ltr'>et</span> <span class='ocrx_word' id='word_1_225' title='bbox 1482 2269 1792 2340; x_wconf 88' lang='lat' dir='ltr'>sepulcrum</span> 
     </span>
     <span class='ocr_line' id='line_1_33' title="bbox 160 2336 406 2391; baseline 0.008 -3"><span class='ocrx_word' id='word_1_226' title='bbox 160 2336 406 2391; x_wconf 88' lang='lat' dir='ltr'>haberet.</span> 
     </span>
    </p>

    <p class='ocr_par' dir='ltr' id='par_1_9' title="bbox 268 2406 1858 2481">
     <span class='ocr_line' id='line_1_34' title="bbox 268 2406 1858 2481; baseline 0.001 -23"><span class='ocrx_word' id='word_1_227' title='bbox 268 2406 318 2458; x_wconf 80' lang='lat'>2.</span> <span class='ocrx_word' id='word_1_228' title='bbox 358 2407 474 2460; x_wconf 80' lang='lat' dir='ltr'>Vix</span> <span class='ocrx_word' id='word_1_229' title='bbox 510 2408 811 2460; x_wconf 89' lang='lat' dir='ltr'>uerisimile</span> <span class='ocrx_word' id='word_1_230' title='bbox 851 2417 934 2460; x_wconf 90' lang='lat' dir='ltr'>est</span> <span class='ocrx_word' id='word_1_231' title='bbox 968 2409 1034 2460; x_wconf 88' lang='lat' dir='ltr'>-in</span> <span class='ocrx_word' id='word_1_232' title='bbox 1078 2409 1361 2479; x_wconf 90' lang='lat' dir='ltr'>eripiendo</span> <span class='ocrx_word' id='word_1_233' title='bbox 1410 2411 1610 2481; x_wconf 90' lang='lat' dir='ltr'>spiritu</span> <span class='ocrx_word' id='word_1_234' title='bbox 1645 2411 1792 2463; x_wconf 91' lang='lat' dir='ltr'>idem</span> <span class='ocrx_word' id='word_1_235' title='bbox 1815 2426 1858 2459; x_wconf 88' lang='lat'>30</span> 
     </span>
    </p>
   </div>
   <div class='ocr_carea' id='block_1_8' title="bbox 160 2510 1936 2672">
    <p class='ocr_par' dir='ltr' id='par_1_10' title="bbox 160 2510 1936 2672">
     <span class='ocr_line' id='line_1_35' title="bbox 266 2510 1936 2591; baseline 0.001 -7"><span class='ocrx_word' id='word_1_236' title='bbox 266 2539 362 2584; x_wconf 87' lang='lat' dir='ltr'>DE</span> <span class='ocrx_word' id='word_1_237' title='bbox 406 2539 765 2586; x_wconf 86' lang='lat' dir='ltr'><em>MORTIBVS</em></span> <span class='ocrx_word' id='word_1_238' title='bbox 812 2541 954 2589; x_wconf 84' lang='lat' dir='ltr'>NON</span> <span class='ocrx_word' id='word_1_239' title='bbox 1011 2529 1462 2591; x_wconf 53' lang='lat' dir='ltr'><em>VVLQARIBVS.</em></span> <span class='ocrx_word' id='word_1_240' title='bbox 1508 2545 1581 2588; x_wconf 22' lang='lat'>⁷1.</span> <span class='ocrx_word' id='word_1_241' title='bbox 1629 2543 1788 2590; x_wconf 88' lang='lat' dir='ltr'>Tullus</span> <span class='ocrx_word' id='word_1_242' title='bbox 1813 2510 1936 2586; x_wconf 46' lang='lat' dir='ltr'>Pa).-</span> 
     </span>
     <span class='ocr_line' id='line_1_36' title="bbox 160 2610 1791 2672; baseline 0.002 -16"><span class='ocrx_word' id='word_1_243' title='bbox 160 2610 385 2656; x_wconf 84' lang='lat' dir='ltr'>Hostilius</span> <span class='ocrx_word' id='word_1_244' title='bbox 423 2610 612 2656; x_wconf 83' lang='lat' dir='ltr'>fulmine</span> <span class='ocrx_word' id='word_1_245' title='bbox 648 2613 766 2658; x_wconf 77' lang='lat' dir='ltr'>ictus</span> <span class='ocrx_word' id='word_1_246' title='bbox 805 2626 911 2657; x_wconf 90' lang='lat' dir='ltr'>cum</span> <span class='ocrx_word' id='word_1_247' title='bbox 939 2612 1073 2658; x_wconf 88' lang='lat' dir='ltr'>domo</span> <span class='ocrx_word' id='word_1_248' title='bbox 1105 2612 1421 2672; x_wconf 81' lang='lat' dir='ltr'>conflagrauit.</span> <span class='ocrx_word' id='word_1_249' title='bbox 1497 2617 1538 2658; x_wconf 81' lang='grc'>2.</span> <span class='ocrx_word' id='word_1_250' title='bbox 1577 2613 1791 2660; x_wconf 74' lang='lat' dir='ltr'>Nuntiata</span> 
     </span>
    </p>
   </div>
   <div class='ocr_carea' id='block_1_9' title="bbox 158 2728 1792 3015">
    <p class='ocr_par' dir='ltr' id='par_1_11' title="bbox 158 2728 1792 3015">
     <span class='ocr_line' id='line_1_37' title="bbox 278 2728 1791 2790; baseline 0.003 -16"><span class='ocrx_word' id='word_1_251' title='bbox 278 2736 299 2774; x_wconf 91' lang='lat' dir='ltr'>l</span> <span class='ocrx_word' id='word_1_252' title='bbox 323 2733 481 2788; x_wconf 85' lang='lat' dir='ltr'>legent</span> <span class='ocrx_word' id='word_1_253' title='bbox 502 2728 559 2775; x_wconf 90' lang='lat' dir='ltr'>B&#39;</span> <span class='ocrx_word' id='word_1_254' title='bbox 641 2737 692 2777; x_wconf 92' lang='lat'>10</span> <span class='ocrx_word' id='word_1_255' title='bbox 714 2735 957 2777; x_wconf 86' lang='lat' dir='ltr'>inchoetur</span> <span class='ocrx_word' id='word_1_256' title='bbox 980 2734 1047 2786; x_wconf 85' lang='lat' dir='ltr'>(et</span> <span class='ocrx_word' id='word_1_257' title='bbox 1067 2738 1109 2776; x_wconf 79' lang='lat' dir='ltr'>in</span> <span class='ocrx_word' id='word_1_258' title='bbox 1131 2735 1237 2788; x_wconf 74' lang='lat' dir='ltr'>ras.)</span> <span class='ocrx_word' id='word_1_259' title='bbox 1261 2736 1303 2776; x_wconf 89' lang='lat' dir='ltr'><em>B</em></span> <span class='ocrx_word' id='word_1_260' title='bbox 1383 2739 1435 2778; x_wconf 88' lang='lat'>13</span> <span class='ocrx_word' id='word_1_261' title='bbox 1473 2737 1702 2790; x_wconf 83' lang='lat' dir='ltr'>contingit</span> <span class='ocrx_word' id='word_1_262' title='bbox 1722 2737 1791 2778; x_wconf 87' lang='lat' dir='ltr'>B.-</span> 
     </span>
     <span class='ocr_line' id='line_1_38' title="bbox 162 2790 1791 2844; baseline 0.002 -14"><span class='ocrx_word' id='word_1_263' title='bbox 162 2790 358 2844; x_wconf 79' lang='lat' dir='ltr'>contigit</span> <span class='ocrx_word' id='word_1_264' title='bbox 379 2792 484 2832; x_wconf 77' lang='lat' dir='ltr'>dett.</span> <span class='ocrx_word' id='word_1_265' title='bbox 509 2798 552 2832; x_wconf 84' lang='lat' dir='ltr'>et</span> <span class='ocrx_word' id='word_1_266' title='bbox 572 2793 670 2832; x_wconf 83' lang='lat' dir='ltr'>edd.</span> <span class='ocrx_word' id='word_1_267' title='bbox 754 2793 804 2832; x_wconf 88' lang='grc'>16</span> <span class='ocrx_word' id='word_1_268' title='bbox 846 2806 952 2832; x_wconf 86' lang='lat' dir='ltr'>nam</span> <span class='ocrx_word' id='word_1_269' title='bbox 976 2793 1015 2833; x_wconf 83' lang='lat' dir='ltr'>si</span> <span class='ocrx_word' id='word_1_270' title='bbox 1037 2793 1205 2843; x_wconf 60' lang='lat' dir='ltr'>Per-iz„</span> <span class='ocrx_word' id='word_1_271' title='bbox 1239 2796 1396 2834; x_wconf 84' lang='lat' dir='ltr'>tamen</span> <span class='ocrx_word' id='word_1_272' title='bbox 1419 2794 1459 2833; x_wconf 91' lang='lat' dir='ltr'>si</span> <span class='ocrx_word' id='word_1_273' title='bbox 1490 2794 1700 2835; x_wconf 77' lang='lat' dir='ltr'>Foertsclz</span> <span class='ocrx_word' id='word_1_274' title='bbox 1720 2794 1791 2842; x_wconf 92' lang='lat' dir='ltr'>II,</span> 
     </span>
     <span class='ocr_line' id='line_1_39' title="bbox 163 2846 1792 2903; baseline 0.001 -16"><span class='ocrx_word' id='word_1_275' title='bbox 163 2849 233 2896; x_wconf 84' lang='lat'>39,</span> <span class='ocrx_word' id='word_1_276' title='bbox 252 2848 361 2900; x_wconf 79' lang='lat' dir='ltr'>fort.</span> <span class='ocrx_word' id='word_1_277' title='bbox 387 2848 607 2894; x_wconf 86' lang='lat' dir='ltr'>Tametsi,</span> <span class='ocrx_word' id='word_1_278' title='bbox 631 2851 671 2888; x_wconf 88' lang='lat' dir='ltr'>si</span> <span class='ocrx_word' id='word_1_279' title='bbox 747 2851 799 2890; x_wconf 87' lang='lat'>19</span> <span class='ocrx_word' id='word_1_280' title='bbox 821 2849 1051 2890; x_wconf 77' lang='lat' dir='ltr'>inei-mora</span> <span class='ocrx_word' id='word_1_281' title='bbox 1073 2846 1129 2889; x_wconf 90' lang='lat' dir='ltr'>B‘</span> <span class='ocrx_word' id='word_1_282' title='bbox 1190 2851 1242 2889; x_wconf 93' lang='grc'>21</span> <span class='ocrx_word' id='word_1_283' title='bbox 1270 2863 1472 2903; x_wconf 81' lang='lat' dir='ltr'>euagare</span> <span class='ocrx_word' id='word_1_284' title='bbox 1499 2848 1572 2901; x_wconf 82' lang='lat'>(—-</span> <span class='ocrx_word' id='word_1_285' title='bbox 1594 2850 1633 2889; x_wconf 90' lang='lat' dir='ltr'>ri</span> <span class='ocrx_word' id='word_1_286' title='bbox 1657 2849 1792 2902; x_wconf 81' lang='lat' dir='ltr'>corr.)</span> 
     </span>
     <span class='ocr_line' id='line_1_40' title="bbox 158 2898 1792 2958; baseline 0.003 -16"><span class='ocrx_word' id='word_1_287' title='bbox 158 2902 200 2942; x_wconf 93' lang='lat' dir='ltr'><em>B</em></span> <span class='ocrx_word' id='word_1_288' title='bbox 276 2905 330 2944; x_wconf 83' lang='grc'>22</span> <span class='ocrx_word' id='word_1_289' title='bbox 353 2903 585 2957; x_wconf 82' lang='lat' dir='ltr'>adsumpti</span> <span class='ocrx_word' id='word_1_290' title='bbox 606 2899 663 2944; x_wconf 89' lang='lat' dir='ltr'>B&#39;</span> <span class='ocrx_word' id='word_1_291' title='bbox 742 2907 799 2951; x_wconf 83' lang='grc'>24</span> <span class='ocrx_word' id='word_1_292' title='bbox 830 2905 1136 2958; x_wconf 84' lang='lat' dir='ltr'>conflaglauit</span> <span class='ocrx_word' id='word_1_293' title='bbox 1158 2898 1214 2945; x_wconf 87' lang='lat' dir='ltr'>B&#39;</span> <span class='ocrx_word' id='word_1_294' title='bbox 1292 2908 1346 2947; x_wconf 83' lang='grc'>27</span> <span class='ocrx_word' id='word_1_295' title='bbox 1375 2907 1422 2947; x_wconf 88' lang='lat' dir='ltr'>in</span> <span class='ocrx_word' id='word_1_296' title='bbox 1447 2905 1611 2948; x_wconf 84' lang='lat' dir='ltr'>eadem</span> <span class='ocrx_word' id='word_1_297' title='bbox 1636 2905 1792 2947; x_wconf 83' lang='lat' dir='ltr'>condi-</span> 
     </span>
     <span class='ocr_line' id='line_1_41' title="bbox 160 2958 672 3015; baseline 0.008 -17"><span class='ocrx_word' id='word_1_298' title='bbox 160 2958 290 3001; x_wconf 85' lang='lat' dir='ltr'>cione</span> <span class='ocrx_word' id='word_1_299' title='bbox 313 2960 370 3013; x_wconf 89' lang='lat' dir='ltr'>B,</span> <span class='ocrx_word' id='word_1_300' title='bbox 395 2974 469 3002; x_wconf 90' lang='lat' dir='ltr'>em.</span> <span class='ocrx_word' id='word_1_301' title='bbox 495 2961 672 3015; x_wconf 64' lang='lat' dir='ltr'>Pighius</span> 
     </span>
    </p>
   </div>
  </div>
 </body>
</html>
