1936 3120
0 2410 14 2547 mou-⁶³⁷¹*
0 2373 2 2378 ·

0 3044 10 3120 ..υ-ι·
0 2975 10 3040 vum
0 2882 8 2971 ‹mr—q·
0 2869 4 2876 -
0 2753 9 2863 -v—--

719 90 854 165 *CAR
884 119 968 172 vn,
995 119 1090 165 Εχι.
1121 119 1150 178 g
1172 123 1211 165 2.
1240 122 1280 165 3.
1714 115 1819 168 395

195 226 368 281 maior
389 226 624 280 Graecia
644 225 1043 297 appellabatur,
1074 228 1338 298 perrexit,
1360 227 1419 279 in
1439 245 1546 298 qua
1566 227 1815 298 plurimis

195 304 252 350 et
278 295 704 368 opulentissimis
732 297 961 350 urbibus
1003 298 1228 350 effectus
1258 298 1568 351 studiorum
1594 317 1817 352 suorum

195 367 546 438 adprobauit,
597 369 751 420 cuius
780 367 1064 421 ardentem
1091 387 1285 437 rogum
1314 368 1488 439 plenis
1513 370 1815 423 ueneratio-

195 439 281 491 nis
310 438 480 492 oculis
507 439 858 509 Metapontus
887 441 1105 508 aspexit
1141 439 1427 510 oppidum,
1467 440 1816 510 Pythagorae

194 524 359 581 quam
409 528 629 562 suorum
678 509 920 562 cinerum
971 510 1207 563 nobilius
1268 509 1578 580 clariusque
1628 531 1815 564 monu-
1838 526 1860 558 5

191 588 453 632 mentum.

300 651 350 702 3.
391 650 591 704 Platon
616 660 800 704 autem
827 651 1062 721 patriam
1090 653 1363 717 Athenas,
1402 661 1815 722 praeceptorem

194 720 476 774 Socratem
522 723 779 788 sortitus,
825 731 879 774 et
912 721 1094 775 locum
1130 731 1184 774 et
1219 723 1491 775 hominem
1529 722 1815 776 doctrinae

195 791 612 859 fertilissimum,
640 793 848 861 ingenii
870 811 1086 874 quoque
1110 793 1300 845 diuina
1320 793 1620 846 instructus
1643 794 1813 846 abun-

192 863 412 930 dantia,
451 882 577 915 curn
614 865 853 915 omniurn
887 882 995 915 iam
1036 863 1348 916 mortalium
1375 865 1814 934 sapientissimus
1838 881 1880 912 10

191 933 507 1001 haberetur,
537 953 599 988 eo
629 933 849 1005 quidem
875 953 1064 1004 usque,
1092 943 1152 987 ut
1179 935 1224 986 si
1251 935 1368 1004 ipse
1390 935 1639 1005 Iuppiter
1665 934 1813 988 caelo

191 1004 597 1072 descendisset,
635 1023 736 1057 nec
773 1004 1107 1074 elegantiore
1132 1024 1231 1057 nec
1269 1006 1515 1058 beatiore
1550 1006 1815 1058 facundia

191 1094 390 1128 usurus
419 1075 716 1140 uideretur,
746 1077 1062 1145 Aegyptum
1091 1077 1424 1146 peragrauit,
1454 1077 1549 1129 ubi
1578 1095 1611 1128 a
1637 1095 1812 1128 sacer·
1853 1116 1857 1120 ·

190 1145 416 1200 dotibus
454 1147 569 1199 eius
607 1147 785 1216 gentis
822 1147 1155 1215 geometriae
1192 1146 1521 1217 multiplices
1558 1166 1811 1199 numeros

188 1223 246 1269 et
271 1216 589 1270 caelestium
611 1217 1058 1271 obseruationum
1081 1219 1348 1270 rationem
1367 1218 1629 1287 percepit.
1682 1234 1812 1287 quo·
1838 1233 1878 1265 15

227 1307 296 1340 ue
323 1297 568 1359 tempore
595 1307 628 1340 a
655 1287 918 1341 studiosis
955 1289 1245 1341 iuuenibus
1283 1289 1533 1340 certatim
1561 1288 1813 1340 Athenae

187 1307 478 1412 {latonem
522 1358 806 1412 doctorem
850 1360 1240 1428 quaerentibus
1287 1359 1644 1429 petebantur,
1695 1359 1814 1429 ipse

191 1429 301 1482 Nili
321 1430 559 1482 fluminis
581 1430 710 1482 inex
753 1429 999 1482 licabiles
1025 1431 1172 1500 ripas
1196 1430 1649 1500 uastissimosque
1673 1448 1811 1481 cam-

187 1519 288 1571 pos
304 1540 318 1566 ,
356 1500 585 1552 effusam
611 1501 712 1553 bar
754 1500 924 1552 ariem
960 1509 1013 1553 et
1037 1500 1314 1553 flexuosos
1342 1500 1614 1554 fossarum
1641 1500 1812 1552 ambi-

186 1579 277 1623 tus
315 1571 718 1641 Aegyptiorum
764 1590 954 1622 senum
1003 1572 1303 1640 discipulus
1341 1571 1630 1624 lustrabat.
1705 1589 1810 1640 quo
1834 1585 1875 1616 20

191 1641 368 1692 minus
397 1641 564 1692 miror
589 1642 647 1692 in
673 1639 892 1699 Italiam,
918 1651 1346 1710 transgressum,
1374 1649 1437 1693 ut
1464 1642 1533 1694 ab
1562 1641 1812 1708 Archyta

191 1711 438 1778 Tarenti,
468 1730 501 1763 a
527 1706 1068 1764 Timaeoe't‘Arione
1095 1720 1149 1764 et
1168 1712 1470 1763 Echecrate
1491 1711 1683 1764 Locris
1706 1711 1810 1780 Py-

187 1781 453 1851 thagorae
479 1791 774 1852 praecepta
801 1789 854 1833 et
871 1781 1125 1834 instituta
1145 1782 1436 1852 acciperet.
1490 1790 1646 1833 tanta
1665 1781 1810 1832 enim

191 1853 302 1919 uiS,
341 1861 496 1905 tanta
531 1853 689 1922 copia
723 1851 1028 1904 litterarum
1066 1852 1306 1922 undique
1342 1851 1650 1920 colligenda
1675 1859 1809 1915 erat,

187 1931 250 1976 ut
275 1923 514 1975 inuicem
539 1942 638 1993 per
664 1932 841 1976 totum
868 1931 1137 1974 terrarum
1164 1924 1354 1975 orbem
1381 1921 1627 1992 dispergi
1655 1930 1706 1973 et
1733 1921 1807 1972 di·
1833 1935 1875 1967 25

186 1993 353 2047 latari
382 2003 583 2064 posset.
647 1993 818 2046 altero
847 1994 1011 2046 etiam
1038 2003 1091 2046 et
1117 1994 1452 2063 octogesimo
1481 2011 1623 2044 anno
1653 1991 1807 2044 dece-

177 2141 525 2202 ·rogumplenis
554 2142 852 2187 ueneratione
881 2142 1026 2187 oculis
1053 2142 1343 2201 Metapontus
1371 2142 1563 2200 aspexit.
1617 2142 1656 2184 3.
1680 2139 1805 2183 Plato
1831 2145 1920 2178 Par.

188 2214 379 2272 patriam
416 2213 641 2263 Athenas,
679 2220 1022 2272 praeceptorem
1056 2214 1275 2258 Socraten
1315 2215 1506 2257 sortitus
1548 2212 1807 2269 Aegyptum

188 2284 466 2343 peragrauit.
519 2298 543 2327 a
571 2283 885 2328 sacerdotibus
914 2284 1012 2328 eius
1041 2286 1190 2342 gentis
1219 2285 1498 2342 geometriae
1530 2281 1807 2340 multiplices

187 2367 404 2397 numeros
431 2359 476 2397 et
501 2353 765 2397 caelestium
793 2354 1170 2398 obseruationum
1199 2355 1418 2397 rationem
1447 2353 1676 2412 percepit:
1729 2351 1806 2395 de·
1831 2360 1871 2392 30

188 2422 292 2467 inde
320 2423 366 2467 in
393 2422 564 2467 Italiam
603 2430 942 2481 transgressus,
979 2430 1027 2467 ut
1066 2423 1120 2467 ab
1149 2424 1344 2482 Archyta
1373 2423 1645 2471 Tarentino,
1684 2437 1707 2466 a
1737 2422 1808 2465 Ti-

187 2507 316 2539 maeo
345 2499 390 2538 et
415 2494 583 2538 Arione
611 2499 656 2538 et
681 2493 927 2538 Echecrate
957 2493 1110 2539 Locris
1143 2494 1429 2554 Pythagorae
1465 2498 1704 2550 praecepta
1734 2505 1806 2535 ac-

185 2566 372 2624 ciperet.
437 2564 582 2608 altero
612 2564 746 2608 etiam
774 2570 818 2608 et
846 2565 1163 2623 octogensimo
1201 2578 1318 2608 anno
1356 2563 1577 2607 decedens
1614 2560 1698 2606 sub
1735 2576 1806 2606 ca-

301 2704 326 2742 3
349 2701 497 2754 plenis
521 2701 561 2740 P
579 2706 621 2741 et
640 2701 838 2753 Pighius:
871 2700 1054 2752 plenum
1075 2701 1117 2740 B
1138 2698 1156 2754 Η
1185 2700 1482 2740 ueneratione
1510 2700 1546 2739 P
1602 2700 1627 2739 5
1650 2710 1806 2738 monu-

187 2762 340 2798 mento
364 2759 485 2810 Piylz.
550 2759 602 2798 13
624 2757 709 2809 ubi*
726 2758 790 2796 D:
822 2757 879 2797 dii
905 2757 941 2796 B
963 2759 1005 2797 in
1027 2771 1114 2800 ras,
1139 2759 1262 2797 trium
1284 2759 1521 2797 litterarum
1575 2757 1625 2796 15
1649 2755 1803 2795 obser-

187 2813 380 2855 uationfi
400 2812 580 2854 ratione
605 2814 660 2858 B,
681 2814 762 2854 sed
780 2813 807 2853 fi
828 2819 869 2853 et
890 2812 912 2853 ἐ
935 2815 976 2853 in
996 2827 1084 2855 ras.
1125 2810 1144 2867 l]
1194 2815 1402 2866 percepit
1426 2814 1466 2852 P
1485 2819 1526 2852 et
1547 2805 1601 2851 B'
1625 2818 1668 2851 ut
1690 2812 1804 2850 ecide-

186 2877 279 2910 tur:
313 2872 511 2924 percipit
532 2871 555 2910 b
616 2873 670 2911 20
693 2884 743 2922 q*
766 2865 820 2909 B'
880 2872 931 2910 21
957 2871 1138 2910 archita
1160 2892 1215 2898 ——
1238 2871 1374 2911 timeo
1398 2870 1438 2909 B
1498 2871 1550 2908 ‘22
1574 2868 1804 2908 tarentino

186 2924 263 2980 Pu
285 2932 330 2967 et
351 2927 597 2968 echecrate
622 2927 761 2968 locris
784 2927 826 2966 B
847 2929 889 2967 in
911 2940 999 2967 ras.
1034 2926 1112 2978 (eas
1135 2927 1191 2977 P)
