1936 3120
747 131 838 200 x'v,
863 149 892 193 9
907 117 966 181 -ὲ
983 116 1091 200 Χνι.
1116 150 1157 194 5.
1215 108 1218 109 ἦ
1655 140 1761 195 509

129 263 392 311 celebrant.
445 264 484 309 si
511 263 613 324 quis
639 276 749 308 uero
787 269 942 308 contra
978 275 1150 307 morem
1188 262 1339 322 gentis
1373 261 1524 321 luget,
1559 260 1932 308 femineava1.n.11.

147 341 280 382 ueste
306 335 467 385 utitur,
495 334 709 394 quoniam
736 334 782 378 in
810 347 920 378 sexu
946 333 1131 378 uidetur
1157 346 1258 378 esse
1284 331 1503 378 mollitus.

256 409 325 449 24.
364 404 495 466 Apud
521 404 653 450 Indos
681 403 901 465 plurimae
930 403 1123 463 singulis
1151 417 1316 448 uxores
1355 409 1474 449 sunt.
1545 403 1760 450 defuncto
1783 411 1822 461 6,
1849 412 1903 452 14

148 478 252 523 uiro
278 477 324 522 in
351 475 566 521 iudicium
592 476 776 520 uenitur
803 489 827 520 a
856 474 1048 525 seminis,
1088 481 1138 519 ut
1165 474 1333 520 clareat
1360 488 1494 534 quam
1521 475 1761 535 impensis-

107 558 129 592 5
153 549 264 594 sime
290 548 526 593 amauerit.
573 546 740 592 uictrix
773 559 937 606 rogum
973 545 1088 591 laeta
1129 545 1410 596 conscendit,
1450 547 1616 591 ceteris
1643 546 1760 591 inui-

150 617 377 664 dentibus.

253 691 323 734 25.
363 687 494 748 Apud
513 687 742 733 Cirtenses
771 689 978 751 corporis
1007 694 1198 748 quaestu
1227 687 1377 733 dotem
1405 686 1626 748 parabant
1660 689 1761 733 iun·
1783 697 1824 748 6,
1850 694 1932 752 15Ι

150 767 367 819 ctumque
394 760 594 819 turpiter
618 759 956 804 matrimonium
984 760 1204 818 pecuniae
1232 758 1448 804 foeditate
1478 758 1715 804 faciebant.
1926 755 1936 815 {3

256 832 323 875 26.
363 829 529 875 Persae
556 835 662 874 ante
683 830 974 890 septennium
999 829 1169 875 liberos
1196 843 1287 875 non
1314 829 1487 888 uident,
1517 828 1760 875 orbitatem
1782 830 1825 890 eg
1851 826 1936 878 165²?

87 915 128 947 10
153 902 207 947 de
233 901 485 946 immaturis
514 901 742 946 timentes.
1910 897 1930 916 ³

258 975 326 1015 27.
365 971 657 1017 Numidarum
684 985 817 1030 reges
843 971 1012 1017 humile
1033 978 1314 1032 putauerunt
1341 972 1550 1032 cuiquam
1577 973 1760 1032 priuato
1786 982 1826 1032 6,
1852 966 1919 1021 17'

151 1042 357 1090 osculum
385 1042 516 1088 dare:
545 1049 590 1087 et
615 1043 661 1087 in
690 1043 852 1087 castris
880 1056 979 1088 mos
1007 1042 1139 1087 idem.

423 1177 580 1231 XVI.
619 1177 719 1230 De
759 1176 1138 1247 disciplina
1174 1176 1489 1230 militari.

263 1284 302 1328 1.
353 1282 503 1342 Scipio
539 1282 779 1328 Africanus
813 1282 1094 1328 Numantiam
1130 1284 1296 1328 missus
1344 1285 1489 1329 omnia
1531 1298 1645 1344 quae
1682 1299 1765 1330 uo·
1787 1293 1826 1342 7,
1853 1291 1904 1339 1,

89 1365 131 1398 15
154 1353 342 1414 luptatis
381 1367 516 1399 causa
551 1353 827 1399 haberentur
866 1355 910 1398 in
949 1354 1109 1399 castris
1145 1367 1308 1399 seuero
1344 1369 1447 1400 mox
1484 1357 1764 1401 summoueri

152 1424 290 1470 iussit
315 1423 480 1475 edicto,
517 1424 712 1485 denique
750 1431 1008 1470 scortorum
1048 1424 1136 1470 duo
1165 1425 1285 1470 milia
1313 1439 1414 1470 cum
1456 1425 1558 1471 lixis
1595 1440 1618 1472 e
1656 1438 1764 1487 pro-

154 1497 305 1540 cinctu
331 1494 420 1540 loci
447 1496 545 1540 eius
573 1496 712 1540 eiecta
751 1503 882 1541 sunt:
922 1502 1190 1556 tantumque
1231 1495 1385 1541 subito
1424 1496 1507 1542 sub
1544 1497 1761 1544 destricto

154 1565 266 1611 duce
302 1565 500 1624 profecit
536 1567 786 1617 exercitus,
825 1573 876 1611 ut
900 1566 1183 1612 Numantiam
1220 1567 1295 1613 diu
1331 1568 1763 1627 perniciosissimam

153 1635 287 1681 nobis
313 1635 444 1680 breui
470 1635 571 1681 solo
599 1645 886 1696 exaequaret.

89 1718 131 1751 20
254 1710 293 1750 2.
333 1706 380 1751 Ρ.
407 1706 612 1766 Rupilius
654 1707 812 1752 consul
849 1709 894 1751 in
922 1707 1071 1753 Sicilia
1109 1708 1325 1753 dimicans
1353 1715 1510 1754 contra
1536 1709 1762 1769 fugitiuos
1786 1710 1824 1760 7,
1849 1711 1875 1750 3

153 1777 203 1834 Q.
232 1776 421 1822 Fabium
449 1791 665 1836 generum
688 1779 907 1823 conuiciis
934 1779 1114 1838 publice
1142 1778 1403 1824 lacessitum
1425 1781 1661 1839 prouincia
1689 1794 1763 1826 ex-

152 1848 286 1910 pulit,
315 1849 418 1907 quia
447 1849 870 1894 Tauromenitanam
908 1863 1055 1894 arcem
1092 1850 1137 1893 in
1166 1863 1302 1895 cursu
1328 1849 1435 1895 belli
1461 1850 1763 1910 fugitiuorum

152 1918 445 1980 prodidisset.

262 1991 301 2034 3.
340 1989 513 2034 Censor
538 1989 724 2035 Fuluius
751 1990 937 2036 Flaccus
974 1990 1157 2036 fratrem
1185 1990 1421 2042 Fuluium,
1465 1992 1587 2052 quod
1625 2007 1763 2053 quos·
1789 1995 1824 2045 7,
1852 1994 1877 2034 5

90 2071 133 2103 25
156 2060 255 2106 dam
282 2060 460 2106 iniussu
488 2061 688 2106 consulis
723 2060 806 2106 sub
827 2067 1082 2107 commeatu
1105 2062 1364 2112 dimisisset,
1394 2062 1560 2108 senatu
1575 2063 1762 2123 depulit.

260 2134 302 2175 4.
339 2131 602 2179 Postumius
630 2132 829 2178 dictator
856 2132 1016 2177 Aulum
1043 2132 1326 2178 Postumium
1353 2132 1508 2184 filium,
1547 2134 1669 2194 quod
1695 2137 1763 2179 in-
1787 2138 1826 2188 7,
1852 2136 1877 2175 6

155 2203 283 2247 iussu
303 2215 386 2248 suo
409 2203 456 2246 in
476 2203 654 2248 hostem
676 2210 977 2263 processerat,
992 2205 1199 2264 quamuis
1215 2205 1437 2249 uictorem
1460 2206 1592 2250 iussit
1615 2207 1764 2251 securi

154 2274 349 2332 percuti.

262 2345 303 2386 5.
343 2342 603 2402 Torquatus
631 2358 814 2404 quoque
842 2345 1001 2390 consul
1028 2344 1148 2391 bello
1180 2345 1343 2405 gallico
1383 2346 1438 2390 ad
1475 2348 1656 2392 comitia
1690 2362 1763 2394 ro-
1786 2349 1825 2399 7,
1851 2351 1875 2389 6

93 2425 134 2457 30
157 2426 288 2457 mana
314 2411 590 2458 descendens
617 2413 710 2459 filio
740 2422 886 2460 castra
912 2417 1138 2465 commisit
1175 2415 1259 2461 sub
1296 2424 1541 2476 praecepto
1570 2417 1671 2468 tali,
1708 2432 1764 2463 ne

157 2496 212 2528 eo
239 2482 427 2528 absente
454 2490 694 2543 pugnaret.
745 2484 1007 2530 adolescens
1043 2492 1190 2531 tamen
1226 2494 1502 2546 prouocatus
1540 2489 1690 2548 erupit
1718 2495 1763 2534 et

157 2555 282 2599 uicit.
334 2567 572 2613 regressus
599 2554 788 2600 Manlius
814 2569 897 2615 pro
927 2557 1120 2601 uictoria
1158 2555 1299 2602 filium
1340 2558 1384 2601 in
1422 2559 1634 2604 contione
1669 2559 1764 2605 lau-

271 2734 294 2773 1
316 2732 476 2786 lugent
497 2733 531 2774 C
590 2735 614 2774 7
638 2736 834 2786 quaesti]
859 2735 891 2776 G
928 2732 948 2789 {l
986 2736 1278 2790 iunctumque
1301 2750 1400 2779 nos:
1433 2741 1708 2791 auctumque
1733 2740 1766 2780 Ο

157 2792 184 2832 8
205 2789 405 2830 seditate
431 2790 464 2830 C
522 2791 571 2829 11
594 2790 770 2832 hinnile
796 2792 829 2832 0
886 2794 938 2833 13
958 2793 1162 2834 militare
1188 2794 1221 2834 G
1271 2795 1323 2834 14
1343 2797 1596 2836 numatiam
1620 2796 1654 2836 C
1712 2798 1763 2837 16

156 2845 263 2887 lixis
287 2859 310 2886 e
333 2846 451 2887 Mai:
481 2846 641 2887 lixisse
668 2847 701 2888 0
756 2846 812 2888 20
832 2848 979 2890 silicia
1003 2850 1036 2890 C
1092 2852 1146 2890 22
1168 2854 1300 2891 tauro
1322 2851 1495 2893 mitam}
1514 2852 1547 2892 0
1585 2849 1603 2906 [l
1643 2853 1763 2906 fugi-

154 2903 356 2943 tiuarum
380 2903 412 2943 0
460 2905 512 2943 27
536 2915 617 2944 suo
639 2905 741 2947 add.
767 2905 1045 2947 Kellerbauer
1084 2909 1137 2949 28
1159 2907 1345 2960 percliti
1367 2907 1400 2948 C
1446 2911 1500 2950 30
1521 2908 1762 2951 discedens

156 2957 264 3009 Mai,
286 2974 340 3000 an
362 2959 590 3001 decedens
614 2962 632 3000 ?
691 2963 744 3002 32
768 2962 950 3004 mallius
986 2964 1018 3004 C
