1924 3152
0 0 43 15 ῐττι
51 6 65 10 >v

620 0 647 13 ιι
692 0 755 18 vva·
771 0 845 17 ἐάν*
862 0 873 11 *0
887 0 892 2 ·
908 0 959 16 ’ΤΥ
971 0 1179 21 ““’>”““ἓ;ἵ”-“““’-“““ΕΨ
1195 12 1230 28 m,
1255 3 1342 18 “““·’·”·
1370 16 1375 19 -
1395 17 1399 20 ·

704 28 736 34 «,
928 21 999 35 -”»“
1066 23 1091 32 ”-
1175 19 1275 34 5’·’““
1355 24 1379 28 ’”

196 139 296 191 126
889 141 988 187 LlB.
1028 142 1097 186 111.

192 249 318 304 telis
356 257 410 302 et
446 249 515 301 ab
539 249 687 300 'omni
713 255 868 319 parte
904 249 1016 300 acri
1044 249 1228 302 studio
1257 249 1327 301 ad
1352 249 1810 307 terinuadendum

189 320 510 384 nitentibUS,
539 319 776 389 quinque
801 319 1039 371 militum
1065 319 1257 371 diurno
1278 318 1484 390 proelio
1510 320 1812 374 suffectura

189 390 302 460 pila
349 407 460 440 una
495 389 727 442 dextera
761 389 1001 442 hostium
1037 389 1356 460 corporibus
1402 391 1657 461 adegisti.
1720 392 1805 444 -ad

187 459 442 512 ultimum
493 459 752 513 destricto
841 458 987 513 ladio
1046 461 1475 514 audacissimum
1535 481 1809 534 quemque>

153 529 351 583 5modo
386 529 637 583 umbonis
673 478 919 600 inpuffsti,
971 530 1131 584 modo
1166 532 1440 586 mucronis
1474 533 1587 585 ictu
1622 532 1803 604 depel-

187 601 301 652 lens
316 640 330 667 ,
358 599 486 652 hinc
512 601 774 653 Romanis
791 641 805 668 ,
833 599 983 653 illinc
1009 601 1343 654 Britannicis
1373 602 1544 656 oculis
1570 602 1800 655 incredi-

185 670 310 737 bili,
370 671 478 723 nisi
527 672 853 738 cernereris,
916 671 1222 742 spectaculo
1273 672 1443 725 fuisti.
1519 681 1802 745 postquam

187 740 387 794 deinde
413 742 497 792 ira
523 759 588 794 ac
611 742 792 812 pudor
817 745 1014 794 cuncta
1040 743 1224 795 conari
1251 742 1426 795 fessos
1454 744 1656 812 coegit,
1691 751 1800 796 tra-

184 811 315 880 gula
349 811 526 864 femur
561 813 819 865 traiectus
849 814 1079 884 saxique
1113 811 1355 883 pondere
1392 832 1489 866 ora
1522 820 1798 881 contusuS,

120 898 162 929 10
183 881 341 951 galea
366 883 476 934 iam
509 883 711 936 ictibus
740 884 990 935 discussa
1025 891 1079 935 et
1106 891 1259 935 scuto
1286 883 1492 936 crebris
1518 883 1799 936 foramini-

182 953 285 1006 bus
330 952 620 1024 absumpto
631 993 645 1020 ,
695 954 970 1023 profundo
1014 960 1068 1006 te
1113 953 1425 1021 credidisti,
1477 971 1540 1006 ac
1584 953 1798 1009 duabus

184 1022 366 1076 loricis
405 1031 628 1086 onustus
656 1024 799 1076 inter
823 1023 1027 1091 undas,
1066 1042 1200 1095 quas
1227 1022 1415 1077 hostili
1443 1042 1637 1078 cruore
1661 1024 1796 1077 infe-

183 1111 365 1161 ceras,
405 1095 580 1146 enasti
594 1134 608 1161 ,
645 1094 871 1166 uisoque
897 1095 1227 1165 imperatore
1253 1095 1419 1146 armis
1447 1113 1556 1146 non
1582 1094 1800 1148 amissis

183 1163 278 1216 sed
307 1164 445 1216 bene
482 1166 751 1235 inpensiS,
805 1184 926 1218 cum
952 1164 1172 1217 laudem
1207 1166 1522 1228 merereriS,
1576 1165 1796 1218 ueniam

118 1248 160 1280 15
182 1234 387 1304 petisti,
415 1253 647 1304 magnus
672 1235 898 1306 proeli0,
928 1235 1024 1287 sed
1049 1236 1224 1287 maior
1250 1235 1572 1306 disciplinae
1597 1233 1796 1288 milita·

181 1305 258 1356 ris
285 1306 565 1358 memoria.
632 1307 816 1376 itaque
843 1307 913 1359 ab
949 1306 1153 1376 optimo
1189 1307 1408 1358 uirtutis
1446 1306 1793 1359 aestimatore

182 1394 305 1427 cum
330 1375 480 1428 facta
505 1384 622 1428 tum
649 1377 812 1429 etiam
838 1376 1008 1429 uerba
1034 1384 1128 1428 tua
1155 1377 1563 1429 centurionatus
1589 1375 1796 1430 honore

182 1444 384 1498 donata
411 1454 554 1498 sunt.

286 1515 373 1567 24.
423 1515 531 1568 Sed
568 1516 713 1587 quod
757 1516 828 1569 ad
865 1517 1255 1587 proeliatorum
1294 1516 1652 1570 excellentem
1685 1515 1793 1568 for-

117 1600 160 1632 20
181 1584 470 1638 titudinem
506 1586 741 1654 adtinet,
783 1588 978 1641 merito
1011 1587 1074 1639 L.
1105 1586 1276 1639 Sicini
1301 1588 1527 1640 Dentati
1562 1604 1793 1639 comme-

178 1657 410 1709 moratio
439 1658 622 1710 omnia
647 1658 896 1711 Romana
922 1657 1172 1728 exempla
1199 1658 1417 1723 finierit,
1445 1659 1599 1711 cuius
1628 1675 1796 1727 opera

178 1726 518 1798 honoresque
554 1747 779 1798 operum
826 1728 968 1780 ultra
1003 1727 1166 1780 fidem
1200 1730 1317 1780 ueri
1354 1728 1616 1791 excedere
1653 1728 1790 1780 iudi-

181 1797 293 1848 cari
327 1806 577 1868 possent,
630 1800 737 1851 nisi
777 1818 841 1852 ea
877 1800 1010 1852 certi
1046 1806 1325 1866 auctores,
1378 1800 1520 1852 inter
1554 1817 1688 1870 quos
1712 1797 1789 1851 M.

177 1867 372 1934 Varro,
393 1871 759 1923 monumentis
782 1870 894 1922 suis
914 1876 1115 1923 testata
1134 1888 1251 1922 esse
1271 1869 1592 1922 uoluissent.
1633 1886 1792 1940 quem

113 1951 155 1983 25
178 1939 381 1990 centies
425 1946 477 1990 et
514 1941 681 1991 uicies
723 1941 779 1991 in
816 1941 989 1992 aciem
1026 1939 1374 1992 descendisse
1420 1939 1671 2005 tradunt,
1724 1957 1788 1992 eo

175 2007 372 2060 robore
419 2010 586 2070 animi
623 2018 784 2079 atque
822 2011 1064 2080 corporis
1100 2017 1373 2076 utentem,
1431 2016 1492 2060 ut
1524 2009 1789 2061 maiorem

178 2095 392 2148 semper
430 2079 694 2131 uictoriae
729 2088 941 2149 partem
974 2081 1211 2131 traxisse
1247 2079 1557 2131 uideretur:
1601 2097 1699 2131 sex
1733 2087 1790 2132 et

174 2161 299 2198 XXX
335 2147 512 2217 spolia
546 2168 615 2201 ex
653 2150 809 2202 hoste
842 2149 1153 2215 rettulisse,
1204 2168 1435 2219 quorum
1470 2150 1527 2200 in
1561 2167 1789 2203 numero

176 2225 295 2270 octo
321 2217 520 2286 fuisse,
551 2238 671 2270 cum
698 2219 894 2290 quibus
920 2220 1261 2290 inspectante
1287 2228 1516 2290 utroque
1545 2220 1789 2272 exercitu

111 2302 153 2335 30
176 2306 247 2340 ex
294 2290 683 2356 prouocatione
722 2289 1063 2356 dimicasset,
1115 2304 1249 2340 XIIII
1300 2290 1447 2342 ciues
1499 2309 1568 2342 ex
1604 2290 1789 2342 media

59 2414 151 2447 Par·
175 2406 286 2453 litus
312 2409 444 2468 petiit
469 2423 493 2454 a
519 2408 706 2455 Caesare
732 2416 783 2454 ut
810 2409 894 2454 sibi
920 2410 1177 2467 ignosceret
1215 2408 1338 2468 quod
1364 2408 1462 2454 sine
1487 2415 1616 2454 scuto
1643 2408 1785 2454 redis-

174 2484 257 2522 set.
309 2482 381 2526 24.
408 2478 455 2523 L.
485 2478 667 2525 Sentius
683 2480 899 2526 Dentatus
926 2478 1096 2525 centies
1124 2480 1264 2524 uicies
1291 2481 1336 2524 in
1362 2479 1502 2525 aciem
1529 2478 1785 2525 descendit:

172 2562 298 2596 xxv1
323 2549 469 2609 spolia
496 2550 689 2601 rettulit,
718 2564 769 2595 ex
795 2551 866 2596 his
896 2556 999 2597 octo
1027 2563 1184 2595 eorum
1213 2551 1288 2610 qui
1318 2564 1366 2596 se
1391 2555 1782 2611 prouocauerant:

287 2659 308 2696 1
342 2658 399 2697 ad
421 2661 467 2698 te
489 2659 584 2699 inu.
607 2660 654 2699 b:
687 2659 745 2699 ad
767 2659 1052 2701 euadendum
1074 2659 1116 2699 B
1178 2660 1229 2698 12
1260 2658 1484 2699 honustus
1504 2658 1547 2698 B
1608 2658 1661 2697 14
1688 2669 1784 2697 me-

118 2710 124 2715 ’
171 2713 287 2754 reris
316 2707 373 2752 B'
433 2716 484 2755 18
514 2715 686 2756 donata
707 2730 767 2756 m:
799 2716 909 2756 data
932 2716 974 2755 B
1034 2717 1089 2756 20
1117 2714 1272 2756 sicinii
1298 2715 1344 2754 V
1366 2721 1407 2754 et
1436 2715 1541 2754 dett.
1561 2716 1781 2766 pler-ique:

172 2769 275 2809 sicii
304 2772 381 2817 aL,
415 2772 555 2810 sentii
574 2773 615 2811 P
642 2779 684 2812 et
710 2775 753 2813 z‘n
782 2776 840 2815 lz't.
864 2773 906 2812 B
914 2787 931 2820 ,·
962 2772 1017 2823 cf.
1042 2772 1272 2813 Mommsen
1299 2772 1403 2810 reim.
1426 2771 1604 2811 Forsclz,
1634 2770 1675 2817 I,
1698 2770 1780 2809 109

169 2839 212 2865 n.
242 2827 297 2866 88
325 2821 345 2879 Η
376 2829 672 2868 commoratio
694 2829 736 2867 B
804 2832 858 2869 24
886 2829 1114 2869 uoluisset
1134 2820 1190 2868 B'
1257 2829 1310 2868 28
1339 2826 1578 2868 retulisset
1603 2819 1659 2865 B'
1726 2826 1781 2866 30

56 2907 65 2912 „
107 2912 112 2918 .
169 2881 442 2934 probatione
464 2876 518 2922 B'

283 2940 336 2979 32
357 2951 496 2980 cxxes
525 2940 566 2979 V
