1924 3152
653 6 659 14 2
703 8 706 16 Δ
734 6 750 11 Α
771 0 810 23 013
820 5 851 15 m
862 0 1168 31 3⁴⁴·-3'Q4122'ff‘w‘3‘2‘2
1231 19 1244 30 a
1263 10 1303 26 ,ᾗ

807 28 811 30 ⁷
898 30 901 32 >
990 28 1003 36 -..
1095 28 1107 37 ,¹
1127 33 1129 37 .
1182 26 1186 29 ·
1222 27 1229 37 κ

151 119 256 172 248
759 75 762 78 '
859 126 956 170 ΗΒ.
997 126 1044 171 V.

151 231 305 285 aluit.
368 234 592 284 haerent
619 250 681 283 ac
709 240 929 302 stupent
954 233 1237 286 hominum
1263 232 1422 300 oculi,
1450 234 1572 287 cum
1596 233 1759 294 huius

150 302 285 355 'facti
310 302 512 372 pictam
536 302 832 371 imaginem
857 302 1070 366 uident,
1108 322 1374 374 casusque
1400 305 1611 374 antiqui
1636 322 1760 357 con-

152 372 418 425 dicionem
444 374 747 443 praesentis
774 374 1069 443 spectaculi
1091 373 1450 426 admiratione
1475 383 1760 440 renouant,

150 445 205 495 in
232 442 339 494 illis
367 443 531 494 mutis
559 444 926 496 membrorum
951 443 1279 495 liniamentis
1305 445 1434 496 uiua
1459 462 1523 496 ac
1550 445 1758 515 spiran-

105 532 126 565 5
149 514 227 566 tia
286 531 514 582 corpora
573 515 773 566 intueri
830 514 1135 567 credentes,
1207 514 1354 584 quod
1403 532 1624 567 necesse
1675 523 1760 567 est

148 584 328 635 animo
357 601 569 654 quoque
597 585 843 650 euenire,
883 585 1160 654 aliquanto
1199 584 1506 636 efficaciore
1542 585 1759 655 pictura

147 654 451 705 litterarum
475 661 663 706 uetera
688 673 786 726 pro
823 655 1131 708 recentibus
1159 653 1434 722 admonito
1461 654 1754 708 recordari.

251 723 301 775 2.
343 723 426 776 Ne
454 731 507 776 te
534 723 780 794 quidem,
828 723 1012 791 Cimo,
1065 725 1281 778 silentio
1309 723 1611 790 inuoluam,
1663 725 1757 795 qui

145 793 290 864 patri
317 802 410 846 tuo
448 794 784 864 sepulturam
818 794 1144 847 uoluntariis
1181 793 1418 847 uinculis
1445 812 1623 846 emere
1648 813 1758 847 non

32 871 36 875 ’
83 883 125 915 10
150 864 429 916 dubitasti.
491 883 619 916 nam
670 866 774 917 etsi
824 864 1063 916 maximo
1115 864 1219 917 tibi
1253 872 1444 934 postea
1479 873 1532 917 et
1569 864 1678 916 ciui
1704 871 1758 916 et

147 934 271 986 duci
299 934 532 987 euadere
569 935 828 1004 contigit,
872 934 994 1004 plus
1032 943 1218 987 tamen
1254 933 1532 1004 aliquanto
1577 932 1756 986 laudis

143 1005 201 1056 in
228 1022 443 1056 carcere
471 1023 633 1075 quam
659 1006 716 1056 in
742 1006 894 1056 curia
921 1005 1214 1057 adsecutus
1250 1023 1330 1056 es:
1373 1013 1585 1057 ceterae
1612 1005 1757 1056 enim

143 1075 377 1126 uirtutes
414 1075 792 1128 admirationis
828 1083 1037 1127 tantum
1075 1075 1232 1127 modo
1280 1074 1535 1141 multum,
1580 1076 1754 1144 pietas

143 1163 275 1197 uero
306 1146 470 1197 etiam
497 1147 697 1198 amoris
726 1146 1020 1216 plurimum
1045 1154 1300 1197 meretur.

79 1234 120 1266 15
249 1215 299 1267 3.
336 1215 451 1266 Vos
479 1234 708 1286 quoque,
737 1215 955 1280 fratreS,
983 1215 1245 1267 memoria
1272 1213 1600 1284 conplectar,
1665 1233 1756 1266 uo-

142 1303 263 1337 rum
289 1286 502 1338 animus
531 1287 740 1354 origine
766 1286 876 1338 fuit
894 1283 1143 1350 nobilior,
1172 1285 1441 1354 siquidem
1461 1284 1621 1337 admo
1664 1300 1757 1335 um

142 1354 373 1408 humiles
412 1356 468 1406 in
503 1356 774 1425 Hispania
809 1357 924 1407 nati
973 1374 1071 1424 pro
1122 1355 1432 1424 parentium
1482 1354 1752 1406 alimentis

144 1426 399 1495 spiritum
426 1426 699 1495 erogando
738 1426 983 1495 specioso
1026 1425 1178 1476 exitu
1221 1425 1367 1476 uitae
1403 1422 1754 1476 inclaruistis.

144 1495 433 1547 duodecim
478 1496 621 1547 enim
664 1495 816 1547 milia
856 1513 1162 1560 nummum,
1215 1513 1353 1564 quae
1379 1501 1501 1564 post
1526 1500 1756 1546 mortem

37 1626 42 1631 ·
77 1584 119 1617 20
142 1573 380 1617 uestram
405 1565 471 1616 iis
501 1566 776 1631 darentur,
806 1583 838 1616 a
864 1566 1141 1616 Paciaecis
1167 1565 1334 1634 pacti,
1361 1572 1422 1616 ut
1449 1581 1635 1615 eorum
1661 1581 1754 1632 pa·

140 1636 240 1687 tris
267 1635 673 1688 interfectorem
698 1637 1021 1706 Etpastum,
1059 1636 1235 1703 gentis
1273 1652 1404 1686 suae
1438 1641 1754 1703 tyrannum,
1798 1671 1801 1674 >

142 1706 485 1770 occideretis,
514 1724 613 1758 nec
640 1707 759 1757 ausi
788 1704 961 1758 solum
996 1706 1208 1773 insigne
1234 1705 1445 1756 facinus
1473 1703 1628 1769 estiS,
1659 1701 1756 1754 sed

142 1777 308 1828 etiam
333 1784 556 1829 strenuo
596 1794 660 1827 ac
690 1776 821 1827 forti
856 1778 1010 1828 exitu
1045 1775 1337 1827 clausistis.
1399 1773 1574 1825 isdem
1610 1773 1756 1825 enim

140 1847 394 1899 manibus
421 1847 698 1899 Paciaecis
724 1846 1011 1912 ultionem,
1047 1845 1278 1915 Etpasto
1305 1862 1565 1915 poenam,
1607 1842 1754 1912 geni-

77 1935 119 1968 25
142 1917 355 1969 toribus
389 1917 750 1983 nutrimenta,
803 1917 961 1970 uobis
997 1915 1233 1984 gloriosa
1277 1914 1394 1968 fata
1442 1912 1750 1984 peperisti&

141 1987 326 2057 itaque
353 1986 575 2039 tumulis
612 1988 778 2039 etiam
813 2005 956 2037 nunc
1004 1986 1221 2050 uiuitis,
1274 1986 1403 2054 quia
1451 1983 1754 2053 parentium

143 2064 476 2109 senectutem
526 2058 669 2108 tueri
718 2075 878 2127 quam
928 2064 1168 2107 uestram
1220 2061 1539 2123 exspectare
1583 2053 1753 2105 satius

142 2145 262 2178 esse
289 2126 541 2178 duxistis,

247 2196 298 2247 4.
338 2195 569 2248 Notiora
608 2205 734 2248 sunt
770 2196 1002 2246 fratrum
1041 2194 1195 2263 paria
1224 2191 1440 2244 Cleobis
1488 2198 1542 2243 et
1568 2190 1750 2255 Biton,

77 2283 120 2318 30
144 2266 542 2336 Amphinomus
571 2273 622 2317 et
650 2265 920 2335 AnapiuS,
948 2263 1046 2330 illi,
1075 2261 1220 2333 quod
1247 2262 1317 2314 ad
1346 2279 1502 2313 sacra
1528 2260 1752 2312 Iunonis

29 2408 120 2445 Par.
147 2411 244 2443 mac
271 2399 542 2448 senectutis,
584 2396 711 2442 uelut
738 2397 952 2442 infantem
980 2396 1096 2442 lacte
1132 2409 1214 2440 suo
1245 2395 1370 2439 aluit.
1430 2396 1470 2438 4.
1508 2393 1753 2453 Amphino-

256 2523 281 2561 2
305 2522 614 2574 cognitionem
635 2522 776 2562 Periz.
809 2522 834 2560 3
856 2519 1092 2572 praesenti
1112 2518 1154 2558 B
1174 2514 1193 2572 Η
1216 2516 1541 2557 admiratione*
1558 2515 1600 2555 B
1639 2517 1664 2556 6
1688 2514 1754 2554 ef-

143 2576 362 2619 ficaciora
391 2571 447 2618 B'
515 2579 538 2617 7
568 2576 922 2629 procedentibus
953 2569 1007 2615 B'
1035 2572 1055 2629 Η
1086 2574 1341 2615 admonitos
1370 2573 1432 2618 B,
1474 2585 1549 2612 em.
1579 2571 1754 2622 Lipsius

143 2635 170 2675 8
192 2638 237 2674 te
259 2634 301 2673 B
321 2647 355 2674 s.
376 2636 403 2674 l.
467 2635 518 2673 12
543 2646 590 2673 es
614 2646 728 2675 corr.
751 2646 808 2673 ex
831 2636 876 2672 et
892 2632 934 2671 B
996 2634 1046 2672 17
1069 2634 1309 2684 parentum
1330 2630 1371 2669 Iz.
1389 2631 1414 2668 ί.
1433 2627 1475 2667 Β
1533 2628 1587 2667 20
1608 2627 1666 2666 iis
1690 2625 1751 2664 E:

143 2689 215 2729 his
237 2690 279 2728 B
306 2687 325 2742 Η
354 2703 380 2730 a
401 2689 467 2729 B.-
500 2703 526 2729 a
548 2689 655 2729 filiis
677 2689 700 2730 b
727 2685 747 2743 [Ι
775 2690 918 2742 pactu
940 2681 994 2728 B'
1054 2689 1105 2727 21
1130 2689 1367 2740 ecpastum
1398 2684 1457 2734 (el
1477 2682 1595 2733 infra
1617 2692 1752 2733 ecpa-

143 2745 234 2798 sto)
261 2745 318 2791 Γ,
352 2748 559 2797 epastum
588 2748 644 2787 al.
714 2747 767 2786 22
788 2746 1016 2797 insignem
1038 2744 1080 2784 B
1147 2745 1203 2783 24
1224 2745 1270 2782 et
1291 2739 1474 2793 pastiB
1540 2739 1594 2778 25
1622 2737 1753 2776 facta

144 2795 200 2842 B'
278 2801 332 2840 26
363 2802 502 2841 etiam
529 2814 635 2841 num
666 2802 689 2841 b
767 2803 819 2841 27
849 2805 1062 2853 spectare
1093 2794 1149 2839 B'
1225 2800 1279 2838 29
1307 2796 1457 2849 patria
1489 2793 1676 2834 cleobus
1708 2795 1754 2832 et

145 2858 316 2899 obiton*
333 2853 390 2896 B'
455 2859 510 2898 30
540 2857 749 2910 anaphas
771 2857 833 2904 B,
865 2869 940 2896 em.
970 2869 1028 2896 ex
1049 2856 1110 2902 P‚·
1140 2869 1179 2894 u.
1211 2853 1343 2894 Solin.
1374 2856 1415 2899 5,
1447 2853 1499 2890 15
1527 2855 1570 2901 ᾔ.
1602 2851 1655 2889 56
1684 2849 1751 2891 ed.

147 2915 337 2956 Momms.
363 2907 605 2964 (Ἀναπιάς
630 2914 784 2953 Strabo
808 2915 844 2958 6,
869 2915 908 2959 2,
929 2927 975 2964 p.
1001 2914 1081 2952 269
1104 2917 1145 2952 et
1167 2910 1310 2951 Conon
1331 2920 1449 2949 narr.
1474 2905 1553 2957 43)
