1936 3120
795 2 827 13 a·
855 0 1229 23 ’κῶμα-νοω
1290 4 1295 10 *—

193 185 195 187 ,
215 133 322 186 360
909 137 1008 184 Ltss.
1046 137 1130 183 Vll.

217 246 419 310 ciliam,
449 242 700 297 Cornelio
721 243 1069 309 Mammulae,
1097 243 1189 314 qui
1214 242 1646 314 Sardiniampro
1662 263 1823 314 prae-

219 315 429 368 toribus
469 314 817 379 obtinebant,
856 314 1206 384 querentibus
1246 314 1390 384 quod
1425 332 1600 384 neque
1626 315 1823 384 stipen—

219 385 366 437 dium
406 402 579 464 neque
617 383 949 436 frumentum
984 383 1251 436 classibus
1289 402 1474 436 eorum
1501 392 1555 436 et
1580 384 1825 436 exerciti—

220 455 367 507 tibus
391 454 525 505 socli
544 454 889 523 praeberent,
914 454 1328 506 adfirmantibus
1352 455 1515 506 etiam
1535 473 1602 506 ne
1625 453 1826 506 habere

178 538 198 571 5
223 525 442 594 quidem
469 542 559 577 eos
587 525 729 576 unde
755 524 812 575 id
839 533 1118 594 praestare
1144 531 1392 594 possent,
1430 525 1714 594 rescripsit
1740 543 1824 576 ae-

216 594 422 646 rarium
442 593 751 663 longinquis
774 594 1017 664 inpensis
1040 613 1148 647 non
1169 594 1442 646 sufficere:
1473 594 1699 663 proinde
1718 612 1824 663 quo

216 671 375 735 pacto
410 672 595 716 tantae
631 664 848 733 inopiae
885 665 1306 716 succurrendum
1342 672 1486 716 esset
1527 665 1636 734 ipsi
1678 664 1824 715 uide-

218 743 354 786 rent.
422 734 503 785 his
532 733 727 786 litteris
756 734 888 805 quid
916 733 1066 785 aliud
1093 753 1255 804 quam
1281 734 1494 803 imperii
1521 735 1603 785 sui
1629 734 1824 801 guber-

219 803 420 857 nacula
447 823 474 856 e
501 804 751 856 manibus
782 805 1008 869 abiecit,
1040 804 1386 873 Siciliamque
1412 813 1466 856 et
1495 804 1823 870 Sardiniam,

156 890 195 922 10
218 875 641 943 benignissimas
669 875 822 926 urbis
860 882 1081 926 nostrae
1118 875 1380 938 nutriceS‚
1419 873 1622 943 gradus
1649 882 1696 925 et
1720 881 1824 924 sta-

216 945 503 998 bilimenta
528 942 812 1009 bellorum,
841 952 951 995 tam
978 943 1145 996 multo
1175 944 1373 996 sudore
1401 944 1743 1012 et-sanguine
1768 943 1826 1004 in

218 1022 551 1085 potestatem
579 1015 844 1077 redactas,
872 1015 1061 1083 paucis
1089 1015 1292 1080 uerbis7
1321 1023 1374 1066 te
1403 1013 1611 1066 scilicet
1630 1013 1826 1065 Neces-

223 1085 385 1137 sitate
413 1085 653 1150 iubente,
684 1084 905 1135 dimisit.

323 1155 374 1205 2.
415 1155 626 1206 Eadem
654 1154 980 1206 Casilinates
1018 1154 1301 1207 obsidione
1326 1154 1654 1207 Hannibalis
1683 1154 1825 1206 clau-

154 1241 194 1274 15
219 1243 306 1278 sos
335 1224 823 1294 alimentorumque
858 1224 1121 1276 facultate
1159 1224 1398 1277 defectos
1437 1224 1552 1276 lora
1578 1242 1825 1276 necessa-

215 1295 312 1346 riis
338 1294 678 1347 uinculorum
703 1295 892 1346 usibus
921 1294 1192 1346 subducta
1212 1313 1345 1364 eque
1367 1295 1531 1345 scutis
1554 1295 1824 1346 detractas

216 1364 386 1435 pelles
414 1365 651 1416 feruenti
677 1363 945 1417 resolutas
967 1383 1108 1433 aqua
1128 1364 1384 1415 mandere
1405 1363 1641 1415 uoluisti.
1693 1364 1826 1434 quid

215 1434 353 1496 illis,
383 1435 429 1485 si
456 1434 813 1486 acerbitatem
840 1453 999 1485 casus
1026 1435 1294 1499 intueare,
1323 1434 1599 1499 miserius,
1629 1434 1673 1484 si
1701 1452 1823 1486 con-

218 1506 474 1557 stantiam
501 1504 788 1573 respicias,
824 1503 1037 1555 fidelius
1055 1504 1081 1554 ‘?
1139 1505 1229 1573 qui
1243 1543 1257 1569 ,
1296 1522 1364 1555 ne
1391 1523 1422 1554 a
1447 1503 1706 1571 Romanis
1735 1503 1825 1556 de-

153 1591 194 1623 20
218 1576 531 1639 sciscerent,
561 1572 657 1625 tali
682 1575 762 1624 uti
789 1574 897 1625 cibi
923 1592 1120 1642 genere
1147 1574 1536 1639 sustinuerunt,
1564 1592 1685 1625 cum
1710 1575 1826 1643 pin-

216 1644 483 1712 guissima
508 1662 641 1695 arua
668 1663 766 1695 sua
791 1644 1268 1713 fertilissimosque
1296 1661 1514 1714 campos
1541 1644 1826 1696 moenibus

218 1715 328 1767 suis
359 1714 632 1782 subiectos
667 1715 1023 1766 intuerentur.
1099 1715 1283 1783 itaque
1311 1712 1621 1783 Campanae
1655 1714 1826 1780 urbis,

217 1803 355 1855 quae
381 1784 645 1836 Punicam
670 1785 947 1836 feritatem
975 1784 1182 1836 deliciis
1213 1784 1324 1835 suis
1353 1784 1552 1854 cupida
1574 1784 1743 1851 fouit,
1769 1786 1827 1836 in

215 1856 519 1925 propinquo
559 1854 722 1905 situm
761 1853 1088 1920 Casilinum,
1135 1854 1432 1905 incolarum
1477 1855 1678 1906 uirtute
1720 1853 1825 1906 cla—

152 1941 193 1973 25
216 1943 364 1989 rum,
401 1925 804 1993 perseuerantis
844 1924 1111 1977 amicitiae
1146 1924 1376 1994 pignore
1410 1924 1604 1994 impios
1642 1923 1826 1977 oculos

215 1995 548 2047 uerberauit.

323 2065 373 2116 3.
414 2065 479 2115 In
516 2063 612 2115 illa
648 2064 931 2116 obsidione
959 2071 1012 2115 et
1038 2063 1146 2114 fide
1183 2064 1304 2115 cum
1339 2064 1567 2115 trecenti
1593 2063 1824 2115 Praene-

106 2175 195 2207 !’ar-
224 2168 429 2218 Otacilio,
459 2169 536 2226 qui
564 2167 783 2216 Siciliam,
812 2166 1022 2212 Cornelio
1050 2167 1335 2215 Mammulae,
1366 2166 1441 2225 qui
1470 2166 1713 2211 Sardiniam
1740 2181 1825 2227 pro

217 2237 506 2298 praetoribus
546 2236 835 2286 obtinebant,
873 2243 1056 2281 senatus
1094 2237 1276 2295 scripsit
1312 2237 1533 2281 aerarium
1560 2235 1825 2296 longinquis

155 2315 196 2346 30
221 2307 478 2367 sumptibus
506 2320 597 2351 non
625 2305 856 2369 sufficere:
898 2321 987 2366 quo
1016 2313 1148 2366 pacto
1177 2313 1327 2351 tantae
1355 2307 1534 2365 inopiae
1561 2320 1825 2351 succurren-

219 2378 323 2422 dum
353 2383 491 2427 esset,
519 2378 607 2436 ipsi
634 2377 856 2421 uiderent.
935 2380 975 2420 2.
1014 2377 1176 2421 Eadem
1203 2377 1451 2421 necessitas
1479 2376 1743 2422 Casilinates
1771 2377 1825 2422 ab

220 2447 465 2492 Hannibale
503 2446 717 2492 obsessos
755 2454 800 2491 et
837 2447 1152 2492 alimentorum
1200 2446 1410 2492 facultate
1456 2445 1683 2497 desectos,
1729 2447 1823 2492 lora

219 2519 432 2576 coegitet
454 2517 594 2576 pelles
623 2518 763 2562 scutis
792 2517 1016 2562 detractas
1045 2517 1239 2562 feruenti
1266 2516 1438 2562 solutas
1466 2531 1580 2575 aqua
1603 2517 1825 2562 mandere.

193 2619 195 2622 -
219 2591 257 2636 3.
297 2588 344 2632 ln
372 2588 447 2632 illa
476 2587 711 2632 obsidione
739 2601 837 2631 cum
868 2601 962 2633 ccc
989 2588 1266 2632 Praenestini
1305 2593 1480 2636 essent,
1518 2587 1671 2631 euenit
1698 2593 1747 2631 ut
1773 2601 1825 2631 ex

311 2714 313 2717 ·
334 2698 386 2735 10
407 2696 545 2735 urbes
567 2708 610 2737 n.
633 2697 824 2734 nutricis
847 2690 901 2734 B'
923 2693 941 2749 11
976 2698 1021 2735 et
1042 2709 1118 2735 om.
1142 2696 1184 2735 B
1248 2697 1297 2734 12
1319 2695 1575 2735 necessitas
1596 2694 1620 2733 b
1681 2695 1732 2734 15
1755 2693 1823 2733 fa-

219 2751 419 2791 cultate*
439 2752 495 2802 B,
518 2751 748 2791 facilitate
770 2753 812 2791 P
869 2753 919 2791 16
942 2763 1089 2802 aeque
1110 2751 1153 2790 B
1173 2748 1192 2804 Η
1212 2751 1469 2791 dett-actm*
1488 2742 1544 2788 B'
1605 2751 1654 2790 17
1673 2749 1826 2788 soluta

218 2809 259 2847 P
274 2803 293 2861 ΙΙ
312 2807 531 2847 mandare
549 2807 762 2847 uoluistis
773 2800 827 2846 B'
861 2809 911 2847 18
928 2809 1108 2848 intuere
1118 2802 1174 2846 B'
1205 2810 1258 2847 23
1277 2806 1475 2858 cupideb
1505 2808 1559 2845 24
1569 2805 1823 2846 incolarum

223 2864 424 2904 Foertsclz
445 2862 505 2914 (I,
529 2863 629 2913 25).·
660 2863 950 2902 moderarum
971 2863 1028 2914 B,
1050 2862 1181 2904 modo
1204 2876 1308 2903 rara
1330 2863 1353 2901 b
1419 2863 1472 2902 27
1505 2862 1760 2913 penestrini
1783 2861 1826 2900 B

333 2921 386 2960 32
409 2918 644 2960 facilitate
674 2920 714 2957 V
771 2922 824 2959 33
846 2918 998 2958 soluta
1026 2921 1066 2958 V
