1878 3132
1123 0 1135 7 ·v
1151 0 1155 5 ·
1184 0 1368 11 ³3me-

477 155 594 201 CAP.
624 155 708 205 vlt,
738 155 831 200 Ext.
861 154 890 212 5
921 158 985 199 lo.
1028 154 1130 204 vlu,
1160 154 1189 212 g
1222 157 1255 198 1.
1285 159 1324 199 2.
1635 148 1708 200 45

87 282 210 317 rum
243 264 482 334 partium
507 269 946 332 propugnatores
971 262 1109 327 uisi,
1147 260 1375 314 hostiles
1403 261 1588 331 copias
1617 279 1705 331 pe-

88 335 237 388 nitus
263 333 541 386 fuderunt.

179 405 339 457 -Item
386 403 530 458 bello
580 401 935 454 Macedonico
988 403 1048 454 P.
1102 402 1388 469 Vatinius,
1442 403 1706 461 Reatinae

127 475 467 528 raefecturae
508 475 623 539 uir,
675 481 839 524 noctu
887 473 1081 526 urbem
1123 481 1312 543 petens
1365 473 1709 525 existimauit

89 495 226 599 Suos
254 547 478 597 iuuenes
507 543 825 596 excellentis
854 544 1082 610 formae,
1113 542 1253 596 albis
1283 545 1436 614 equis
1464 543 1704 595 residen-
1728 564 1748 596 5

88 625 189 683 teS,
219 616 413 669 obuios
443 615 549 668 sibi
576 614 752 667 factos
779 615 1033 666 nuntiare
1063 614 1176 680 die,
1206 615 1298 685 qui
1324 615 1704 684 praeterierat,

87 687 290 739 Persen
332 703 517 754 regem
552 704 583 736 a
617 685 788 738 Paulo
827 693 1064 755 captum.
1133 684 1281 756 quod
1326 703 1449 736 cum
1495 685 1707 737 senatui

87 758 415 822 indicasset,
451 764 732 827 tamquam
759 757 1063 808 maiestatis
1092 757 1207 808 eius
1236 763 1289 807 et
1324 755 1703 826 amplitudinis

86 847 231 880 uano
284 846 532 879 sermone
583 834 928 897 contemptor
977 828 1033 878 in
1079 845 1354 879 carcerem
1406 828 1703 891 coniectUS,

87 909 379 970 postquam
404 897 562 948 Pauli
589 897 785 949 litteris
824 896 915 948 illo
944 897 1032 949 die
1058 897 1265 949 Persen
1292 905 1511 968 captum
1538 915 1703 967 appa·
1729 920 1770 950 10

87 970 222 1034 ruit,
262 975 316 1020 et
351 969 599 1020 custodia
633 967 897 1020 liberatus
937 976 989 1020 et
1023 969 1247 1038 insuper
1284 986 1415 1036 agro
1454 987 1518 1020 ac
1543 985 1703 1019 uaca-

87 1041 235 1092 tione
262 1039 494 1090 donatus
522 1047 620 1090 est.
675 1037 960 1091 Castorem
985 1056 1114 1090 uero
1152 1046 1206 1090 et
1231 1037 1511 1091 Pollucem
1538 1039 1704 1090 etiam

86 1109 180 1162 illo
218 1117 463 1180 tempore
489 1127 588 1179 pro
626 1110 855 1178 imperio
891 1108 1078 1179 populi
1104 1109 1338 1161 Romani
1374 1109 1704 1162 excubuisse

87 1181 365 1249 cognitum
391 1187 487 1245 est,
516 1197 620 1250 quo
648 1180 717 1230 ad
738 1179 918 1231 lacum
945 1180 1207 1232 Iuturnae
1235 1199 1393 1231 suum
1420 1198 1703 1251 equorum-

89 1268 192 1321 que
233 1249 487 1303 sudorem
538 1249 817 1302 abluentes
865 1251 971 1302 uisi
1020 1259 1174 1317 sunt,
1227 1252 1520 1322 iunctaque
1565 1250 1704 1303 fonti
1728 1272 1770 1303 15

88 1320 239 1373 aedis
275 1339 462 1373 eorum
487 1319 689 1372 nullius
716 1320 999 1372 hominum
1025 1339 1191 1372 manu
1226 1330 1470 1373 reserata
1506 1321 1703 1392 patuit.

192 1391 244 1458 2.
294 1390 403 1444 Sed
435 1399 497 1443 ut
524 1400 829 1443 ceterorum
866 1411 1080 1463 quoque
1110 1391 1335 1445 deorum
1371 1410 1704 1463 propensum

86 1462 213 1515 huic
245 1461 371 1514 urbi
405 1481 607 1514 numen
642 1481 1004 1532 exequamur,
1050 1464 1284 1514 triennio
1323 1464 1578 1516 continuo
1615 1481 1703 1514 ue-

20 1534 23 1536 ’
86 1540 219 1585 xata
260 1531 584 1602 pestilentia
617 1533 810 1585 ciuitas
846 1542 1060 1600 nostra,
1115 1553 1238 1585 cum
1274 1533 1439 1585 finem
1474 1534 1616 1587 tanti
1650 1541 1704 1585 et

87 1610 202 1654 tam
239 1603 438 1655 diutini
474 1602 607 1654 mali
651 1622 826 1674 neque
874 1604 1062 1655 diuina
1106 1605 1485 1656 misericordia
1529 1623 1703 1675 neque
1727 1627 1768 1658 20

89 1671 327 1724 humano
356 1673 562 1726 auxilio
591 1675 780 1743 inponi
806 1674 1045 1740 uideret,
1084 1694 1214 1726 cura
1251 1675 1598 1728 sacerdotum
1624 1677 1702 1726 in-

89 1744 290 1813 spectis
319 1742 604 1814 Sibyllinis
643 1744 799 1796 libris
838 1745 1232 1797 animaduertit
1267 1763 1377 1796 non
1405 1745 1560 1798 aliter
1594 1746 1701 1816 pri-

35 1867 50 1877 „
89 1814 291 1865 stinam
311 1815 620 1884 recuperari
642 1814 1022 1867 salubritatem
1042 1834 1203 1884 posse
1230 1835 1394 1886 quam
1417 1817 1462 1867 si
1483 1817 1551 1867 ab
1571 1816 1702 1885 Epi-

89 1882 259 1936 dauro
280 1883 641 1954 Aesculapius
671 1894 813 1937 esset
841 1886 1159 1937 accersitus,
1210 1887 1396 1956 itaque
1419 1905 1480 1939 eo
1503 1886 1699 1954 legatis

87 1954 270 2005 missis
307 1955 526 2005 unicam
552 1954 737 2006 fatalis
766 1955 997 2008 remedii
1034 1975 1193 2026 opem
1229 1957 1699 2022 auctoritatesua,
1726 1978 1766 2009 25

17 2096 19 2098 ’
87 2101 207 2146 inter
243 2114 290 2145 se
316 2109 667 2152 concurrerent,
703 2103 864 2147 Castor
902 2118 952 2148 ac
976 2103 1136 2148 Pollux
1163 2104 1464 2149 Romanarum
1501 2106 1696 2164 partium
1723 2116 1815 2150 Par.

22 2187 37 2194 ¹*
85 2179 452 2231 propugnatores
489 2174 577 2216 uisi
615 2180 720 2218 sunt
756 2173 948 2218 hostiles
983 2174 1139 2233 copias
1175 2175 1363 2220 fudisse.
1402 2198 1470 2206 --
1506 2175 1553 2220 Ρ.
1582 2175 1702 2219 Vati-

86 2241 188 2286 nius
214 2241 332 2286 bello
357 2242 657 2293 Macedonico.
686 2244 897 2289 Reatinae
924 2245 1237 2303 praefecturae
1264 2247 1348 2294 uir,
1377 2245 1533 2290 urbem
1562 2251 1699 2290 noctu

84 2318 245 2371 petens
272 2311 547 2357 existimauit
583 2314 697 2358 duos
735 2315 924 2359 iuuenes
960 2329 1059 2359 cum
1099 2318 1226 2375 equis
1265 2315 1377 2361 albis
1415 2316 1579 2361 obuios
1617 2315 1700 2360 sibi

85 2381 232 2427 factos
268 2382 500 2433 nuntiare,
541 2383 612 2428 (lie
649 2384 726 2443 qui
763 2385 1001 2444 praetierit
1035 2385 1203 2430 Persen
1246 2401 1267 2431 a
1307 2386 1448 2431 Paulo
1487 2393 1697 2446 captum:
1723 2402 1765 2432 30

87 2451 205 2510 quod
233 2465 334 2496 cum
362 2452 538 2498 senatui
565 2456 842 2505 nuntiasset,
871 2455 915 2499 in
943 2456 1147 2501 custodia
1173 2457 1355 2501 habitus
1383 2463 1476 2507 est,
1505 2457 1648 2501 donec
1676 2470 1698 2499 a

84 2520 224 2566 Paulo
251 2521 420 2566 indices
447 2530 637 2568 euentus
664 2524 841 2570 litterae
869 2527 1174 2571 mitterentur.
1227 2530 1266 2570 2.
1297 2527 1361 2571 Ob
1388 2526 1696 2586 pestilentiam
1753 2526 1765 2531 '

16 2592 21 2598 “
87 2591 346 2638 continuam
374 2590 430 2636 ab
456 2591 682 2651 Epidauro
709 2596 1006 2655 Aesculapius
1034 2598 1297 2646 accersitus,
1325 2610 1427 2641 cum
1455 2598 1699 2640 immensae

197 2731 224 2769 3
245 2741 287 2780 p.
314 2728 355 2767 B
376 2730 418 2768 in
439 2743 527 2771 ras,
549 2725 568 2783 ss
589 2731 813 2770 uacienus
835 2731 946 2783 Nep.
961 2761 972 2780 ‚
1005 2733 1220 2771 uatienus
1243 2734 1366 2775 codd.
1393 2733 1478 2774 Cic.
1502 2734 1554 2773 de
1576 2734 1696 2774 deor.

0 2789 36 2815 ’κέ-ἵ
85 2784 259 2833 nat.II,
282 2787 306 2835 ξ
330 2787 355 2824 6
376 2792 418 2824 et
439 2786 539 2832 III,
563 2787 587 2835 ξ
611 2789 664 2824 11
725 2788 753 2832 Q
779 2788 1074 2838 praeterierit:
1105 2789 1145 2827 P
1202 2790 1226 2828 7
1255 2801 1437 2840 persam
1469 2788 1535 2838 B,
1569 2803 1642 2829 em.
1675 2803 1697 2829 e

0 2844 6 2890 :⁵
84 2839 126 2878 Ρ
181 2839 234 2879 10
259 2853 437 2893 pel-sem
465 2841 501 2880 Β
563 2844 614 2882 15
637 2842 870 2882 abluentis
891 2843 933 2882 B
995 2845 1046 2882 16
1069 2843 1206 2884 aedes
1229 2844 1252 2884 b
1313 2847 1366 2884 22
1389 2845 1619 2897 sybillinis
1642 2839 1696 2884 B'

0 2895 6 2903 ⁴
36 2912 57 2943 a
84 2895 139 2935 24
161 2897 451 2949 aescolapius
473 2891 528 2936 B'
551 2904 594 2938 et
611 2901 673 2938 sic
692 2912 860 2951 semper
880 2901 922 2938 in
943 2900 1023 2939 hae
1043 2898 1083 2949 ἓ.

197 2953 248 2992 31
273 2965 384 3005 quos
413 2946 466 2992 V'
