1936 3120
363 13 367 21 ·
426 14 459 32 m·
514 0 945 31 ε’Ξ-’Ξῖῖ-ἒῑῖζτττᾲὙι-Ἦ--ᾱτν
960 0 1027 15 “··-’«·;’
1047 0 1221 23 ’π’ττ-πνᾚῑ
1239 0 1249 10 ¹
1269 0 1278 7 ‘

427 37 429 46 Α
473 31 477 39 ι
530 23 729 50 ’.νὶᾘςῖἰ--κέᾒι
796 25 851 37 '⁴⁷
878 24 993 43 ·-⁷.7“
1029 28 1034 29 ⁷
1062 34 1069 39 ·
1114 24 1143 35 ‘³¹'
1176 26 1182 29 ’
1237 23 1240 27 ’

643 54 666 66 κ.
794 57 799 66 ι
936 61 938 66 .
1080 47 1086 53 ”
1151 47 1154 49 ’
1632 51 1650 71 ἱ

498 176 505 182 ’·
571 170 688 216 CAP.
716 171 784 222 xl,
814 170 843 229 g
870 174 1010 216 4-7,
1050 170 1146 215 Ext.
1176 170 1205 230 3
1234 172 1272 216 1.
1298 174 1340 214 2.
1657 164 1761 216 467

148 285 339 350 spectu
367 296 464 332 suo
493 278 720 346 obiecit,
746 278 832 331 bis
859 276 1161 348 parricida,
1201 278 1428 332 consilio
1456 277 1608 348 prius
1623 317 1638 345 ,
1665 278 1764 331 ite-

146 368 268 402 rum
295 348 622 420 spectaculo,

255 449 302 500 7.
341 447 425 500 Ne
443 447 664 499 Vettius
682 447 904 518 quidem
925 446 1177 500 Salassus
1199 444 1541 517 proscriptus
1566 465 1763 516 parum

147 519 318 571 amari
353 518 554 571 exitus,
632 536 791 599 quem
826 517 1090 571 latentem
1114 536 1264 582 ‚uxor
1299 517 1761 584 interficiendum,

109 594 127 615 ⁴
145 587 277 658 quid
303 588 498 655 dicam,
527 587 759 641 trad1dit
785 607 857 640 an
882 589 1004 658 ipsa
1028 588 1338 657 iugulauit‘?
1385 595 1588 659 quanto
1617 589 1761 640 enim
1784 605 1805 636 5

144 658 320 711 leuius
349 666 432 711 est
459 659 653 726 sceluS‚
683 659 770 710 cui
797 667 1013 711 tantum
1039 659 1201 712 modo
1232 677 1422 710 manus
1453 659 1644 711 abest?

252 762 371 810 Ext.
406 759 451 809 1.
493 756 639 810 Illud
672 765 857 822 autem
892 758 1139 824 facinus,
1177 758 1311 828 quia
1344 764 1632 809 externum
1658 765 1759 824 est,

142 826 521 897 tranquilliore
549 827 774 891 adfectu
798 828 1131 881 narrabitur.
1211 827 1469 898 Scipione
1495 827 1760 881 Africano

142 898 316 969 patris
356 906 410 950 et
446 899 629 968 patrui
665 900 983 951 memoriam
1011 898 1342 968 gladiatorio
1371 902 1593 950 munere
1618 898 1760 951 Kar-

142 968 366 1038 thagine
391 968 551 1020 Noua
586 968 896 1021 celebrante
933 968 1039 1022 duo
1078 969 1223 1037 regis
1262 968 1361 1020 filii
1396 987 1571 1038 nuper
1604 976 1761 1039 patre
1784 986 1829 1019 ω

142 1046 355 1094 mortuo
383 1039 441 1091 in
466 1039 728 1091 harenam
753 1048 1141 1109 processerunt
1168 1038 1508 1110 pollicitique
1536 1046 1663 1091 sunt
1687 1038 1764 1091 ibi

144 1129 200 1162 se
237 1109 305 1162 de
341 1127 510 1179 regno
537 1109 927 1179 proeliatm⁴OS‚
966 1130 1072 1181 quo
1111 1109 1487 1180 spectaculum
1520 1108 1659 1161 illud
1685 1110 1763 1160 in-

145 1180 369 1233 lustrius
398 1198 586 1250 pugna
612 1199 711 1232 sua
737 1181 998 1233 facerent.
1052 1199 1142 1234 eos
1172 1199 1295 1232 cum
1318 1180 1500 1250 Scipio
1528 1180 1763 1231 monuis-

144 1258 227 1303 set
259 1259 320 1303 ut
356 1251 540 1303 uerbis
569 1269 732 1321 quam
759 1251 906 1304 ferro
935 1251 1242 1304 diiudicare
1279 1250 1502 1302 mallent
1532 1258 1657 1303 uter
1682 1268 1762 1301 re-

140 1339 310 1390 gnare
347 1318 598 1387 deberet,
637 1339 701 1373 ac
738 1322 848 1373 iam
885 1322 1062 1375 maior
1096 1329 1230 1374 natu
1267 1320 1494 1373 consilio
1523 1321 1639 1373 eius
1669 1321 1760 1373 ob·
1786 1337 1859 1369 15.

140 1385 491 1462 temperaret,
519 1392 699 1444 minor
725 1394 970 1462 corporis
995 1392 1207 1445 uiribus
1237 1392 1410 1444 fretus
1437 1392 1498 1442 in
1523 1390 1764 1443 amentia

141 1462 384 1532 perstitit
409 1463 653 1533 initoque
682 1463 977 1515 certamine
1004 1463 1336 1533 pertinacior
1371 1462 1626 1532 impietas
1654 1461 1762 1514 for-

146 1540 311 1585 tunae
338 1531 540 1584 iudicio
569 1541 740 1586 morte
767 1532 1000 1585 multata
1028 1541 1128 1586 est.

203 1658 206 1660 ·
248 1630 301 1681 2.
339 1630 651 1683 Mitridates
690 1639 868 1683 autem
911 1631 1082 1685 multo
1129 1632 1447 1685 sceleratius
1463 1671 1477 1697 7
1524 1630 1618 1700 qui
1652 1649 1761 1682 non

143 1719 264 1752 cum
290 1699 463 1752 fratre
491 1700 557 1752 de
583 1709 812 1770 paterno
840 1721 1029 1770 regno,
1060 1703 1157 1755 sed
1179 1721 1299 1755 cum
1320 1702 1440 1771 ipso
1465 1710 1623 1771 patre
1648 1699 1760 1752 bel-
1785 1718 1828 1750 20

143 1770 257 1822 lum
296 1771 362 1823 de
400 1770 769 1824 dominatione
804 1773 994 1840 gessit.
1060 1773 1116 1824 in
1143 1790 1248 1843 quo
1277 1773 1370 1842 qui
1397 1780 1492 1823 aut
1516 1769 1760 1822 homines

141 1840 280 1894 ullos
309 1840 586 1893 adiutores
613 1842 886 1895 inuenerit
912 1851 1007 1894 aut
1035 1842 1166 1895 deos
1193 1843 1450 1894 inuocare
1477 1859 1641 1892 ausus
1670 1840 1760 1906 sit,

141 1930 330 1982 parem
357 1911 779 1964 admirationem
806 1912 989 1965 habet.
1778 1920 1781 1923 “

144 2058 317 2104 scelere
354 2058 517 2104 nefarii
557 2060 735 2104 iuuenis
772 2059 982 2105 effectum
1018 2067 1089 2105 est
1124 2067 1174 2105 ut
1201 2059 1499 2106 occideretur.
1577 2064 1616 2103 7.
1656 2060 1759 2105 Vet-
1782 2067 1878 2104 Par.

145 2130 255 2174 tium
294 2128 525 2175 Salassum
563 2132 872 2190 proscriptum
911 2137 955 2174 et
990 2130 1208 2176 latentem
1245 2145 1360 2176 uxor
1398 2129 1760 2176 interficiendum
1784 2141 1828 2173 25

144 2199 343 2264 tradidit.
645 2241 647 2243 ,
1727 2244 1731 2245 ⁷
1825 2255 1829 2258 s

250 2273 287 2314 1.
326 2269 536 2330 Scipione
561 2271 773 2316 Africano
812 2272 955 2331 patris
984 2278 1029 2316 et
1055 2273 1207 2338 patrui
1245 2273 1510 2317 memoriam
1538 2271 1763 2331 gladiato-

141 2339 211 2384 rio
248 2352 434 2384 munere
461 2339 732 2400 Carthagine
759 2355 878 2386 noua
906 2341 1188 2392 celebrante,
1227 2342 1316 2387 duo
1343 2342 1466 2402 regis
1493 2341 1587 2392 filii,
1616 2355 1763 2402 nuper
1830 2399 1840 2404 -
1882 2384 1886 2388 .

140 2415 270 2468 patre
306 2416 516 2460 mortuo,
556 2411 600 2454 in
637 2411 849 2455 harenam
890 2419 1219 2470 processerunt
1245 2412 1299 2457 de
1325 2426 1470 2471 regno
1497 2408 1761 2471 pugnaturi,

141 2492 226 2524 nec
265 2492 344 2524 eos
381 2478 534 2539 Scipio
572 2495 595 2524 a
639 2481 881 2539 proposito
926 2494 1112 2526 mouere
1156 2486 1321 2541 potuit.
1398 2485 1439 2525 2.
1473 2481 1761 2539 ,Mithridates
1785 2493 1827 2525 30

143 2564 245 2595 cum
271 2552 371 2610 ipso
399 2556 530 2609 patre
557 2549 725 2595 bellum
754 2550 808 2596 de
836 2551 1143 2597 dominatione
1170 2552 1328 2610 gessit.

256 2688 280 2727 6
321 2699 482 2727 manus
511 2687 553 2726 B
582 2700 695 2729 corr.
726 2701 749 2728 e
779 2689 929 2728 minus
1012 2690 1063 2729 14
1105 2688 1354 2729 diiudicari
1382 2689 1421 2740 h,
1445 2689 1668 2730 dimicare
1703 2691 1757 2740 Γ,

144 2743 299 2796 (quam
327 2744 451 2784 ferro
481 2747 583 2783 uter
611 2756 806 2797 regnare
829 2744 1019 2786 deberet
1042 2745 1337 2786 decertarent
1365 2745 1485 2798 Vae.)
1527 2743 1545 2799 Η
1584 2750 1688 2787 uter
1709 2747 1758 2786 b:

141 2804 237 2840 unt
260 2799 301 2839 B
383 2802 434 2841 16
458 2797 657 2841 amentia
676 2800 718 2839 B
795 2802 847 2841 21
873 2799 969 2854 qui]
999 2802 1162 2854 quispB
1237 2803 1292 2843 23
1312 2815 1472 2855 parem
1494 2802 1758 2842 admiratio-

141 2868 245 2897 nem
265 2857 446 2908 scripsi:
486 2869 596 2908 prae
621 2855 924 2897 admiratione
947 2857 1005 2911 B,
1037 2869 1119 2910 pro
1144 2857 1260 2898 adm.
1284 2858 1482 2900 habetur
1503 2858 1526 2899 b
1557 2857 1758 2912 (praeci-

141 2924 281 2965 puam
304 2912 658 2953 admirationem
678 2913 845 2961 Periz.)

254 2970 308 3010 25
330 2966 587 3023 Salassum]
613 2969 786 3010 saisum
815 2962 876 3009 V'

1393 3040 1504 3092 30*
