1924 3152
752 0 770 23 ³⁷
809 0 829 18 ³¹
843 0 863 13 *⁴⁷
884 26 892 30 ,
915 0 957 32 ΙΨ.
952 0 1177 39 »>ᾰ“’-ιᾮ,”’Ἶ””Ῑ;ἱ«τ·ε’;’
1198 5 1302 36 Ϊ,*”*·ῡῑ
1315 16 1323 32 J.
1353 11 1390 32 «5.,

902 35 930 51 ,V
973 43 976 46 ⁴
1143 35 1169 39 γ.
1209 36 1231 43 7,
1259 38 1286 43 Α,
1322 32 1402 54 ⁴¹5·

1322 65 1327 73 Δ
1368 60 1377 67 h
1407 51 1418 61 ι

268 135 375 187 260
814 176 820 187 ,
979 142 1079 188 LIB.
1116 143 1167 188 V.

271 265 393 300 cum
426 246 598 315 gloria
632 247 869 316 peractis
906 249 1265 320 omnibusque
1303 260 1356 304 et
1389 251 1612 305 uirtutis
1649 261 1703 306 et
1735 254 1884 307 uitae

272 317 512 369 emeritis
542 317 851 398 stipendiis,
878 317 1093 388 legatus
1121 320 1199 372 ire
1225 321 1399 374 Fabio
1427 322 1546 374 Grur
1584 322 1648 376 iti
1672 322 1784 377 filio
1811 324 1884 376 ad
1920 376 1924 378 ,

269 386 473 440 bellum
511 387 739 439 difficile
777 397 830 440 et
864 389 1228 457 periculosum
1265 391 1530 445 conficien
1574 411 1663 445 um
1688 411 1883 463 graua-

270 464 356 508 tus
385 474 492 508 non
519 465 629 523 est,
666 476 838 528 paene
873 460 991 529 ipso
1026 478 1124 529 per
1150 479 1206 512 se
1243 461 1531 515 dumtaxat
1557 463 1738 517 animo
1766 465 1883 517 sine

227 540 246 572 5
271 544 493 597 corpore
519 527 879 595 militaturus,
908 537 1096 600 utpote
1121 540 1344 602 propter
1368 531 1616 585 ultimam
1643 541 1881 587 senectu-

268 606 401 649 tem*
422 597 609 650 lectuli
656 598 766 651 otio
810 617 972 669 quam
1023 599 1197 653 labori
1244 601 1577 672 proeliorum
1625 603 1881 658 habilior.

268 667 415 720 idem
441 667 869 739 triumphantem
908 689 1045 740 equo
1074 672 1318 724 insidens
1354 674 1529 743 sequi,
1571 692 1731 744 quem
1765 674 1883 745 ipse

308 734 560 789 aruulum'
583 738 871 809 triumphis
899 740 1010 792 suis
1047 750 1388 810 gestauerat,
1427 744 1486 794 in
1520 744 1764 795 maxima
1789 762 1881 796 uo-

287 815 477 878 uptate
501 810 711 879 posuit,
748 828 847 861 nec
882 812 1121 864 accessio
1158 811 1430 880 gloriosae
1455 811 1603 864 illius
1629 831 1881 884 pompae,

204 893 246 923 10
271 878 368 931 sed
394 887 588 932 auctor
615 886 892 949 spectatus
922 888 1020 932 est.
1390 935 1413 955 x
1601 928 1609 936 .

374 949 425 1000 2.
464 949 589 1001 Non
613 958 726 1002 tarn
754 951 1002 1019 speciosa
1029 950 1246 1004 Caeseti
1283 953 1479 1023 equitis
1506 952 1736 1005 Romani
1764 971 1881 1007 sors

269 1019 464 1089 patria,
494 1019 591 1071 sed
617 1038 718 1090 par
741 1019 1103 1089 indulgentia.
1144 1023 1235 1092 qui
1262 1023 1331 1075 ab
1361 1022 1614 1090 Caesare,
1643 1024 1882 1075 omnium

269 1091 380 1141 iam
407 1098 460 1142 et
487 1098 836 1143 externorum
863 1099 916 1143 et
943 1092 1364 1144 domesticorum
1390 1093 1629 1146 hostium
1653 1094 1880 1160 uictore,

268 1178 390 1212 cum
416 1159 672 1213 abdicare
698 1160 870 1212 filium
891 1179 1048 1213 suum
1068 1163 1366 1229 iuberetur,
1395 1165 1538 1234 quod
1561 1164 1606 1216 is
1626 1164 1881 1217 tribunus

200 1243 245 1291 Δ715
267 1229 340 1300 pl.
369 1249 489 1282 cum
503 1229 736 1283 Marullo
765 1231 974 1300 collega
998 1231 1263 1284 inuidiam
1290 1234 1340 1285 ei
1361 1242 1637 1304 tamquam
1652 1252 1881 1304 regnum

267 1301 568 1354 adfectanti
593 1301 825 1367 fecerat,
865 1303 922 1352 in
947 1301 1090 1354 hunc
1114 1303 1332 1355 modum
1359 1304 1692 1374 respondere
1721 1305 1881 1357 susti-

266 1371 412 1423 nuit:
468 1369 729 1423 ‘celerius
766 1379 825 1423 tu
863 1371 1024 1438 mihi,
1066 1371 1298 1439 Caesar,
1337 1392 1522 1427 omnes
1562 1373 1702 1427 filios
1730 1393 1878 1427 meos

268 1441 465 1510 eripies
503 1459 665 1511 quam
711 1460 780 1492 ex
818 1441 902 1493 his
940 1459 1038 1510 ego
1081 1461 1249 1494 unum
1292 1450 1424 1496 nota
1463 1462 1586 1495 mea
1669 1443 1877 1496 ellam'.

264 1510 506 1564 habebat
532 1519 715 1563 autem
743 1511 877 1564 duos
911 1519 1196 1582 praeterea
1232 1513 1470 1583 optimae
1495 1463 1693 1566 indolis
1720 1513 1879 1579 filios,

201 1595 243 1626 20
268 1581 464 1651 quibus
493 1582 696 1634 Caesar
736 1600 794 1634 se
827 1582 1162 1635 incrementa
1199 1581 1482 1652 dignitatis
1517 1583 1754 1653 benigne
1788 1583 1879 1635 da-

266 1660 448 1703 turum
474 1651 852 1721 pollicebatur.
915 1653 1058 1704 hunc
1082 1661 1295 1722 patrem
1321 1655 1540 1706 tametsi
1567 1672 1776 1705 summa
1802 1653 1879 1705 di-

266 1722 383 1773 uini
449 1722 675 1792 rincipis
704 1721 992 1775 clementia
1017 1732 1197 1776 tutum
1223 1725 1523 1794 praestitit,
1552 1723 1670 1795 quis
1698 1731 1881 1776 tamen

265 1810 374 1843 non
446 1811 644 1844 umano
681 1793 899 1861 ingenio
935 1793 1110 1844 maius
1151 1812 1344 1846 ausum
1380 1801 1562 1864 putet,
1610 1794 1752 1865 quod
1792 1794 1878 1846 cui

266 1869 411 1915 totus
438 1871 708 1915 terrarum
736 1864 885 1916 orbis
915 1864 1275 1916 succubuerat
1300 1884 1408 1918 non
1435 1865 1635 1917 cessit?

203 1946 244 1978 25
373 1934 422 1985 3.
465 1932 575 1986 Sed
600 1933 783 1986 nescio
813 1953 882 1985 an
909 1933 1169 1986 Octauius
1197 1934 1404 1987 Balbus
1432 1934 1802 1987 concitatioris
1827 1942 1880 1986 et

268 2003 593 2056 ardentioris
622 2021 751 2072 erga
777 2003 947 2055 filium
968 2003 1371 2057 beniuolentiae
1391 2005 1571 2059 fuerit.
1611 1999 1879 2076 proscrip-

150 2169 243 2204 Par.
267 2147 502 2194 Rullianus
529 2149 730 2208 quinque
757 2148 1068 2194 consulatibus
1093 2149 1289 2209 peractis
1314 2150 1492 2210 legatus
1530 2151 1594 2194 ire
1618 2149 1756 2195 Fabio
1782 2149 1877 2194 filio

267 2219 321 2264 ad
346 2219 515 2264 bellum
543 2218 726 2264 difficile
763 2226 808 2264 et
833 2218 1143 2278 periculosum
1171 2227 1387 2278 grauatus
1414 2234 1503 2265 non
1533 2226 1626 2265 est:
1666 2219 1876 2279 idemque

267 2303 367 2334 eum
402 2290 754 2349 triumphantem
792 2303 908 2349 equo
944 2289 1143 2334 insidens
1181 2297 1363 2335 secutus
1399 2297 1481 2335 est.
1555 2294 1595 2334 2.
1645 2290 1877 2336 Caesetius

202 2387 243 2419 30
268 2374 408 2420 eques
428 2359 654 2405 Romanus
680 2368 780 2405 cum
809 2367 1054 2420 cogeretur
1080 2375 1103 2405 a
1125 2360 1311 2406 Caesare
1337 2360 1478 2406 filium
1505 2360 1726 2411 abdicare,
1756 2359 1875 2420 quod

266 2432 305 2475 is
332 2429 543 2475 tribunus
564 2430 622 2490 pl.
647 2430 859 2476 inuidiam
887 2432 927 2475 ei
948 2438 1174 2490 tamquam
1202 2431 1446 2477 adfectanti
1467 2445 1656 2491 regnum
1677 2431 1876 2480 fecisset,

265 2500 523 2561 respondit:
554 2500 765 2546 ‘celerius
792 2507 841 2545 tu
868 2501 992 2552 mihi,
1019 2501 1193 2554 Caesar,
1223 2515 1379 2547 omnes
1401 2501 1520 2547 filios
1540 2502 1713 2560 eripies
1733 2514 1875 2558 quam

266 2584 328 2616 ex
363 2571 436 2616 his
469 2584 552 2630 690
587 2585 733 2616 unum
769 2578 881 2617 nota
908 2574 1087 2630 pellam
1126 2572 1275 2618 mea’.
1336 2574 1374 2616 3.
1425 2571 1636 2618 Octauius
1661 2570 1823 2616 Balbus
1851 2585 1872 2614 a

383 2710 403 2746 1
434 2708 685 2749 uirtutibus
706 2709 763 2761 B,
788 2723 863 2752 em.
892 2710 1091 2750 Vorstz'us
1169 2711 1193 2749 2
1234 2709 1411 2749 meritis
1433 2708 1499 2755 B,
1530 2721 1605 2748 em.
1639 2705 1737 2750 Sela.
1765 2706 1873 2758 Gry-

261 2764 387 2816 phius
406 2759 425 2815 Η
449 2776 547 2803 cum
569 2765 696 2805 fabio
719 2766 901 2818 gurgite
924 2767 947 2806 b
1027 2769 1049 2807 7
1086 2762 1398 2817 triumphante
1418 2765 1460 2804 P
1478 2770 1518 2804 et
1538 2763 1593 2808 B,
1615 2768 1660 2803 ut
1680 2763 1874 2826 uideturs

264 2819 591 2872 triumphantis
614 2821 637 2860 b
698 2823 722 2860 9
746 2835 959 2862 accessor
981 2823 1004 2862 b
1066 2824 1115 2862 11
1139 2826 1282 2863 tamn
1305 2819 1530 2874 (tamen‘r‘)
1552 2819 1594 2859 B
1655 2819 1706 2858 14
1727 2818 1800 2858 his
1818 2817 1859 2858 B

265 2877 319 2917 15
343 2876 385 2917 ei
405 2880 623 2927 tanquam
645 2875 710 2928 (ei
730 2880 809 2917 tan
830 2881 872 2918 z'n
893 2877 1002 2930 ras.)
1025 2878 1067 2918 B
1128 2880 1180 2918 16
1201 2876 1514 2930 respondendo
1535 2869 1593 2916 B'

381 2933 628 2994 32xeripies
650 2955 701 2960 ——
724 2947 826 2983 mea
847 2936 1061 2987 suppleuit
1081 2935 1178 2975 Mai
1233 2937 1287 2976 33
1310 2928 1553 2987 Octauius]
1580 2930 1712 2971 Olius
1741 2930 1784 2970 V
