1924 3152
754 133 872 182 CAP.
899 133 937 185 Ι,
979 133 1008 192 g
1038 135 1176 179 1-3,
1680 125 1782 178 163

150 245 370 317 imperii
397 263 587 298 eorum
610 245 728 296 uim
751 244 1067 296 uniuersam
1095 242 1386 312 omniaque
1411 241 1654 312 insignia
1681 240 1783 293 sub

149 315 311 371 titulo
339 314 654 369 consulatus
680 316 737 368 in
765 333 823 367 se
849 312 1121 368 translata
1145 321 1419 380 cerneret,
1445 312 1785 366 inuidiosum

151 387 510 457 magistratus
554 386 840 456 fastigium
889 383 1266 438 moderatione
1317 384 1388 437 ad
1439 383 1785 438 tolerabilem

150 458 403 513 habitum
437 457 689 523 deduxit,
727 450 917 510 fasces*
945 456 1229 509 securibus
1266 454 1700 509 uacuefaciendo
1729 463 1786 508 et

151 531 211 583 in
243 529 496 583 contione
570 528 732 599 opulo
768 527 1176 584 summittendo.
1244 546 1530 579 numerum
1570 544 1786 597 quoque
1808 549 1830 583 5

151 618 340 654 eorum
375 548 609 652 dimidia
645 618 716 651 ex
749 606 910 670 parte
946 598 1171 665 minuit,
1206 597 1350 651 ultro
1391 598 1485 669 Sp.
1522 598 1783 650 Lucretio

149 670 364 740 collega
398 670 692 741 adsumpto
703 710 718 737 ,
770 670 843 723 ad
879 688 1067 741 quem,
1121 669 1250 740 quia
1275 668 1450 722 maior
1475 677 1611 722 natu
1647 676 1782 736 erat,

148 743 391 815 priorem
426 743 606 794 fasces
642 742 934 794 transferri
970 741 1149 794 iussit.
1201 739 1379 811 legem
1417 741 1583 794 etiam
1618 740 1784 794 comi-

149 814 243 867 tiis
280 813 604 866 centuriatis
631 811 785 880 tulit,
822 831 891 865 ne
919 813 1039 883 quis
1077 812 1431 882 magistratus
1470 813 1648 864 ciuem
1674 811 1784 864 Ro-

150 903 379 937 manum
398 883 662 937 aduersus
683 885 1131 954 prouocationem
1149 884 1447 937 uerberare
1468 890 1565 935 aut
1585 899 1782 935 necare
1806 905 1848 938 ιο

150 955 335 1009 uellet.
396 956 500 1021 ita,
540 974 645 1026 quo
674 956 916 1008 ciuitatis
945 953 1196 1008 condicio
1223 953 1449 1008 liberior
1479 961 1648 1020 esset,
1686 954 1784 1005 im-

148 1026 365 1099 perium
401 1044 559 1078 suum
593 1025 862 1097 paulatim
900 1026 1194 1079 destruxit.
1266 1026 1399 1097 quid
1436 1025 1584 1097 quod
1619 1023 1783 1076 aedes

152 1117 280 1150 suas
320 1097 515 1161 diruit,
556 1098 687 1167 quia
713 1097 1017 1151 excelsiore
1043 1097 1168 1157 loco,
1188 1097 1402 1168 positae
1436 1098 1613 1149 instar
1641 1096 1783 1148 arcis

150 1168 353 1222 habere
385 1167 748 1235 uidebantur,
801 1187 981 1222 nonne
1019 1177 1286 1239 quantum
1328 1171 1487 1221 domo
1534 1166 1784 1233 inferior,

151 1247 368 1292 tantum
392 1237 570 1307 gloria
597 1239 850 1310 superior
877 1239 1094 1292 euasit?
1231 1277 1235 1281 -
1809 1259 1851 1293 15

257 1310 310 1363 2.
349 1309 463 1362 Vix
488 1310 644 1363 iuuat
670 1310 824 1363 abire
851 1329 883 1362 a
903 1308 1211 1376 Publicola,
1240 1310 1339 1362 sed
1363 1311 1561 1363 uenire,
1581 1309 1651 1362 ad
1676 1310 1783 1362 Fu-

151 1382 295 1434 rium
317 1380 612 1433 Camillum
638 1381 792 1434 libet.
833 1383 986 1434 cuius
1014 1388 1127 1433 tam
1148 1380 1464 1433 moderatus
1494 1400 1564 1433 ex
1584 1399 1788 1451 magna

150 1452 459 1522 ignominia
495 1452 566 1504 ad
602 1471 878 1505 summum
911 1453 1203 1523 imperium
1242 1452 1509 1505 transitus
1538 1452 1671 1520 fuit,
1707 1460 1784 1519 ut,

153 1541 278 1576 cum
313 1522 652 1593 praesidium
689 1524 806 1576 eius
846 1524 995 1576 ciues
1032 1531 1196 1594 capta
1230 1524 1367 1577 urbe
1404 1542 1436 1575 a
1464 1522 1642 1576 Gallis
1681 1524 1785 1576 Ar-

153 1592 289 1646 deae
326 1592 601 1646 exulantis
638 1594 937 1664 petissent‚
987 1612 1098 1646 non
1134 1595 1288 1665 prius
1326 1594 1497 1648 Veios
1538 1593 1609 1645 ad
1645 1594 1783 1647 acci-
1808 1616 1851 1648 20

151 1663 415 1735 piendum
442 1665 746 1716 exercitum
771 1666 876 1718 iret
896 1683 1062 1736 quam
1084 1664 1151 1717 de
1174 1665 1450 1717 dictatura
1478 1684 1576 1717 sua
1603 1665 1789 1719 omnia

155 1733 406 1787 sollemni
448 1735 566 1786 iure
611 1742 735 1787 acta
778 1737 1136 1806 conperisset.
1212 1736 1539 1805 magnificus
1568 1735 1788 1789 Camilli

151 1806 491 1858 Veientanus
519 1805 829 1876 triumphus
847 1847 860 1871 ‚
890 1807 1114 1875 egregia
1141 1805 1358 1858 Gallica
1382 1806 1648 1872 uictoria,
1689 1806 1788 1858 sed

153 1878 263 1929 ista
288 1876 564 1929 cunctatio
592 1875 754 1945 longe
780 1875 1190 1930 admirabilior:
1220 1875 1390 1929 multo
1420 1877 1564 1928 enim
1590 1874 1785 1929 multo-

154 1965 258 2018 que
297 1965 354 1999 se
388 1947 573 2017 ipsum
608 1965 774 2017 quam
812 1947 1025 2000 hostem
1060 1966 1319 2018 superare
1358 1948 1640 2018 operosius
1682 1955 1783 2015 est,
1809 1968 1851 2002 25

154 2036 254 2070 nec
289 2017 526 2070 aduersa
560 2036 932 2089 praepropera
965 2018 1319 2071 festinatione
1354 2018 1659 2088 fugientem
1684 2036 1786 2071 nec

154 2088 394 2142 secunda
420 2088 591 2142 effuso
618 2090 821 2158 gaudio
849 2090 1372 2160 adprehendentem.

260 2160 312 2212 3.
351 2159 461 2211 Par
494 2160 663 2212 Furio
700 2161 1077 2214 moderatione
1111 2160 1354 2213 Marcius
1391 2160 1609 2218 Rutilus
1648 2159 1784 2214 Cen-

153 2263 357 2310 hahitum
394 2264 615 2310 deductus
654 2272 748 2316 est,
796 2266 944 2312 fasces
982 2266 1221 2312 securibus
1258 2266 1614 2314 uacuefaciendo
1656 2273 1701 2311 et
1736 2266 1783 2311 in
1806 2273 1900 2308 Par.

156 2336 371 2381 contione
397 2334 571 2395 populo
599 2338 904 2388 summittens,
931 2351 1172 2382 numerum
1201 2352 1386 2398 quoque
1415 2352 1574 2385 eorum
1599 2337 1783 2383 dimidia
1808 2347 1850 2380 30

156 2417 209 2450 ex
254 2411 385 2464 parte
423 2406 656 2456 minuens,
701 2406 826 2452 ultro
864 2407 1042 2467 collega
1079 2407 1155 2468 Sp.
1194 2407 1408 2455 Lucretio
1457 2409 1543 2455 sibi
1591 2409 1784 2459 adlecto‚

157 2474 291 2520 aedes
318 2474 452 2519 etiam
479 2490 586 2521 suas
613 2476 820 2528 diruens,
861 2491 975 2537 quae
1002 2479 1250 2525 excelsiore
1277 2487 1407 2540 parte
1435 2480 1613 2540 positae
1639 2482 1786 2525 instar

158 2546 276 2591 arcis
302 2544 602 2590 habebantur.
675 2550 714 2591 2.
755 2547 968 2593 Camillus
999 2549 1112 2594 urbe
1139 2555 1269 2610 capta
1308 2565 1333 2595 a
1359 2549 1496 2595 Gallis
1534 2556 1782 2596 reuocatus

153 2630 246 2662 non
273 2615 401 2676 prius
431 2615 486 2661 ad
511 2615 820 2676 accipiendum
848 2619 1094 2664 exercitum
1122 2622 1186 2664 ire
1212 2619 1375 2671 uoluit,
1406 2635 1541 2680 quam
1566 2620 1621 2666 de
1642 2620 1782 2666 dicta·

154 2692 256 2732 tura
284 2701 365 2732 sua
392 2687 542 2732 omnia
570 2686 776 2733 sollemni
803 2689 903 2734 iure
929 2695 1030 2735 acta
1057 2692 1359 2750 conperisset.
1422 2693 1462 2736 3.
1499 2691 1554 2736 M.
1582 2690 1778 2737 Rutilius
1803 2698 1846 2733 35

269 2784 294 2823 6
325 2782 480 2835 spurio
510 2782 686 2823 lucetio
719 2781 945 2835 (lucretio
974 2783 1082 2837 my.)
1114 2784 1157 2824 B
1238 2788 1291 2827 13
1331 2787 1410 2838 qui
1440 2786 1694 2828 excelsiore
1726 2779 1783 2827 B'

155 2839 210 2878 22
231 2838 336 2879 soll.
358 2850 482 2880 more
504 2838 692 2892 Stanyer
751 2841 805 2881 28
826 2852 1008 2881 marcus
1029 2841 1218 2882 rutilius
1239 2843 1296 2891 B,
1331 2856 1405 2885 em.
1430 2843 1601 2897 Kempf

269 2896 323 2936 29
355 2899 426 2936 est
445 2908 522 2937 om.
552 2897 597 2937 V
651 2898 705 2939 30
725 2897 997 2950 populorum
1016 2898 1205 2940 mittens
1242 2899 1289 2939 V
1341 2903 1396 2944 35
1423 2899 1629 2942 Marcius
1650 2899 1783 2941 Ruti-

154 2949 228 2991 lus
249 2951 420 3004 Kempf

1415 3028 1525 3079 11*
