1924 3152
1011 0 1047 9 ι·
1067 0 1206 15 ινα-πνοιή,-
1239 14 1242 15 ⁷
1294 10 1298 13 ,

1074 17 1086 28 S
1255 23 1264 30 a

171 123 281 178 200
869 127 969 173 121ss.
1008 127 1097 174 ΠΗ.

280 236 329 288 2.
369 234 738 306 Hypsicratea
771 243 984 306 quoque
1018 235 1206 305 regina
1229 235 1575 291 Mitridatem
1607 241 1794 294 coniu-

174 326 295 378 gem
333 324 491 359 suum
529 305 715 358 effusis
753 305 998 358 caritatis
1024 306 1254 359 habenis
1292 309 1525 375 amauit,
1567 320 1797 381 propter

175 395 336 447 quem
372 376 732 447 praecipuum
768 376 979 429 formae
1008 395 1138 430 suae
1176 377 1426 430 decorem
1459 379 1519 430 in
1542 378 1797 434 habitum

174 447 388 499 uirilem
441 454 762 500 conuertere
812 446 1112 518 uoluptatis
1162 446 1282 502 loco
1333 448 1544 504 habuit.
1618 452 1793 505 tonsis

131 531 151 564 5
174 519 319 571 enim
340 516 552 587 capillis
579 535 716 588 equo
739 535 797 570 se
823 525 876 570 et
901 518 1066 570 armis
1094 517 1418 587 adsuefecit,
1447 538 1553 591 quo
1574 520 1798 574 facilius

171 588 455 642 laboribus
510 596 565 640 et
606 586 866 658 periculis
913 589 1028 640 eius
1070 589 1374 643 interesset.
1449 591 1581 661 quin
1625 592 1792 645 etiam

171 660 379 712 uictum
418 677 451 711 a
485 657 584 711 Cn.
622 659 884 729 Pompeio
920 676 1019 729 per
1064 659 1316 712 efferatas
1393 668 1544 714 entes
1579 661 1792 731 fugien-

174 738 282 783 tem
319 730 500 782 animo
526 730 735 799 pariter
770 737 825 782 et
851 747 1078 799 corpore
1115 678 1452 798 infatigalgfili
1479 740 1666 784 secuta
1691 741 1797 786 est..

173 801 326 852 cuius
363 807 520 852 tanta
543 798 679 851 fides
716 817 1033 870 asperarum
1069 809 1233 870 atque
1268 800 1577 854 difficilium
1610 820 1794 855 rerum

110 884 151 918 10
172 870 448 924 Mitridati
473 871 779 922 maximum
809 870 1070 923 solacium
1105 878 1161 923 et
1186 870 1640 924 iucundissimum
1664 871 1795 924 leni·

172 949 417 994 mentum
442 940 570 993 fuit:
610 958 731 993 cum
761 939 919 993 domo
947 941 1092 993 enim
1119 948 1172 993 et
1196 942 1488 1012 penatibus
1514 942 1708 1013 uagari
1735 961 1800 995 se

174 1011 438 1078 credidit,
464 1029 636 1064 uxore
664 1010 824 1063 simul
852 1010 1125 1064 exulante.

281 1083 332 1135 3.
371 1083 579 1135 Verum
616 1082 749 1152 quid
773 1082 997 1147 Asiam,
1035 1082 1168 1152 quid
1192 1083 1486 1136 barbariae
1519 1081 1799 1136 inmensas

174 1153 513 1219 solitudines,
541 1151 673 1223 quid
699 1151 942 1205 latebras
964 1153 1178 1206 Pontici
1206 1154 1355 1206 sinus
1383 1154 1634 1207 scrutor?
1671 1172 1796 1206 cum

101 1236 142 1270 15
173 1222 680 1294 splendidissimum
705 1223 874 1275 totius
895 1224 1162 1276 Graeciae
1189 1223 1372 1290 decus,
1393 1223 1798 1290 Lacedaemon,

170 1294 527 1365 praecipuum
562 1294 794 1346 uxoriae
832 1293 963 1345 fidei
998 1294 1275 1363 specimen
1307 1302 1523 1347 tantum
1556 1312 1667 1348 non
1700 1312 1793 1347 no-

173 1366 300 1417 stris
353 1372 590 1417 ostentet
638 1363 834 1430 oculiS,
885 1363 1134 1434 plurimis
1180 1373 1234 1417 et
1279 1364 1535 1416 maximis
1580 1365 1799 1435 patriae⁴

173 1453 302 1488 suae
330 1434 586 1487 laudibus
614 1433 979 1487 admiratione
1003 1434 1139 1486 faeti
1165 1434 1595 1504 conparandum.

278 1505 527 1575 Minyae,
567 1522 798 1575 quorum
825 1504 977 1574 origo
1006 1523 1075 1557 ex
1109 1504 1314 1575 inclyto
1349 1505 1621 1558 sociorum
1645 1506 1794 1558 Iaso·

109 1590 151 1623 20
172 1577 259 1628 nis
295 1593 522 1628 numero
557 1575 909 1628 Lemniorum
951 1576 1010 1626 in
1047 1574 1228 1628 insula
1266 1584 1532 1645 concepta
1564 1593 1663 1646 per
1699 1575 1796 1628 ali-

208 1655 308 1700 uot
354 1645 694 1699 saeculorum
738 1646 886 1698 uices
925 1645 1111 1698 stabili
1147 1646 1206 1697 in
1246 1645 1376 1698 sede
1410 1653 1713 1714 manserat,
1763 1663 1795 1697 a

220 1717 420 1786 elasgis
465 1715 681 1787 expulsi
715 1717 910 1782 armis,
954 1715 1166 1769 alienae
1203 1717 1321 1786 opis
1358 1715 1668 1787 indigentes
1704 1734 1799 1768 ex-

175 1787 322 1839 celsa
346 1787 718 1858 Taygetorum
744 1787 1012 1840 montium
1037 1788 1166 1856 iuga
1192 1786 1466 1857 supplices
1495 1804 1796 1858 occupaue-

173 1866 318 1911 runt.
371 1876 503 1929 quos
533 1857 805 1928 Spartana
840 1858 1033 1910 ciuitas
1069 1866 1321 1928 respectu
1348 1856 1799 1928 Tyndaridarum

110 1943 152 1975 25
174 1959 245 1967 —
279 1947 513 1999 namque
549 1930 606 1979 in
631 1927 724 1981 illo
753 1927 954 1982 nobilis
982 1928 1166 1981 famae
1201 1929 1423 1998 nauigio
1461 1927 1795 1981 destinatum

60 2068 152 2105 J‘ar.
176 2063 327 2108 iussit.
379 2065 418 2106 2.
446 2061 729 2122 Hypsicratia
755 2062 798 2105 in
824 2069 997 2107 tantum
1024 2062 1263 2121 coniugem
1284 2060 1587 2108 Mithridatem
1610 2059 1796 2111 amauit,

171 2139 225 2178 ut
264 2132 411 2177 tonsis
449 2130 624 2191 capillis
662 2145 780 2191 equo
810 2145 858 2177 se
896 2138 940 2176 et
973 2133 1108 2177 armis
1145 2131 1446 2177 adsuefecerit
1481 2145 1564 2177 nec
1598 2132 1643 2175 in
1670 2128 1792 2174 bello

173 2203 328 2248 uirum
366 2201 624 2261 reliquerit.
678 2203 829 2261 itaque
865 2201 1115 2260 fugientem
1141 2201 1324 2260 Pompei
1369 2200 1493 2245 uires
1526 2214 1612 2260 per
1642 2200 1793 2246 omnia

176 2279 333 2319 secuta
372 2278 457 2318 est.
534 2274 573 2316 3.
608 2271 807 2331 Minyae,
845 2284 1041 2330 quorum
1080 2272 1209 2329 origo
1249 2284 1301 2316 ex
1335 2270 1614 2329 Argonautis
1650 2271 1794 2320 uenit,

111 2351 153 2386 30
174 2342 344 2389 Lemno
371 2341 619 2388 inhabitata
645 2341 767 2402 pulsi
803 2356 827 2388 a
852 2340 1054 2402 Pelasgis
1081 2341 1389 2400 confugerunt
1415 2340 1470 2386 ad
1494 2339 1792 2386 Lacedaemo-

291 2482 313 2521 1
343 2478 651 2533 Hypsicratia
671 2479 736 2520 Pb
796 2481 821 2520 2
853 2491 981 2520 suam
1002 2471 1058 2519 B'
1124 2478 1151 2519 8
1180 2477 1493 2532 infatigabilis
1513 2478 1556 2518 F
1571 2477 1686 2518 haud
1703 2478 1798 2518 scio

177 2551 230 2577 an
252 2543 367 2578 recte
427 2538 453 2577 9
478 2548 688 2590 asperum
705 2529 762 2576 B'
822 2537 872 2576 11
896 2535 1028 2577 domo
1051 2535 1173 2576 enim
1189 2534 1231 2575 B
1253 2537 1296 2576 in
1316 2547 1404 2576 ras.
1467 2534 1521 2574 14
1541 2533 1718 2587 pontici
1734 2531 1795 2579 B,

174 2595 254 2634 sed
272 2593 336 2634 ici
355 2595 399 2634 in
418 2606 506 2634 ras,
571 2594 622 2634 15
651 2591 914 2634 lacedemo*
934 2593 977 2632 B
1038 2594 1090 2633 16
1111 2594 1241 2634 uxori
1264 2592 1319 2640 B,
1351 2591 1507 2632 uxoris
1528 2589 1552 2631 b
1572 2586 1592 2644 Η
1612 2592 1793 2629 tantum·

175 2663 266 2690 non
294 2651 423 2691 dett„-
454 2663 531 2692 om.
552 2650 595 2690 B
617 2649 751 2691 tribus
766 2650 864 2701 fere
885 2651 1038 2691 litteris
1058 2650 1197 2690 erasis
1256 2649 1308 2689 19
1328 2648 1513 2699 minyae
1534 2647 1582 2687 b:
1611 2645 1788 2685 mssniae

174 2706 218 2746 B
278 2707 330 2746 21
361 2707 546 2748 stabili*
564 2706 622 2753 B,
655 2705 839 2747 stabilis
868 2707 970 2748 dett.
1001 2703 1020 2761 11
1049 2718 1076 2746 a
1097 2703 1312 2758 Pelasgis
1340 2704 1446 2745 PF.-
1478 2715 1507 2743 ε.
1536 2699 1795 2765 pelasgicis

171 2762 234 2808 B,
274 2762 527 2815 pelasgicis
560 2761 676 2814 (sine
698 2761 752 2815 a)
792 2762 918 2804 Torr.
986 2764 1040 2803 22
1072 2761 1210 2803 armis
1231 2761 1274 2802 B
1294 2774 1345 2801 m.
1371 2763 1399 2801 3
1429 2761 1473 2800 in
1499 2770 1615 2806 ras„
1647 2767 1790 2796 ramis

172 2820 291 2868 dett„
313 2818 477 2872 Piratis
504 2819 720 2869 Foertsclz,
741 2820 847 2871 fort.
871 2817 1059 2862 sedibus
1080 2821 1149 2861 uel
1163 2817 1290 2872 agris
1349 2818 1404 2859 24
1428 2815 1596 2857 ciuitas
1617 2812 1792 2866 recepit

171 2875 196 2915 b
255 2875 310 2916 25
331 2873 591 2915 destinatus
613 2875 656 2915 B

287 2932 342 2973 28
362 2931 575 2972 relietum
604 2931 651 2971 V
