1936 3120
200 44 258 59 ..adv
280 39 364 61 ,κ’ϊ·
382 38 425 59 ft*
457 38 478 46 '³‘
517 40 537 47 Δ·
556 37 783 59 ἶν.’;-..“’;·.».ῑ-’ζ,,
811 38 814 39 ’

62 66 82 82 Ἶ-
109 78 112 83 Ι
134 57 194 82 ..ξι-ὅ
220 61 241 77 Α*
280 65 310 81 A»
326 59 334 75 s
358 58 425 81 ’,ἶ-’κ’
444 59 448 62 ”
466 58 506 77 ¹4⁷
570 69 573 71 —
628 58 647 66 ‘⁴
670 58 693 66 ’·
767 69 779 73 γ.

24 95 33 104 ““
57 94 100 111 ’,ο
144 79 212 116 μ’ἷῦ
228 91 230 93 “

593 198 600 205 .
640 141 759 188 CAP.
789 141 837 192 v,
864 141 894 199 g
920 145 962 186 5.
988 144 1030 187 6.
1069 140 1134 192 v1,
1161 95 1190 200 g
1220 145 1258 186 1.
1649 135 1756 190 359

134 254 258 301 sent
281 249 340 300 in
364 247 561 315 Italia,
591 247 724 302 data
749 256 1031 301 armatura
1055 249 1112 299 in
1140 255 1324 301 castra
1349 248 1632 302 miserunt.
1683 267 1755 303 ex

133 317 339 390 Apulia
372 319 540 371 etiam
580 328 635 372 et
670 337 703 370 a
728 318 1040 371 Paediculis
1077 319 1431 389 septuaginta
1469 327 1631 389 atque
1659 318 1754 372 du-

132 389 281 442 centi
306 389 379 442 ad
406 388 842 460 supplementum
869 390 1143 459 equitatus
1172 398 1299 441 sunt
1318 389 1497 459 empti.
1551 398 1758 460 quanta

132 458 401 513 uiolentia
427 469 511 511 est
536 478 695 512 casus
725 459 935 512 acerbi!
977 478 1116 529 quae
1144 460 1339 511 ciuitas
1369 459 1518 512 adid
1538 469 1753 531 tempus

134 530 406 600 ingenuae
435 548 650 600 quoque
686 530 911 598 originis
951 531 1130 600 capite
1166 548 1358 582 censos
1386 530 1589 583 habere
1615 530 1753 583 mili·
1776 547 1798 581 5

134 609 218 652 tes
254 599 596 665 fastidierat,
638 600 829 652 eadem
866 599 1016 652 cellis
1045 600 1337 653 seruilibus
1367 609 1614 653 extracta
1639 620 1754 654 cor·

131 688 269 740 pora
303 678 357 722 et
382 688 415 721 a
440 669 812 740 pastoralibus
850 671 993 722 casis
1032 669 1262 723 collecta
1294 671 1567 740 mancipia
1604 671 1757 723 uelut

131 741 485 811 praecipuum
526 740 932 793 firmamentum
969 742 1237 793 exercitui
1276 761 1372 793 suo
1403 741 1622 794 adiecit.
1672 759 1755 793 ce-

134 810 216 862 dit
240 829 370 880 ergo
399 811 676 864 interdum
711 830 1010 880 generosus
1050 811 1275 881 spiritus
1312 810 1541 864 utilitati
1567 820 1622 864 et
1646 811 1755 864 for-

133 890 302 934 tunae
326 881 535 934 uiribus
565 882 888 947 succumbit,
917 883 1031 947 ubi,
1060 883 1167 933 nisi
1195 883 1400 934 tutiora
1426 881 1656 934 consilia
1682 881 1752 934 le-
1778 900 1820 932 10

132 952 299 1020 geriS,
329 953 577 1022 speciosa
604 952 851 1022 sequenti
878 951 1278 1015 concidendum
1304 960 1403 1005 est.

244 1022 549 1074 Cannensis
579 1031 759 1074 autem
788 1022 971 1074 clades
1000 1022 1138 1075 adeo
1174 1023 1366 1074 urbem
1393 1030 1639 1074 nostram
1664 1041 1754 1075 ue-

132 1092 416 1145 hementer
450 1093 725 1159 confudit,
763 1100 824 1144 ut
858 1093 932 1144 M.
964 1092 1121 1145 Iunio
1157 1093 1298 1144 Pera
1335 1092 1602 1145 dictatore
1638 1111 1756 1145 rem

133 1162 850 1233 publicamadministrante
871 1162 1049 1233 spolia
1068 1163 1307 1215 hostium
1327 1163 1514 1214 adfixa
1533 1162 1754 1233 templis

132 1234 361 1286 deorum
404 1235 616 1285 numini
656 1241 974 1286 consecrata
1007 1234 1370 1285 instrumento
1406 1233 1636 1285 militiae
1671 1233 1755 1285 fu·
1780 1250 1822 1284 15

132 1311 258 1355 tura
284 1302 736 1369 conuellerentur,
765 1322 829 1355 ac
854 1303 1190 1373 praetextati
1218 1303 1373 1373 pueri
1395 1322 1547 1354 arma
1566 1303 1756 1355 indue-

132 1381 281 1439 rent,
328 1374 675 1426 addictorum
702 1374 864 1426 etiam
893 1381 946 1425 et
972 1372 1195 1444 capitali
1221 1373 1445 1424 crimine
1473 1373 1756 1426 damnato-

132 1463 253 1496 rum
289 1463 388 1497 sex
423 1444 574 1496 milia
610 1445 1101 1497 conscriberentur.
1154 1462 1293 1514 quae
1331 1444 1378 1495 si
1404 1462 1503 1514 per
1529 1463 1587 1496 se
1614 1443 1755 1514 aspi-

133 1515 378 1582 ciantur,
417 1514 626 1585 aliquid
661 1515 880 1568 ruboris
917 1514 1185 1581 habeant,
1225 1515 1271 1565 si
1311 1523 1492 1566 autem
1519 1514 1755 1567 admotis

133 1585 474 1637 necessitatis
511 1585 720 1637 uiribus
756 1585 1155 1654 ponderentur,
1194 1585 1456 1637 saeuitiae
1492 1585 1754 1655 temporis
1779 1604 1822 1635 20

133 1655 518 1707 conuenientia
541 1655 819 1725 praesidia
847 1656 1155 1706 uideantur.

242 1725 474 1794 Propter
500 1725 728 1777 eandem
754 1724 966 1777 cladem
1002 1732 1223 1777 senatus
1253 1723 1515 1795 OtaciLiO,
1554 1725 1647 1794 qui
1675 1725 1754 1776 Si-

135 1872 241 1921 uiri‚
265 1872 343 1931 qui
363 1885 520 1917 xx1111
542 1871 663 1926 milia
687 1884 927 1916 seruorum
950 1877 1329 1930 conparauerunt.
1371 1884 1422 1915 ex
1433 1870 1595 1930 Apulia
1616 1869 1751 1914 etiam
1775 1878 1871 1913 Par.

132 1946 180 1987 et
207 1955 231 1986 e
257 1942 508 1987 Paediculis
537 1954 704 1988 cohxx
730 1942 783 1987 ad
805 1941 1170 2001 supplementum
1203 1942 1434 1999 equitatus
1461 1946 1568 1985 sunt
1593 1940 1748 1999 empti.

134 2036 206 2044 -
229 2012 454 2058 Cannensi
491 2012 614 2058 clade
652 2013 813 2057 territa
850 2011 987 2061 urbe,
1023 2012 1120 2055 Iuni
1158 2025 1296 2070 opera
1331 2011 1566 2056 dictatoris
1603 2009 1750 2069 spolia
1773 2021 1814 2053 25

134 2082 319 2128 hostilia
367 2083 547 2142 templis
584 2082 725 2127 adfixa
761 2084 1066 2127 instrumento
1115 2081 1303 2125 militiae
1343 2081 1495 2126 sutura
1534 2080 1755 2126 conuulsa

134 2159 267 2203 sunt,
294 2155 564 2213 praetextati
593 2155 723 2213 pueri
751 2167 872 2198 arma
899 2153 1168 2197 induerunt:
1208 2152 1316 2196 item
1343 2165 1399 2198 v1
1426 2151 1546 2196 milia
1575 2150 1758 2210 capitali

134 2224 324 2269 crimine
346 2224 660 2269 damnatorum
681 2225 938 2283 conscripta
952 2229 1076 2268 sunt.
1091 2249 1151 2254 —
1167 2222 1262 2266 DE
1287 2221 1757 2267 NECESSITATE.

253 2375 275 2412 l
305 2372 414 2413 data
446 2377 679 2414 armatura
708 2375 871 2414 Vahlen
901 2376 960 2414 ad
986 2375 1123 2415 Naeu.
1152 2375 1275 2425 reliq.
1305 2387 1351 2424 p.
1384 2376 1409 2412 6
1438 2379 1482 2412 et
1508 2386 1585 2413 nos
1616 2375 1660 2412 in
1681 2385 1756 2414 em.

143 2429 240 2469 Val.
262 2442 307 2479 p.
333 2431 410 2468 14:
450 2429 613 2468 datura
645 2442 772 2470 arma
795 2430 850 2478 B,
885 2429 1064 2469 laturos
1099 2440 1225 2468 arma
1248 2429 1271 2467 b
1312 2426 1330 2482 11
1372 2441 1427 2468 ex
1450 2429 1576 2480 polia
1599 2423 1654 2468 B'
1732 2430 1757 2467 2

135 2483 396 2536 paediculis
422 2484 638 2525 Clauerius
660 2491 701 2525 et
723 2487 785 2525 P:
818 2485 1017 2524 fidiculis
1040 2485 1082 2524 B
1159 2484 1187 2521 4
1211 2485 1418 2523 ciuitatis
1442 2477 1500 2522 B'
1562 2485 1602 2524 ·5
1628 2495 1757 2524 cesos

136 2533 192 2580 B'
255 2542 307 2580 13
330 2541 462 2580 Iunio
483 2541 604 2580 Pera
624 2542 665 2582 J.
691 2541 764 2580 Fr.
794 2541 1053 2581 Gronouz‘us:
1076 2541 1199 2579 iuni*
1222 2553 1364 2592 opera
1387 2539 1429 2578 B
1469 2537 1488 2592 Η
1528 2540 1758 2578 dictatore

136 2610 237 2637 nos:
269 2595 506 2636 dictatura
527 2597 569 2635 B
649 2598 702 2636 14
733 2596 1108 2636 administrantes
1131 2595 1172 2634 B
1199 2596 1274 2645 (-
1296 2597 1356 2635 tis
1379 2591 1425 2646 b)
1509 2597 1560 2634 15
1591 2595 1760 2634 instru-

136 2655 291 2693 mento
314 2652 421 2692 BP:
453 2653 758 2692 instrumenta
781 2654 883 2694 dect.
949 2654 999 2693 18
1022 2665 1101 2692 sex
1118 2651 1159 2691 B
1182 2666 1298 2694 corr.
1320 2665 1342 2691 e
1367 2650 1448 2690 sed
1508 2653 1562 2690 22
1587 2651 1758 2690 octaci-

135 2708 200 2750 lio
221 2701 281 2749 B'.
1645 2728 1648 2731 <

250 2767 306 2805 23
346 2765 436 2804 uiri
459 2765 537 2816 qui
566 2766 608 2805 V
632 2778 719 2816 m'q:
750 2765 935 2816 utrique
972 2756 1031 2803 V'
1109 2765 1164 2803 24
1206 2767 1251 2803 et
1273 2777 1349 2804 om.
1380 2764 1423 2802 V
1495 2763 1550 2802 25
1592 2761 1759 2803 territa

137 2817 251 2862 urbe
267 2822 309 2861 V
325 2818 345 2875 ΙΙ
364 2822 466 2860 Iuni
485 2834 626 2873 opera
644 2817 906 2873 dictatoris]
931 2823 995 2860 sic
1015 2822 1270 2872 epitomator
1290 2821 1454 2866 uitiose,
1479 2821 1761 2871 deprauatam

135 2878 355 2973 §aggonem
376 2878 473 2917 iuni
495 2891 633 2930 opera
658 2877 757 2929 (pro
779 2877 911 2916 Iunio
933 2877 1070 2927 Pera)
1093 2882 1261 2917 secutus
1339 2878 1392 2917 27
1434 2872 1519 2930 VI]
1544 2877 1587 2914 in
1611 2888 1690 2927 my.
1722 2875 1767 2915 V
