1924 3152
616 115 733 162 CAP.
762 115 838 168 v1,
865 115 962 162 Ext.
992 115 1021 175 3
1049 120 1088 161 2.
1118 118 1159 161 3.
1197 114 1284 160 vn.
1654 107 1756 161 201

134 224 406 280 sideribus
432 242 533 296 par
557 225 795 278 fratrum
819 222 1053 277 fulserat
1076 253 1147 264 —-
1182 222 1448 282 deductos
1474 221 1603 274 inde
1629 220 1762 292 legi-

131 297 236 352 bus
284 295 679 367 conmodisque
726 295 837 348 suis
881 294 1179 348 inmiscuit.
1256 292 1354 346 sed
1397 292 1504 347 hoc
1545 300 1765 348 tantum

131 367 461 422 beneficium
506 367 564 419 in
596 366 858 419 iniuriam
891 366 1033 419 bene
1068 365 1297 417 meritae
1340 363 1495 418 urbis
1531 382 1763 434 regnum

133 439 478 493 adfectantes
514 445 819 491 uerterunt.
870 436 1039 506 igitur
1071 434 1326 507 publicae
1360 436 1648 489 custodiae
1683 435 1764 488 in-

133 509 272 562 clusi
322 507 544 579 capitali
594 507 1035 561 adseruabantur
1084 506 1374 578 supplicio.
1447 506 1594 577 quod
1638 525 1808 561 cums

130 589 318 633 uetere
343 578 597 632 instituto
621 578 1187 632 Lacedaemoniorum
1221 586 1490 631 nocturno
1517 587 1763 649 tempore

131 650 350 723 passuri
386 658 598 718 essent,
645 649 904 720 coniuges
933 668 1122 703 eorum
1154 648 1401 702 inlustris
1436 650 1517 702 ibi
1545 649 1763 719 sangui-

130 723 245 789 niS‚
297 721 448 774 uelut
481 719 839 774 adlocuturae
875 722 1150 792 perituros
1188 720 1366 788 uirOS‚
1417 720 1694 791 inpetrato
1731 738 1764 772 a

132 792 457 845 custodibus
504 791 660 846 aditu
695 809 969 845 carcerem
996 793 1368 861 intrauerunt,
1407 799 1764 845 commutata-

133 881 239 935 que
274 872 429 916 ueste
454 881 554 934 per
580 862 983 916 simulationem
1010 862 1213 916 doloris
1247 861 1448 915 uelatis
1487 863 1760 933 capitibus
1787 883 1832 916 10

135 952 227 988 eos
257 934 410 987 abire
434 952 633 1004 passae
660 942 803 987 sunt.
852 933 957 988 hoc
982 933 1104 988 loco
1131 933 1265 1005 quid
1291 932 1441 986 aliud
1467 933 1783 986 adiecerim·

135 1022 298 1076 quam
325 1006 522 1075 dignas
549 1004 722 1058 fuisse
749 1005 949 1077 quibus
975 1005 1204 1076 Minyae
1229 1005 1540 1060 nuberent?

615 1146 746 1200 VII.
800 1151 900 1200 DE
931 1150 1278 1200 AMICITIA.

241 1244 470 1298 Contem
513 1245 689 1299 lemur
730 1263 877 1298 nunc
916 1245 1191 1299 amicitiae
1236 1245 1518 1298 uinculum
1565 1253 1764 1317 potens

134 1323 188 1370 et
251 1315 458 1370 raeuali
501 1335 595 1369 um
619 1334 795 1388 neque
820 1315 935 1370 ulla
962 1335 1031 1370 ex
1052 1325 1211 1388 parte
1239 1317 1522 1386 sanguinis
1549 1316 1763 1370 uiribus
1787 1332 1833 1366 15

132 1388 187 1441 in
217 1387 360 1441 erius
376 1428 391 1454 ‚
418 1386 523 1442 hoc
549 1388 716 1442 etiam
744 1388 946 1453 certius
975 1396 1030 1441 et
1056 1387 1398 1459 exploratius
1412 1428 1426 1455 ,
1455 1387 1602 1459 quod
1627 1387 1768 1441 illud

131 1457 393 1512 nascendi
428 1477 576 1527 sors,
621 1459 912 1514 fortuitum
948 1478 977 1512 o
1019 1477 1115 1527 us,
1167 1458 1270 1512 hoc
1304 1460 1463 1511 unius
1503 1459 1767 1529 cuiusque

135 1529 314 1584 solido
361 1529 566 1583 iudicio
613 1529 873 1584 inchoata
914 1549 985 1584 uo
1011 1538 1174 1583 untas
1213 1529 1504 1583 contrahit.
1579 1529 1767 1600 itaque

135 1599 365 1653 celerius
430 1601 547 1654 sine
606 1601 1031 1671 reprehensione
1089 1601 1461 1672 propinquum
1511 1618 1766 1654 auersere

133 1687 298 1743 quam
325 1671 592 1739 amicum,
638 1671 768 1743 quia
795 1671 969 1726 altera
996 1671 1290 1742 diremptio
1316 1673 1639 1743 neutiquam
1664 1671 1764 1724 ini·
1789 1688 1833 1721 20

134 1742 392 1813 quitatis,
430 1741 605 1795 altera
638 1742 831 1813 utique
867 1742 1107 1796 leuitatis
1143 1742 1358 1796 crimini
1387 1743 1638 1797 subiecta
1665 1749 1765 1795 est.

136 1830 260 1867 cum
304 1813 450 1866 enim
486 1811 702 1866 deserta
741 1813 812 1866 sit
847 1812 1036 1868 futura
1079 1813 1199 1865 uita
1233 1813 1471 1866 hominis
1485 1853 1499 1881 ,
1560 1811 1765 1865 nullius

135 1883 410 1938 amicitiae
445 1883 627 1938 cincta
673 1883 982 1955 praesidiO‚
1034 1891 1150 1937 tam
1182 1884 1553 1937 necessarium
1589 1883 1765 1937 subsi-

136 1955 287 2008 dium
322 1963 530 2009 temere
567 1954 782 2008 adsumi
815 1974 927 2009 non
964 1954 1155 2022 debet,
1193 1955 1362 2008 semel
1398 1959 1583 2008 autem
1617 1962 1766 2007 recte

134 2026 537 2098 adprehensum
558 2026 742 2098 sperni
766 2045 878 2080 non
903 2025 1173 2080 conuenit.
1214 2026 1459 2079 sincerae
1483 2043 1614 2079 uero
1635 2024 1766 2078 fidei
1789 2041 1833 2075 25

136 2097 299 2152 amici
334 2095 631 2169 praecipue
664 2098 723 2150 in
761 2096 1011 2151 aduersis
1039 2097 1202 2152 rebus
1231 2105 1662 2167 cognoscuntur,
1708 2095 1766 2148 in

134 2246 261 2291 nios:
303 2260 327 2291 a
354 2245 519 2306 quibus
544 2245 718 2306 recepti
746 2259 850 2294 cum
877 2259 1068 2306 regnum
1097 2252 1194 2292 arte
1224 2251 1523 2307 temptarent,
1565 2242 1758 2292 consilio
1785 2253 1882 2287 Par.

136 2314 368 2377 patefacto
407 2316 455 2362 in
482 2317 737 2363 custodiam
764 2317 892 2363 missi
921 2324 1051 2363 sunt:
1093 2331 1288 2378 quorum
1316 2319 1535 2378 coniuges
1571 2316 1765 2361 introitu

139 2386 192 2431 ad
229 2388 357 2433 uiros
394 2387 565 2448 petito,
606 2394 882 2439 commutata
917 2394 1046 2434 ueste
1094 2388 1220 2449 ipsae
1257 2380 1303 2433 i'n
1344 2387 1553 2435 custodia
1589 2399 1765 2432 reman-

138 2463 312 2502 serunt.

254 2595 276 2634 1
305 2590 419 2648 par]
451 2605 535 2647 per
562 2593 626 2641 B,
657 2595 738 2635 sed
760 2597 933 2646 punc-tis
961 2600 1146 2635 notatum
1180 2591 1201 2648 Π
1236 2593 1459 2635 deductor
1487 2595 1531 2635 B
1601 2595 1652 2633 12
1682 2593 1767 2633 mi-

138 2662 259 2702 nyae
281 2650 324 2691 B
353 2663 469 2692 corr.
500 2663 559 2691 ecc
587 2651 773 2691 moenia
842 2653 894 2692 13
924 2651 1008 2691 DE
1029 2650 1312 2691 AMICITIA
1333 2663 1412 2693 om.
1436 2651 1479 2692 B
1548 2651 1601 2691 19
1633 2662 1766 2690 auer-

135 2710 236 2748 tere
280 2707 323 2747 B
409 2709 464 2749 20
513 2707 592 2759 qui
631 2706 785 2748 altera
822 2700 878 2747 B'
927 2704 946 2761 Η
1003 2707 1258 2748 directione
1295 2709 1409 2761 utiq.
1449 2706 1514 2755 B,
1576 2706 1766 2748 dilectio

135 2762 363 2816 neutiqua
388 2765 434 2813 b,
474 2763 718 2817 diremptio
748 2764 947 2816 Piylzius,
995 2764 1239 2817 diremptio
1268 2778 1360 2806 non
1387 2764 1550 2817 utique
1580 2763 1765 2816 Kemps',·

138 2832 215 2862 nos
235 2821 505 2874 neutiquam
533 2822 802 2873 scripsimus,
842 2822 928 2862 nisi
943 2821 1085 2874 forma
1105 2821 1329 2874 neutique
1362 2820 1421 2872 (u.
1443 2821 1613 2862 Handii
1639 2819 1764 2860 Turs.

139 2878 180 2924 4,
203 2875 342 2974 ‘1832
359 2877 627 2919 restituenda
655 2883 720 2919 est
798 2879 852 2919 23
893 2881 1063 2919 cuncta
1092 2877 1156 2927 B,
1198 2878 1360 2920 iuncta
1389 2878 1414 2920 b
1493 2879 1547 2920 26
1586 2877 1678 2918 ami
1708 2875 1764 2923 B,

139 2945 280 2974 ammi
362 2948 441 2987 my.
