1924 3152
463 11 486 18 -i
501 0 621 26 ‹rzffll
634 0 837 22 :avi—&vuuvrpv-
852 0 895 23 :⁸⁶⁴
910 0 915 6 v·
938 0 980 13 ’νῑ
1008 0 1055 17 av
1085 0 1088 3 ·
1113 0 1126 13 η

643 126 761 172 CAP.
789 127 875 176 1111,
903 125 1000 170 Exi.
1028 125 1057 183 3
1086 128 1223 170 1-26.
1641 118 1747 170 249

121 235 440 307 peragenda
463 242 695 287 matrem
720 233 974 285 uexerint
987 273 1000 298 ,
1029 231 1110 298 hi,
1140 231 1290 303 quod
1314 239 1528 302 patrem
1555 238 1608 284 et
1633 249 1745 283 ma-

97 313 261 358 'trem
286 306 486 358 umeris
515 323 614 376 per
651 303 857 356 medios
884 304 1037 372 ignes
1067 304 1337 373 portarint
1352 342 1366 368 ‚
1405 301 1501 355 sed
1536 303 1744 355 neutris

124 395 223 446 pro
252 376 451 448 spiritu
474 376 783 446 parentium
811 374 1065 444 expirare
1092 375 1436 444 propositum
1461 372 1584 426 fuit.

230 448 280 500 5.
320 445 434 498 Nec
461 463 560 514 ego
580 446 847 516 Argiuam
876 445 1117 497 detrecto
1145 443 1367 496 laudem
1394 453 1490 496 aut
1516 443 1747 496 Aetnaei

121 517 323 572 montis
374 515 602 586 gloriam
652 517 864 582 minuo,
916 533 1111 567 uerum
1162 515 1469 567 obscuriori
1519 523 1745 585 propter
1766 535 1787 567 5

120 587 487 657 ignorantiam
529 587 731 657 pietati.
765 586 994 639 notitiae
1039 585 1223 637 lumen
1258 584 1551 651 admoueo‚
1605 586 1746 638 sicut

121 657 340 728 Scythis
367 657 602 711 libenter
627 658 852 727 pietatis
891 656 1264 709 testimonium
1302 655 1492 709 reddo.
1556 657 1742 709 Dareo

118 730 267 781 enim
293 729 420 782 totis
446 728 600 797 regni
629 728 713 778 sui
742 727 951 780 uiribus
980 727 1253 790 ingeorum
1271 727 1593 795 regionibus
1617 727 1743 779 sub-

118 799 250 852 inde
295 801 562 869 impetum
606 798 834 851 facienti
879 796 1147 868 paulatim
1197 797 1450 850 cedentes
1498 797 1569 849 ad
1616 796 1741 849 ulti-

119 889 268 921 mum
293 870 404 922 iam
431 868 742 922 solitudinis
771 874 1152 938 peruenerantss
1193 868 1516 937 interrogati
1544 867 1740 920 deinde
1765 889 1806 919 ιο

121 941 190 993 ab
219 959 282 994 eo
309 959 406 1010 per
431 939 640 1009 legatos
655 979 668 1006 7
698 958 858 1010 quem
884 939 1049 991 finem
1075 938 1324 1007 fugiendi
1351 947 1444 992 aut
1471 939 1615 1010 quod
1642 939 1742 990 ini-

117 1011 258 1063 tium
298 1009 581 1081 pugnandi
616 1009 817 1062 facturi
853 1018 1060 1076 essent,
1112 1009 1516 1080 responderunt
1557 1028 1614 1061 se
1642 1027 1741 1062 nec

118 1082 284 1134 urbes
311 1079 450 1133 ullas
485 1100 584 1133 nec
612 1099 773 1150 agros
803 1080 974 1132 cultos
991 1121 1004 1146 ‚
1043 1098 1140 1150 pro
1170 1080 1368 1151 quibus
1398 1079 1739 1147 dimicarent,

122 1151 353 1204 habere:
396 1161 638 1204 ceterum
674 1170 796 1202 cum
833 1151 904 1202 ad
940 1152 1250 1221 parentium
1285 1169 1507 1204 suorum
1552 1169 1739 1202 monu-

115 1231 302 1275 menta
351 1222 620 1286 uenisset,
674 1222 937 1274 sciturum
987 1220 1448 1291 quemadmodum
1502 1220 1738 1291 Scythae
1766 1240 1806 1272 15

118 1293 375 1362 proeliari
403 1292 658 1345 solerent.
721 1311 827 1363 quo
880 1291 1100 1362 quidem
1151 1311 1257 1358 uno
1308 1300 1422 1344 tam
1460 1292 1552 1361 pio
1593 1291 1739 1345 dicto

115 1364 352 1416 inmanis
379 1372 433 1416 et
458 1363 698 1416 barbara
724 1381 857 1431 gens
887 1363 957 1416 ab
985 1364 1131 1414 omni
1158 1382 1215 1414 se
1242 1363 1483 1415 feritatis
1513 1363 1740 1415 crimine

114 1433 364 1487 redemit.
430 1435 608 1504 prima
642 1434 809 1503 igitur
846 1442 898 1486 et
933 1434 1140 1504 optima
1175 1452 1357 1494 rerum
1394 1442 1591 1485 natura
1627 1434 1740 1504 pie-

116 1505 247 1556 tatis
276 1513 359 1557 est
384 1505 676 1574 magistra,
715 1523 853 1575 quae
879 1504 1028 1557 nullo
1055 1505 1209 1557 uocis
1238 1504 1561 1569 ministerio⁷
1590 1502 1738 1557 nullo

112 1593 220 1626 usu
259 1574 565 1627 litterarum
608 1575 860 1643 indigens
906 1574 1143 1645 propriis
1192 1593 1255 1627 ac
1297 1575 1481 1627 tacitis
1527 1574 1737 1627 uiribus
1763 1594 1804 1624 20

82 1673 92 1682 ⁹
115 1645 405 1697 caritatem
437 1646 749 1714 parentium
783 1644 1082 1698 liberorum
1118 1646 1434 1715 pectoribus
1476 1644 1735 1697 infundit.

115 1714 248 1785 quid
277 1732 407 1783 ergo
435 1716 682 1768 doctrina
707 1715 962 1785 proficit?
1002 1725 1062 1768 ut
1089 1716 1351 1785 politiora
1378 1714 1601 1781 scilicet,
1629 1733 1739 1766 non

110 1791 177 1838 “ut
206 1784 433 1837 meliora
460 1785 595 1838 fiant
621 1786 1150 1855 ingeniafquoniam
1178 1786 1399 1856 quidem
1426 1784 1602 1837 solida
1629 1786 1737 1836 uir-

115 1864 204 1908 tus
233 1855 478 1908 nascitur
504 1855 681 1924 magis
709 1874 872 1926 quam
899 1856 1143 1924 fingitur.
1186 1858 1235 1907 6.
1265 1857 1385 1926 quis
1415 1857 1558 1908 enim
1584 1854 1735 1926 plau·-

115 2002 216 2033 mus
251 1995 297 2033 et
323 1989 523 2048 Anapius
550 1995 725 2048 patrem
763 1996 807 2033 et
843 1996 1032 2033 matrem
1072 1990 1240 2034 umeris
1278 2002 1359 2050 per
1394 1988 1567 2034 medios
1605 1989 1734 2048 ignes
1757 2002 1798 2034 25

113 2060 287 2104 Aetnae
312 2065 629 2119 portauerunt.
674 2085 731 2090 —
774 2058 952 2104 Cleobis
979 2067 1023 2104 et
1050 2059 1148 2107 Bito
1185 2060 1239 2105 ad
1267 2059 1604 2106 sacra-Iunonis
1632 2071 1733 2119 per·
1761 2045 1851 2076 ‘’a'‘

114 2129 287 2189 agenda
322 2137 512 2175 matrem
553 2129 670 2175 collo
711 2137 944 2175 uexerunt.
990 2155 1049 2162 —-
1102 2133 1143 2174 5.
1183 2131 1340 2175 Darius
1379 2143 1456 2175 rex
1494 2130 1736 2175 Persarum

112 2213 216 2245 cum
228 2198 418 2260 Scythas
441 2208 747 2261 oppugnaret,
775 2201 1082 2260 interrogauit
1104 2215 1183 2246 eos
1212 2215 1303 2261 quo
1331 2214 1478 2262 usque
1506 2201 1734 2260 sugerent.

114 2271 192 2328 qui
228 2271 594 2330 responderunt:
636 2285 684 2316 se
719 2284 803 2317 nec
839 2271 976 2316 urbes
1014 2271 1131 2317 ullas
1168 2286 1252 2318 nec
1288 2287 1424 2332 agros
1462 2272 1612 2317 cultos
1649 2285 1733 2331 pro

114 2340 282 2399 quibus
307 2340 573 2386 dimicarent
601 2341 790 2386 hahere:
831 2349 1031 2387 ceterum
1059 2356 1162 2388 cum
1198 2343 1251 2387 ad
1278 2349 1517 2402 parentum
1546 2356 1734 2387 suorum
1759 2349 1799 2380 30

115 2406 391 2455 monimenta
427 2411 651 2461 uenisset,
698 2413 918 2457 sciturum
959 2412 1337 2472 quemadmodum
1375 2413 1566 2472 Scythae
1603 2425 1735 2472 proe-

230 2532 252 2570 1
276 2535 469 2572 matrem
493 2532 611 2572 collo
632 2545 734 2573 uex.
757 2535 799 2573 P
815 2531 834 2586 Η
855 2539 1081 2574 uexerunt
1096 2554 1157 2563 ·--
1178 2538 1422 2587 portarunt
1442 2537 1541 2578 edd.
1563 2537 1735 2587 priores

112 2589 139 2626 2
162 2586 361 2627 humeris
384 2587 426 2627 B
446 2584 464 2641 ΙΙ
485 2589 605 2641 ignis
627 2588 806 2633 Aetnae
830 2590 870 2628 P
925 2592 952 2630 4
973 2590 1182 2631 detracto
1205 2588 1261 2630 B'
1290 2588 1308 2644 Η
1338 2592 1493 2631 aetnei
1515 2591 1568 2637 B,
1605 2590 1734 2630 aeth-

112 2643 191 2684 nei
211 2643 235 2684 b
295 2646 320 2685 5
349 2644 543 2697 gloriam
574 2646 682 2684 inuo
705 2645 746 2684 B
776 2659 888 2686 corr.
920 2649 963 2686 in
993 2644 1140 2699 gloria
1168 2647 1321 2686 minuo
1363 2642 1406 2687 '7
1441 2647 1583 2699 scytis
1606 2647 1660 2686 B*
1707 2647 1734 2686 8

111 2700 256 2740 totius
278 2702 381 2741 dett.
400 2703 533 2753 pauci
551 2699 569 2754 Η
590 2702 806 2753 regiones
828 2703 1004 2754 Piqkz'us
1072 2705 1097 2742 9
1119 2703 1330 2742 ultimum
1353 2704 1500 2743 asiam
1522 2702 1733 2744 solitudi-

110 2757 184 2796 nis
204 2756 248 2796 ·B
267 2771 337 2809 pr.
359 2771 409 2800 m.
432 2763 476 2797 ut
496 2759 677 2804 uidetur,
710 2758 898 2798 ultimas
921 2759 1010 2798 iam
1035 2758 1305 2799 solitudines
1327 2759 1363 2806 b,
1386 2759 1575 2800 ultimas
1602 2760 1731 2799 asiae

112 2811 198 2852 sol.
221 2817 278 2855 al.
348 2815 401 2854 14
429 2818 673 2867 parentum
696 2815 736 2853 P
802 2815 852 2855 15
881 2816 1089 2855 uenisset
1110 2817 1252 2856 Per-iz.
1277 2821 1317 2856 et
1341 2817 1400 2856 P:
1433 2817 1670 2857 uenissent
1691 2816 1732 2855 B

116 2868 168 2908 16
189 2868 315 2909 dictu
335 2867 391 2909 B'
452 2872 502 2912 17
526 2871 670 2911 omni*
688 2883 762 2911 se*
778 2871 984 2912 feritatis
1006 2871 1048 2912 B
1068 2868 1088 2926 ΙΙ
1109 2871 1370 2912 discrimine
1393 2872 1416 2913 b
1475 2875 1531 2913 24
1552 2873 1735 2925 magnis

113 2924 156 2964 B
177 2931 275 2966 ante
294 2939 383 2966 ras.
406 2923 425 2982 [Ι
446 2927 669 2979 palustris
691 2927 732 2967 B
1710 2938 1728 2955 ⁶
