1924 3152
467 112 586 159 CAP.
617 111 829 174 VILExt.
858 110 887 168 §
918 113 956 154 1.
983 114 1024 155 2.
1064 109 1170 160 vlu,
1199 108 1228 168 §
1258 111 1397 154 1-3,
1639 101 1746 154 263

126 221 280 292 gium
306 228 585 274 certamen
619 218 934 284 habuisset,
971 217 1079 270 nisi
1113 217 1327 288 patriae
1352 214 1628 270 uoluntati
1654 234 1746 268 au-

126 293 350 374 ctoritas
376 291 605 373 Pompei
632 288 919 342 adfuisset.
987 288 1161 370 filium
1187 289 1334 369 enim
1361 295 1415 340 et
1438 306 1625 370 regem
1651 305 1745 409 ap-

123 362 354 434 pellault
389 371 443 415 et
480 360 734 414 dladema
772 378 984 413 sumere
1020 367 1186 412 iuss1t
1221 367 1274 412 et
1307 377 1364 411 1n
1401 357 1577 412 curuli
1611 356 1690 411 sel
1714 376 1748 410 a

124 433 409 488 considere
434 432 630 501 coegit.

231 531 393 585 VIII.
434 529 689 584 Comicae
717 530 957 583 lenitatis
985 529 1041 581 hi
1067 537 1252 599 patres
1266 569 1280 596 7
1320 529 1566 598 tragicae
1592 546 1745 599 aspe·
1769 546 1791 579 5

123 603 301 655 ritatis
328 601 426 655 illi.

144 693 148 695 ’
235 678 335 726 DE
366 675 824 725 SEVERITATE
857 675 1159 723 PATRVM
1193 675 1277 723 IN
1310 673 1630 723 LIBEROS.

234 759 280 809 1.
320 757 383 810 L.
413 754 638 824 Brutus,
666 757 839 827 gloria
864 775 967 827 par
987 755 1237 822 Romulo,
1267 757 1396 826 quia
1419 755 1511 808 ille
1531 756 1745 822 urbem,

121 829 211 880 hic
237 828 547 882 libertatem
572 828 878 881 Romanam
913 826 1186 894 condidit,
1233 826 1376 880 filios
1415 846 1541 880 suos
1578 826 1746 879 domi-

122 899 401 952 nationem
437 899 703 970 Tarquini
740 917 770 950 a
808 917 865 951 se
902 896 1191 969 expulsam
1234 898 1560 950 reducentes
1599 916 1741 949 sum·
1767 914 1810 948 10

123 989 274 1022 mum
299 970 591 1041 imperium
618 970 872 1023 obtinens
902 968 1303 1040 conprehensos
1339 987 1550 1040 proque
1575 968 1747 1022 tribu-

122 1039 235 1093 nali
259 1041 430 1110 uirgis
459 1059 644 1093 caesos
675 1050 728 1093 et
749 1039 819 1092 ad
839 1040 1024 1111 palum
1050 1039 1308 1109 religatos
1331 1040 1511 1092 securi
1572 1039 1748 1092 ercuti

122 1111 300 1163 iussit.
366 1111 518 1163 exuit
544 1118 784 1181 patrem,
821 1120 882 1164 ut
909 1110 1187 1164 consulem
1215 1119 1431 1181 ageret,
1471 1130 1531 1164 or
1572 1128 1746 1181 usque

121 1183 311 1234 uiuere
374 1200 502 1234 uam
528 1181 783 1252 publicae
810 1182 1087 1234 uindictae
1115 1182 1303 1235 deesse
1329 1181 1541 1234 maluit.

228 1252 280 1304 2.
320 1201 501 1304 fluius
525 1252 830 1306 aemulatus
853 1252 1166 1323 exemplum
1190 1252 1413 1305 Cassius
1439 1251 1632 1319 filium,
1655 1252 1747 1323 qui
1770 1268 1813 1302 15

121 1323 375 1376 tribunus
403 1322 476 1391 pl.
503 1323 776 1392 'agrariam
796 1322 974 1393 legem
1000 1324 1208 1394 primus
1227 1323 1430 1376 tulerat
1453 1322 1748 1394 multisque

122 1391 241 1446 aliis
276 1394 439 1447 rebus
475 1393 813 1465 populariter
849 1394 1060 1447 animos
1103 1393 1384 1446 hominum
1429 1413 1617 1447 amore
1663 1393 1748 1446 sui

123 1463 410 1518 deuinctos
437 1465 688 1532 tenebat,
725 1473 1015 1536 postquam
1048 1463 1198 1517 illam
1224 1473 1555 1535 potestatem
1582 1465 1649 1517 de
1693 1484 1746 1518 o-

123 1534 281 1602 suit,
307 1535 553 1589 adhibito
598 1536 1027 1607 propinquorum
1074 1543 1127 1588 et
1171 1536 1472 1588 amicorum
1516 1555 1669 1589 conS1
1692 1537 1746 1589 io

123 1605 386 1680 adfectati
410 1607 567 1676 regni
588 1606 810 1659 crimine
832 1606 980 1660 domi
1003 1607 1287 1659 damnauit
1308 1606 1743 1678 uerberibusque
1768 1625 1811 1657 20

58 1708 64 1714 -
123 1674 402 1728 adfectum
427 1677 614 1729 necari
646 1676 807 1728 iussit
841 1696 903 1730 ac
942 1677 1219 1748 peculium
1255 1677 1370 1729 eius
1399 1676 1585 1730 Cereri
1622 1696 1745 1731 con-

124 1747 379 1799 secrauit.

229 1817 280 1869 3.
321 1817 478 1868 Titus
518 1826 699 1868 autem
726 1816 966 1869 Manlius
993 1817 1308 1888 Torquatus
1345 1826 1569 1888 propter
1596 1836 1746 1887 egre-

123 1887 215 1955 gia
249 1887 424 1940 multa
457 1906 614 1940 rarae
662 1887 973 1956 dignitatis,
1018 1889 1152 1940 iuris
1202 1906 1416 1959 quoque
1463 1887 1641 1940 ciuilis
1691 1896 1746 1941 et

123 1975 403 2010 sacrorum
452 1957 849 2029 pontificalium
908 1959 1300 2029 peritissimus,
1362 1959 1421 2011 in
1470 1958 1744 2012 consimili
1767 1969 1812 2002 25

119 2027 267 2082 facto
303 2048 370 2081 ne
406 2027 634 2081 consilio
671 2029 892 2100 quidem
934 2031 1368 2083 necessariorum
1405 2029 1652 2099 indigere
1688 2049 1746 2082 se

122 2097 374 2152 credidit.
439 2118 564 2152 nam
612 2117 735 2151 cum
769 2099 841 2151 ad
878 2109 1128 2153 senatum
1164 2101 1492 2154 Macedonia
1528 2102 1594 2154 de
1631 2099 1742 2152 filio

122 2169 236 2222 eius
263 2169 337 2222 D.
367 2169 579 2237 Silano,
609 2171 703 2241 qui
730 2189 850 2224 eam
875 2172 1217 2242 prouinciam
1247 2173 1586 2243 optinuerat,
1615 2190 1744 2243 que-

228 2315 321 2360 DE
354 2316 734 2362 PARENTVM
765 2317 1209 2364 SEVERITATE.
1286 2322 1322 2365 1.
1373 2319 1539 2365 Lucius
1576 2320 1741 2365 Brutus
1767 2323 1858 2357 Par.

122 2383 241 2430 filios
279 2399 411 2437 suos,
450 2387 570 2445 quod
606 2387 660 2432 de
694 2382 956 2447 proditione
992 2390 1276 2449 cogitabant,
1315 2392 1464 2435 securi
1499 2391 1739 2450 percussit.
1765 2395 1807 2427 30

122 2458 162 2499 2.
191 2453 370 2500 Cassius
398 2454 538 2500 filium
568 2471 699 2502 suum
723 2457 797 2518 Sp.
820 2457 1037 2509 Cassium,
1067 2460 1189 2519 quod
1217 2460 1253 2505 is
1281 2460 1493 2505 tribunus
1520 2459 1583 2521 pl.
1612 2475 1742 2520 agra-

121 2526 232 2570 riam
261 2525 407 2584 legem
436 2525 603 2572 tulerat
639 2533 683 2571 et
719 2528 817 2573 aliis
845 2529 1000 2573 multis
1026 2529 1260 2575 beneficiis
1297 2531 1559 2576 deuinctum
1596 2545 1742 2590 popu·
1796 2559 1801 2564 -

120 2595 214 2641 lum
244 2603 479 2646 tenuerat,
517 2603 760 2656 postquam
799 2598 921 2643 illam
947 2606 1221 2658 potestatem
1250 2600 1488 2660 deposuit,
1526 2600 1742 2646 adfectati

120 2668 249 2726 regni
286 2667 473 2712 crimine
510 2666 754 2712 damnauit.
817 2670 859 2714 3.
896 2669 944 2713 T.
972 2668 1161 2714 Manlius
1198 2670 1456 2730 Torquatus
1491 2672 1593 2717 Dec.
1630 2670 1742 2717 Sila-

233 2805 259 2844 5
280 2804 460 2844 traicae
483 2804 526 2844 B
607 2806 658 2844 12
682 2804 911 2858 deligatos
934 2805 958 2846 b
1031 2808 1085 2847 23
1109 2807 1326 2848 manilius
1347 2807 1390 2847 B
1413 2815 1510 2849 ante
1533 2822 1620 2849 ras.
1683 2809 1737 2848 28

119 2857 294 2900 decimo
318 2860 468 2901 silano
491 2858 597 2912 (sal.
621 2854 694 2911 B')
718 2861 759 2901 B

236 2918 287 2956 31
311 2917 480 2958 Ensius
509 2917 551 2957 V
