1936 3120
263 153 370 207 464
934 159 1034 205 Lm.
1074 158 1198 204 vnn.
1253 155 1255 157 ’
1309 126 1314 129 ’
1606 120 1819 195 ῙΨΜ

264 268 412 319 mina
438 266 509 318 ad
537 265 775 336 domum,
802 265 859 316 in
884 283 992 336 qua
1010 265 1287 320 interfecti
1305 266 1459 337 pueri
1477 283 1672 338 corpus
1694 267 1871 322 occul—

267 339 373 391 tari
398 335 792 403 arbitrabatur,
820 336 1079 406 perrexit.

370 406 421 459 2.
461 407 717 459 Iasonem
737 405 1079 474 Thessalum,
1106 406 1395 460 Persarum
1421 407 1540 477 regi
1563 406 1767 462 bellum
1791 408 1870 461 in-

265 478 410 530 ferre
435 485 750 548 parantem,
779 495 851 529 an
877 477 1010 530 satis
1037 477 1185 531 iusta
1209 476 1342 531 ultio
1370 477 1735 549 absumpserit
1761 496 1871 531 am-

222 565 243 599 5
265 548 465 618 biguae
501 546 894 600 aestimationis
932 556 1031 611 est.
1107 548 1361 619 Taxippo
1411 549 1554 601 enim
1596 550 1870 620 gymnasi-

266 618 458 685 arch0‚
504 637 537 670 a
573 617 903 689 quibusdam
944 618 1233 672 iuuenibus
1270 618 1549 689 pulsatum
1576 638 1633 672 se
1659 627 1869 690 questO,

306 690 516 743 ermisit
541 699 602 742 ut
629 697 725 742 aut
751 690 988 742 tricenas
1017 689 1086 742 ab
1112 689 1178 742 iis
1208 689 1493 742 drachmas
1515 691 1758 759 exigeret
1772 698 1872 743 ‘aut

265 709 435 812 genas
464 759 654 830 plagas
683 759 911 829 singulis
939 760 1241 829 inponeret.
1295 779 1400 831 quo
1426 760 1728 831 posteriore
1754 760 1870 812 uin-

267 830 416 884 dicta
451 849 580 897 uso,
619 830 713 900 qui
745 829 1141 910 uapulauerant
1176 830 1427 883 Iasonem
1463 830 1870 898 interfecerunt,

202 921 243 952 10
266 901 461 968 animi,
488 918 598 953 non
621 919 862 972 corporis
891 900 1075 954 dolore
1101 919 1308 971 poenae
1334 898 1559 954 modum
1583 901 1871 954 aestiman-

266 981 365 1026 tes.
417 980 658 1026 ceterum
683 989 852 1043 paruo
880 972 1227 1025 inritamento
1262 972 1487 1042 ingenui
1510 971 1736 1043 pudoris
1764 989 1871 1024 ma·

263 1044 445 1096 ximae
479 1043 559 1095 rei
594 1043 901 1113 expectatio
930 1042 1160 1096 subruta
1185 1050 1292 1110 est,
1338 1043 1594 1114 quoniam
1619 1042 1872 1113 opinione

267 1114 534 1167 Graeciae
569 1122 785 1167 tantum
807 1114 878 1165 in
916 1132 1010 1184 spe
1037 1113 1250 1167 Iasonis
1287 1121 1551 1184 quantum
1583 1114 1642 1166 in
1676 1112 1873 1166 effectu

266 1183 574 1237 Alexandri
600 1184 901 1258 reponitur.

203 1342 244 1375 15
268 1326 372 1379 XI.
413 1329 622 1379 DICTA
659 1328 970 1378 INPBOBA
999 1328 1155 1378 AVT
1187 1328 1412 1378 FACTA
1447 1327 1867 1378 SCELERATA.

374 1425 561 1491 Nunc,
607 1433 873 1495 quatenus
916 1425 1065 1475 uitae
1099 1422 1367 1476 humanae
1413 1442 1535 1476 cum
1567 1423 1713 1477 bona
1757 1431 1872 1476 tum

267 1497 432 1549 etiam
457 1495 600 1547 mala
628 1495 939 1547 substitutis
976 1492 1352 1564 exemplorum
1386 1493 1719 1563 imaginibus
1753 1511 1870 1564 per-

275 1566 569 1638 sequimur,
599 1565 745 1618 dicta
770 1564 1004 1635 inproba
1024 1572 1077 1616 et
1096 1564 1245 1617 facta
1266 1564 1529 1617 scelerata
1548 1564 1872 1617 referantur.

380 1639 427 1689 1.
466 1635 623 1689 Vnde
649 1644 830 1688 autem
849 1636 1032 1706 potius
1059 1653 1221 1705 quam
1240 1653 1272 1686 a
1291 1633 1474 1687 Tullia
1499 1634 1720 1688 ordiar?
1748 1635 1875 1705 quia

205 1727 247 1760 20
270 1716 515 1779 tempore
551 1707 1012 1773 uetustissimum,
1051 1705 1381 1758 conscientia
1406 1704 1703 1772 nefarium,
1739 1722 1873 1758 uoce

269 1779 501 1832 monstri
526 1777 701 1830 simile
726 1776 1039 1847 exemplum
1065 1784 1164 1828 est.
1222 1794 1345 1828 cum
1370 1783 1628 1847 carpento
1653 1775 1873 1828 uehere·

273 1858 364 1903 tur
390 1857 443 1902 et
467 1851 513 1902 is
520 1889 534 1916 7
563 1850 655 1920 qui
681 1849 922 1900 iumenta
948 1847 1164 1917 agebat,
1194 1848 1462 1899 succussis
1489 1845 1657 1900 frenis
1678 1845 1873 1900 consti-

155 2011 247 2046 Par.
274 1999 411 2057 guine
451 1997 675 2057 repletum
718 1996 894 2040 demitti
933 1995 1079 2040 iussit.
1152 1998 1191 2039 2.
1248 1994 1346 2040 Iaso
1388 1993 1630 2039 Thessalus
1675 1993 1873 2053 Taxippo

274 2067 644 2129 gymnasiarcho,
693 2081 716 2112 a
754 2066 1020 2126 quibusdam
1066 2063 1307 2110 iuuenibus
1344 2064 1575 2125 pulsatum
1611 2077 1658 2110 se
1695 2070 1873 2124 questo,

208 2141 250 2174 25
272 2138 480 2199 permisit
514 2145 565 2183 ut
603 2144 681 2182 aut
718 2137 909 2182 tricenas
947 2135 1180 2181 drachmas
1217 2136 1418 2194 exigeret
1455 2140 1533 2180 aut
1557 2133 1693 2180 denas
1718 2133 1874 2194 plagas

273 2207 466 2268 singulis
493 2208 637 2253 daret.
688 2222 778 2267 quo
806 2207 1063 2266 posteriore
1090 2204 1288 2250 uindicta
1315 2218 1413 2254 uso,
1444 2205 1521 2264 qui
1545 2203 1875 2265 uapulauerant

273 2279 431 2326 dolore
458 2279 672 2325 commoti
698 2277 900 2323 Iasonem
929 2275 1203 2322 occiderunt.

377 2349 583 2395 DICTA
642 2347 946 2394 IMPROBA
1006 2345 1146 2391 AVT
1210 2344 1420 2391 FACTA
1481 2343 1876 2390 SCELERATA.

274 2424 313 2466 1.
354 2419 499 2467 Tullia
534 2433 636 2466 cum
673 2425 888 2479 carpento
928 2417 1174 2464 ueheretur
1200 2424 1245 2462 et
1271 2418 1334 2468 is,
1374 2417 1451 2477 qui
1476 2415 1674 2462 iumenta
1700 2415 1874 2475 agebat.

386 2574 414 2612 4
435 2571 746 2624 adsumpserit
765 2563 820 2611 B'
879 2571 905 2612 5
926 2570 1116 2622 taxippo
1137 2570 1200 2608 P:
1230 2568 1394 2610 taxillo
1415 2568 1458 2610 B
1517 2571 1543 2610 6
1563 2567 1747 2621 pulsato
1768 2566 1792 2607 b
1853 2567 1877 2606 7

277 2630 488 2683 dragmes
508 2628 564 2679 B,
590 2629 803 2681 dragmas
827 2627 850 2667 b
917 2626 942 2666 8
964 2626 1011 2665 in
1032 2637 1121 2677 quo
1144 2625 1185 2665 B
1223 2622 1243 2680 [l
1281 2624 1518 2666 uindictae
1540 2624 1564 2665 b
1623 2626 1649 2666 9
1669 2636 1754 2664 usu
1775 2623 1877 2675 qui*

275 2687 319 2728 B
399 2687 450 2726 10
471 2697 621 2738 poena
642 2680 700 2725 B'
779 2686 830 2725 13
860 2682 1055 2724 effectu*
1075 2682 1131 2732 B,
1157 2681 1328 2723 effectu
1354 2681 1453 2722 Vat.
1534 2682 1587 2722 15
1614 2678 1803 2721 DICTA
1822 2698 1877 2706 -

275 2743 397 2783 AVT
419 2742 462 2782 B
482 2744 526 2783 in
545 2755 633 2782 ras.
656 2755 707 2781 m.
731 2743 758 2781 3
838 2741 893 2780 20
935 2739 1224 2780 conscientia
1246 2738 1474 2780 nefarium
1501 2737 1544 2778 B
1564 2739 1608 2778 in
1627 2749 1737 2784 raa,
1770 2747 1877 2775 con-

280 2799 477 2840 scientia
506 2799 628 2839 codd.
653 2809 792 2838 omnes
812 2801 856 2836 ut
876 2797 1063 2843 uidetur,
1095 2798 1210 2836 cuius
1237 2797 1328 2836 loco
1351 2800 1630 2847 exspectares
1649 2792 1875 2845 inpietate

279 2857 333 2897 22
359 2851 427 2909 [et
446 2854 485 2895 is
509 2877 561 2883 —
585 2849 777 2907 agebat]
802 2854 1032 2894 succussis
1056 2848 1221 2908 [frenis
1242 2873 1297 2879 —
1319 2847 1555 2904 comperit]
1577 2848 1620 2890 B
1637 2844 1659 2903 ΙΙ
1686 2847 1876 2890 subcus-

280 2911 343 2953 sis
370 2911 469 2954 Vat.

392 2970 447 3009 23
470 2966 640 3007 dimitti
668 2966 713 3006 V
765 2967 820 3007 25
841 2964 1054 3019 dragmas
1083 2965 1128 3005 V
1181 2964 1235 3006 26
1255 2963 1532 3017 posteriores
1558 2960 1601 3002 V
