1936 3120
524 699 973 768 IANVARII
1027 650 1549 767 NEPOTIANI

294 838 640 892 EPITOMA
677 835 1072 890 LIBRORVM
1114 837 1429 891 VALERII
1467 837 1776 892 MAXIMI.

0 1003 14 1055 ξ
344 999 574 1044 Ianuarius
595 1000 871 1058 Nepotianus
895 998 1064 1043 Victori
1085 1011 1168 1042 suo
1191 998 1394 1044 salutem.
1432 999 1682 1059 Impensius
1704 1013 1837 1060 quam

238 1071 379 1116 ceteri
406 1070 718 1116 adolescentes
743 1069 908 1114 litteris
936 1067 1108 1126 studes,
1137 1082 1227 1128 quo
1257 1075 1428 1114 tantum
1454 1068 1650 1129 proficis,
1678 1076 1727 1115 ut
1748 1071 1837 1115 exi-

0 1128 13 1221 }
240 1154 319 1200 gas
342 1141 509 1200 scripta
536 1147 743 1186 ueterum
777 1140 991 1190 coerceri,
1019 1140 1079 1183 mi
1110 1139 1283 1184 Victor:
1325 1139 1446 1200 quod
1466 1140 1680 1186 iudicium
1702 1141 1834 1186 etiam
1857 1151 1880 1184 5

0 1234 13 1262 t
242 1212 288 1256 in
325 1211 510 1256 senibus
546 1224 698 1256 rarum
734 1217 825 1260 est,
863 1211 966 1270 quia
1003 1214 1126 1254 recte
1161 1209 1337 1255 dicendi
1374 1211 1561 1257 scientia
1597 1212 1643 1255 in
1668 1212 1836 1271 paucis.

246 1282 387 1341 igitur
414 1281 467 1327 de
491 1281 666 1327 Valerio
689 1280 876 1325 Maximo
904 1294 1079 1324 mecum
1111 1281 1252 1325 sentis
1280 1294 1416 1340 opera
1443 1282 1541 1326 eius
1567 1281 1695 1326 utilia
1723 1295 1837 1331 esse,

0 1329 19 1424 ξ
240 1354 279 1396 si
306 1353 398 1397 sint
422 1351 604 1397 breuia:
633 1352 767 1411 digna
790 1352 906 1396 enim
928 1351 1190 1410 cognitione
1211 1352 1456 1409 componit,
1485 1351 1563 1395 sed
1582 1351 1838 1411 colligenda

237 1422 462 1482 producit,
505 1423 609 1467 dum
647 1435 694 1466 se
723 1427 922 1466 ostentat
949 1421 1201 1470 sententiis,
1239 1420 1351 1466 locis
1392 1421 1542 1472 iactat,
1579 1420 1726 1466 fundit
1763 1435 1837 1467 ex-

21 1542 24 1548 ,
207 1484 472 1554 'ces5ibus‚
509 1499 554 1538 et
590 1506 644 1537 eo
681 1491 875 1536 sortasse
912 1491 970 1535 sit
1003 1489 1294 1549 paucioribus
1330 1497 1488 1541 notus,
1528 1491 1649 1551 quod
1682 1491 1836 1550 legen·
1858 1503 1903 1535 10

0 1493 24 1634 g
235 1564 351 1607 tium
388 1562 594 1608 auiditati
630 1575 754 1607 mora
791 1563 887 1621 ipsa
916 1560 1096 1606 fastidio
1125 1567 1208 1605 est.
1259 1560 1454 1606 recidam
1480 1563 1647 1620 itaque,
1674 1567 1726 1606 ut
1750 1563 1836 1612 uis,

0 1627 25 1686 ff}
238 1634 335 1678 eius
371 1632 671 1678 redundantia
708 1638 753 1677 et
786 1632 1002 1691 pleraque
1041 1631 1360 1691 transgrediar,
1396 1631 1611 1677 nonnulla
1637 1637 1837 1692 praeter·

236 1703 375 1749 missa
403 1710 651 1759 conectam.
706 1702 784 1748 sed
811 1702 899 1747 hoc
922 1697 1070 1746 meum
1107 1714 1193 1746 nec
1228 1715 1418 1747 neruum
1446 1702 1734 1762 antiquorum
1759 1702 1836 1747 ha-

234 1773 362 1819 bebit
395 1788 479 1819 nec
514 1773 665 1819 fucum
703 1786 945 1818 nouorum.
997 1779 1041 1817 et
1076 1786 1177 1817 cum
1213 1773 1390 1832 integra
1435 1771 1528 1817 sere
1571 1774 1617 1818 in
1656 1772 1834 1819 occulto

0 1865 23 1907 ρ
241 1846 347 1895 sint,
374 1851 557 1904 praeter
580 1858 665 1889 nos
693 1844 781 1888 duo
808 1842 1016 1902 profecto
1044 1856 1176 1887 nemo
1199 1844 1444 1902 epitomata
1462 1849 1721 1903 cognoscat.
1748 1843 1835 1888 hoc
1857 1852 1901 1885 15

239 1916 382 1960 tutius
421 1915 584 1960 abutor
623 1916 717 1960 otio
754 1914 927 1973 tibique
962 1927 1113 1973 pareo.
1159 1914 1270 1963 heu,
1317 1927 1503 1964 censor,
1547 1912 1584 1971 †
1609 1915 1833 1974 piueteres

0 1909 18 2068 ξ
238 1999 348 2031 caue
385 1985 458 2030 hic
496 1985 618 2030 aliud
646 1998 778 2045 quam
803 1984 1074 2029 breuitatem
1100 1985 1319 2043 requiras,
1358 1987 1491 2044 quam
1518 1983 1659 2030 solam
1692 1997 1835 2044 popo-

238 2057 383 2102 scisti.
438 2070 558 2106 cura,
587 2057 647 2099 mi
676 2056 842 2103 Victor,
871 2060 922 2099 ut
946 2054 1113 2099 ualeas.

9 2183 219 2250 ?j;{va1.n.1.
745 2188 788 2240 I.
837 2187 933 2239 De
982 2185 1332 2255 religione.

59 2328 65 2336 .
133 2303 170 2351 1,
195 2304 217 2343 1
347 2295 386 2339 1.
423 2293 607 2339 Romani
647 2306 790 2352 aeque
833 2292 965 2336 armis
1012 2305 1063 2336 ac
1105 2292 1243 2336 sacris
1290 2290 1522 2336 studentes
1560 2305 1612 2336 ex
1648 2298 1830 2336 senatus
1857 2302 1902 2334 20

0 2367 23 2415 't‘
236 2363 447 2410 consulto
486 2363 639 2409 decem
676 2364 944 2423 optimatum
987 2362 1156 2407 liberos
1201 2361 1255 2406 ad
1288 2361 1538 2407 noscendas
1576 2361 1832 2422 aruspicum

0 2413 17 2499 ξ
237 2434 498 2495 disciplinas
521 2435 567 2479 in
593 2434 819 2479 Etruriam
845 2434 1091 2478 miserunt:
1131 2433 1209 2492 qui
1235 2438 1286 2477 ut
1312 2438 1484 2478 ceteras
1513 2445 1697 2493 quoque
1736 2445 1835 2478 cae·

0 2501 34 2558 l
237 2506 451 2551 rimonias
479 2504 750 2550 Graecorum
778 2503 1013 2549 Callifanas
1040 2504 1287 2562 petierunt.
1847 2520 1851 2524 ’

0 2559 17 2801 ἱ
129 2585 169 2638 1,
192 2585 216 2624 2
344 2579 384 2622 2.
422 2575 630 2621 Metellus
667 2574 871 2636 pontifex
915 2587 1026 2618 max.
1067 2574 1347 2618 Postumium
1387 2587 1510 2619 cons.
1556 2573 1602 2617 in
1637 2571 1835 2618 Africam

0 2802 16 3120 ἒ

346 2713 374 2752 4
395 2715 551 2753 tantus
576 2712 609 2752 Ο
665 2712 690 2751 5
711 2711 878 2751 uictori
901 2710 935 2751 C
976 2710 1001 2750 8
1025 2713 1268 2762 componat
1288 2731 1341 2738 —-
1361 2709 1582 2763 producat
1605 2709 1639 2749 0
1684 2710 1710 2749 9
1730 2707 1831 2749 fun-

235 2769 316 2809 dat
349 2769 382 2809 O
457 2770 507 2808 11
548 2767 727 2809 recidas
761 2767 793 2808 C
851 2769 902 2807 13
943 2778 1028 2806 nec
1057 2779 1247 2806 neruum
1267 2779 1366 2806 nos:
1396 2763 1541 2806 nerufi
1569 2766 1612 2817 0,
1633 2776 1718 2805 nec
1738 2762 1831 2803 uim

234 2825 333 2866 Mai
369 2821 389 2879 Η
426 2825 631 2865 habebat
656 2824 689 2864 C
763 2824 815 2863 16
838 2823 932 2863 orio
956 2823 1085 2874 tibiq.
1109 2835 1248 2875 parco
1273 2822 1305 2863 0
1383 2824 1434 2863 16
1453 2823 1682 2874 piueteres
1707 2819 1751 2870 G,
1774 2818 1830 2859 de

238 2885 393 2922 cetero
416 2881 523 2927 Mai,
542 2881 648 2932 fort.
672 2880 761 2933 pie,
787 2883 988 2920 ceterum
1067 2881 1118 2920 17
1161 2890 1275 2930 quas
1297 2877 1418 2919 solas
1452 2878 1486 2918 0
1558 2879 1611 2918 22
1631 2875 1680 2916 in
1699 2888 1774 2916 om.
1800 2875 1837 2916 G

237 2939 291 2980 23
315 2936 562 2978 callifanas
583 2937 637 2986 0,
661 2938 732 2990 qui
751 2937 1040 2988 epitomatoris
1060 2937 1191 2988 ipsius
1212 2948 1337 2976 error
1357 2935 1524 2975 uidetur
