1936 3120
779 88 811 140 l,
839 90 893 133 10
909 114 969 122 —
984 91 1054 134 24.
1623 81 1744 134 491‘

122 207 251 252 fuere
283 217 362 265 qul
396 203 652 258 crederent,
699 216 754 248 eo
797 201 920 263 quod
954 215 1147 263 puerum
1182 202 1567 263 speciosissimum
1601 200 1725 246 Iouis
1744 209 1897 240 ναι-ΜΛ.

126 283 278 322 tensae
304 275 624 336 imposuisset:
663 273 720 320 ob
755 273 802 318 id
838 273 1005 319 laesam
1044 274 1246 319 saeuisse
1271 272 1503 318 Iunonem.
1553 272 1632 317 uix
1656 270 1732 317 de-

122 348 260 408 nique
285 352 393 406 post
418 345 595 405 aliquot
616 358 759 390 annos
786 343 1018 390 sacrificiis
1048 344 1179 404 culpa
1206 345 1381 404 expiata
1411 349 1494 389 est.

232 418 299 460 18.
338 415 555 462 Hercules
581 415 734 461 Italiae
762 415 931 476 hospes
952 429 1078 461 sacra
1101 415 1246 460 fertur
1264 415 1445 460 Potitiis
1472 412 1726 465 tradidisse,
1750 421 1788 471 1,
1814 419 1867 460 17

82 498 238 549 5quae
272 500 356 548 per
391 485 583 532 familias
620 492 801 532 seruata
838 492 958 532 sunt.
1030 486 1109 532 sed
1155 492 1318 546 postea
1357 485 1532 546 Appius
1568 498 1732 531 censor

123 559 268 604 seruis
304 556 498 618 puhlicis
536 570 587 603 ea
623 557 832 608 tradidit,
879 557 937 602 ob
977 557 1099 618 quod
1126 557 1352 618 piaculum
1380 557 1534 602 Potitii
1572 568 1729 602 omnes

122 629 319 691 puberes
360 629 454 674 fere
490 627 600 673 XXX
647 628 806 674 eodem
853 628 1107 674 occubuere
1154 642 1287 674 anno.
1341 628 1504 673 dehinc
1540 628 1728 687 Appius,

123 699 325 747 eiusdem
353 701 426 744 uir
452 700 649 759 generis,
678 707 943 745 excaecatus
972 706 1056 745 est.

229 771 299 816 19.
339 770 610 829 Carthagine
645 785 668 815 a
703 770 915 815 Romanis
952 777 1081 830 capta
1129 770 1352 830 spoliatus
1388 768 1553 830 Apollo
1598 774 1729 814 ueste
1753 775 1792 826 1,
1817 774 1869 816 18

61 853 102 885 ιο
125 855 276 887 aurea.
328 844 542 887 inuentae
578 847 685 886 sunt
725 855 826 886 cum
863 840 1021 886 frustis
1061 843 1238 886 tunicae
1274 855 1431 886 manus
1469 853 1628 886 eorum
1656 840 1733 899 qui
1930 835 1934 838 ’

124 912 423 958 abstulerant.
1871 966 1874 968 -

230 986 302 1028 20.
339 983 512 1028 Lucum
537 981 795 1043 Aesculapii
822 982 1020 1028 Turulus
1048 984 1215 1028 Antoni
1242 982 1501 1043 praefectus
1527 983 1574 1026 in
1599 994 1732 1027 usum
1756 982 1792 1031 1,
1819 979 1870 1020 19

125 1055 309 1099 nauium
336 1054 552 1100 succidit:
579 1059 740 1114 postea
760 1054 915 1099 uictus
942 1068 966 1098 a
986 1053 1175 1099 Caesare
1201 1055 1246 1099 in
1276 1053 1434 1099 eodem
1460 1053 1565 1098 luco
1586 1053 1732 1098 Turu-

125 1125 195 1170 lus
222 1126 522 1184 interemptus
550 1131 633 1170 est.

62 1206 103 1239 15
233 1198 301 1241 21.
340 1195 529 1241 Fuluius
555 1194 740 1240 Flaccus
769 1209 930 1240 censor
956 1202 1151 1247 creatus,
1194 1209 1294 1241 cum
1322 1195 1478 1241 aedem
1503 1194 1731 1240 Fortunae
1755 1202 1793 1253 1,
1817 1202 1872 1243 20

129 1267 356 1326 equestris
401 1266 567 1312 Romae
613 1265 804 1316 faceret,
858 1266 1038 1326 tegulas
1090 1281 1143 1312 ex
1192 1280 1418 1311 marmore
1463 1265 1516 1311 de
1563 1264 1734 1325 templo

125 1336 327 1383 Iunonis
351 1338 559 1382 Laciniae
594 1336 855 1387 transtulit,
897 1351 1092 1396 moxque
1128 1344 1280 1382 mente
1320 1338 1464 1382 caruit
1500 1335 1735 1396 filiumque

125 1408 398 1453 militantem
434 1409 479 1452 in
517 1407 696 1468 Illyrico
737 1408 902 1452 amisit.
957 1414 1051 1453 tum
1085 1407 1249 1453 referri
1294 1415 1480 1453 senatus
1516 1413 1735 1466 usurpata

127 1478 277 1523 iussit.

62 1559 104 1591 20
233 1552 300 1593 22.
339 1547 600 1598 Pleminius,
637 1548 861 1608 Scipionis
897 1548 1090 1609 legatus,
1130 1550 1428 1609 Proserpinae
1466 1548 1732 1593 thesaurum
1756 1557 1793 1606 1,
1818 1557 1870 1596 21

126 1619 362 1664 uacuauit:
392 1632 526 1678 quem
554 1625 738 1664 senatus
766 1625 1023 1664 catenatum
1044 1620 1230 1665 Romam
1257 1620 1435 1670 direxit,
1462 1618 1540 1664 ubi
1567 1619 1612 1663 in
1641 1632 1735 1663 car-

125 1703 229 1735 cere
266 1695 413 1735 taetro
451 1689 673 1748 languore
707 1691 857 1749 periit.
912 1696 1094 1736 senatus
1119 1686 1242 1736 'uero
1280 1690 1460 1750 duplam
1498 1690 1735 1749 pecuniam

126 1759 396 1806 reddendam
424 1761 615 1805 censuit.
1610 1804 1612 1807 .

233 1833 300 1876 23.
340 1831 550 1876 Eiusdem
577 1831 685 1876 deae
714 1845 824 1892 opes
851 1846 927 1877 rex
948 1831 1146 1892 Pyrrhus
1172 1832 1330 1877 Locris
1357 1830 1603 1892 populatus
1641 1836 1734 1876 est:
1761 1838 1904 1890 1,E.1

70 1914 111 1946 ‘25
135 1915 329 1962 cumque
356 1902 607 1961 nauigaret,
637 1902 799 1947 subitis
821 1902 1169 1963 tempestatibus
1191 1916 1291 1947 cum
1314 1903 1458 1948 classe
1480 1901 1627 1947 illisus
1649 1907 1734 1951 est,

131 1978 259 2033 rapta
286 1978 435 2018 autem
461 1974 507 2017 in
532 1972 668 2018 litore
695 1974 879 2018 inuenta
907 1988 958 2019 ac
984 1973 1158 2018 reddita
1185 1980 1306 2019 sunt.

232 2046 301 2089 24.
339 2043 405 2088 Ad
430 2043 710 2089 Masinissam
736 2059 891 2104 regem
928 2046 1161 2090 inmensae
1195 2043 1521 2104 magnitudinis
1549 2042 1734 2088 elefanti
1763 2051 1906 2103 1‚E.2

128 2113 286 2160 dentes
325 2114 584 2174 praefectus
630 2114 786 2160 classis
831 2115 1017 2160 detulit:
1061 2129 1178 2175 quos
1223 2129 1324 2160 cum
1370 2115 1665 2175 cognouisset
1710 2128 1733 2159 e

128 2184 297 2244 templo
323 2185 507 2230 Iunonis
533 2185 780 2231 Melitensis
808 2186 982 2231 ablatos
1019 2188 1194 2231 remisit
1230 2186 1555 2246 inscripsitque
1588 2186 1735 2246 genti-

64 2268 106 2298 30
129 2254 249 2300 libus
262 2254 452 2300 litteris:
475 2257 705 2315 accepisse
725 2271 881 2316 regem
902 2258 1204 2317 ignorantem,
1218 2257 1467 2317 supplicem
1488 2257 1734 2302 remisisse.

243 2392 264 2430 1
288 2390 496 2431 crederet
520 2391 552 2431 C
603 2394 633 2431 »2
659 2392 703 2431 id
725 2394 826 2432 add.
851 2393 946 2433 Mai
964 2390 982 2446 Η
1002 2390 1242 2447 Iunonem]
1270 2394 1317 2433 in
1338 2406 1503 2434 nonem
1529 2393 1563 2434 G
1607 2394 1635 2433 4
1658 2393 1737 2434 ho-

67 2455 69 2457 “
127 2445 247 2500 spite
271 2447 315 2493 Ο,
338 2461 410 2487 em.
433 2447 529 2487 Mai
566 2445 584 2501 [l
623 2447 824 2502 Potitiis]
851 2451 1005 2502 pontis
1030 2450 1073 2498 C,
1097 2454 1192 2491 item
1212 2456 1363 2501 postea
1383 2450 1512 2503 ponti
1590 2452 1615 2490 5
1656 2462 1740 2502 per

130 2503 355 2543 familiam
379 2504 530 2550 Christ,
554 2505 610 2554 ef.
635 2511 770 2545 tamen
792 2506 888 2547 Liu.
914 2508 950 2552 9,
975 2508 1046 2553 29,
1071 2509 1123 2546 10
1203 2509 1252 2546 11
1287 2507 1565 2547 abstulerint
1588 2506 1642 2552 G,·
1672 2520 1738 2546 se-

129 2562 270 2614 quitur
290 2563 525 2612 exemplum
548 2562 599 2600 de
622 2561 811 2610 Brenno,
836 2564 950 2615 quod
968 2564 1216 2603 inseruimus
1231 2577 1278 2615 p.
1303 2565 1358 2602 14
1418 2565 1469 2603 12
1492 2563 1683 2603 anatoni
1707 2563 1741 2603 C

129 2618 182 2657 15
205 2619 386 2657 creatus
410 2630 512 2658 nos:
544 2621 730 2658 senatus
754 2619 797 2665 C,
821 2632 895 2659 om.
920 2619 1017 2659 Mai
1076 2620 1126 2659 16
1148 2633 1203 2659 ex
1225 2632 1322 2660 nos:
1356 2622 1403 2660 et
1426 2620 1459 2660 G
1531 2621 1582 2660 17
1603 2619 1737 2660 Iuno-

126 2673 199 2713 nis
220 2675 321 2715 add.
342 2673 437 2713 Mai
494 2675 548 2714 20
568 2673 816 2715 piem-arus
842 2676 876 2716 G
949 2678 1004 2716 24
1023 2676 1135 2716 Eius
1158 2675 1241 2716 dee
1264 2689 1373 2729 opes
1398 2676 1432 2717 G
1497 2678 1550 2718 27
1572 2689 1682 2730 rege
1707 2676 1741 2717 G

127 2730 182 2770 29
203 2729 451 2770 militensis
473 2729 651 2771 oblatos
677 2731 711 2771 C
