1924 3152
0 2882 9 2932 *z

0 2935 43 3152 l

528 12 542 22 s
582 6 606 19 ·‘.‘
631 3 650 17 a>
678 0 1143 21 ‘WWQQQQ
1164 0 1297 20 xvv-’‘w’'
1321 0 1429 15 ’³⁴·*“‘'
1600 12 1602 14 v
1642 0 1650 4 ⁷

582 28 589 40 ,
610 15 763 47 -—-.,»2:„<g·
783 18 883 38 :mcv
921 39 926 42 ,
984 18 1041 43 ,“·
1071 23 1103 30 ψ»
1164 31 1188 35 Ν
1230 19 1271 38 ›J-
1373 19 1410 24 '⁴

691 139 807 196 ow.
824 134 886 190 u,
913 139 942 198 g
967 143 1008 185 5.
1036 141 1077 184 6.
1113 137 1208 184 En.
1241 141 1276 183 ι.
1693 133 1801 185 329

173 247 467 300 intercedit
493 247 699 313 odium,
729 245 868 299 alter
894 246 1053 299 alteri
1077 265 1240 317 quam
1262 255 1489 316 uterque
1505 246 1796 299 contrariis

174 318 371 370 castris
408 317 608 371 certior
641 317 816 371 hostis
854 317 1235 388 proficiscitur.
1300 317 1520 370 eosdem
1559 325 1794 383 senatus7
1854 354 1858 358 ,

175 407 301 440 cum
328 389 398 442 ob
424 389 587 440 nimis
626 406 819 459 aspere
858 397 1037 441 actam
1075 406 1359 440 censuram
1397 407 1428 439 a
1456 387 1553 440 Cn.
1586 387 1794 447 Baebio

174 459 394 512 tribuno
420 459 495 530 pl.
521 477 620 529 pro
648 459 839 511 rostris
869 466 1163 528 agerentur
1183 460 1291 525 rei,
1330 477 1530 511 causae
1558 459 1795 511 dictione

177 530 395 583 decreto
442 549 542 583 suo
587 530 870 595 liberauit,
915 548 1152 581 uacuum
1197 530 1372 582 omnis
1415 530 1604 581 iudicii
1647 537 1796 582 metu
1818 543 1846 576 5

174 619 298 653 eum
324 599 584 653 honorem
610 599 893 654 reddendo
914 641 927 667 ,
957 603 1049 671 qui
1079 601 1297 670 exigere
1325 600 1487 654 debet
1513 600 1797 666 rationem,

175 690 280 725 non
310 670 562 724 reddere.

281 742 390 793 Par
415 740 510 793 illa
537 743 809 812 sapientia
849 751 1090 795 senatus.
1168 742 1252 795 Ti.
1284 742 1593 795 Gracchum
1629 742 1799 794 tribu-

175 831 304 863 num
340 811 412 882 pl.
453 814 724 882 agrariam
772 812 950 882 legem
996 812 1345 883 promulgare
1392 832 1587 864 ausum
1628 820 1798 865 morte

174 881 457 934 multauit:
509 883 657 935 idem
692 892 754 935 ut
795 884 1097 936 secundum
1131 883 1308 952 legem
1344 884 1458 935 eius
1486 902 1584 954 per
1609 884 1798 935 trium·
1822 899 1871 930 10

174 953 324 1004 uiros
351 971 483 1022 ager
507 954 708 1024 populo
736 955 943 1006 uiritim
965 953 1303 1006 diuideretur
1326 955 1545 1024 egregie
1566 955 1797 1020 censuit,

178 1023 225 1075 si
263 1024 483 1094 quidem
518 1024 880 1093 grauissimae
916 1025 1195 1077 seditionis
1234 1026 1427 1078 eodem
1462 1034 1706 1096 tempore
1746 1023 1800 1077 et

178 1103 453 1146 auctorem
480 1104 535 1146 et
562 1113 785 1147 causam
813 1095 1052 1147 sustulit.

285 1164 465 1230 Quam
494 1165 689 1217 deinde
719 1184 776 1218 se
802 1166 1102 1235 prudenter
1127 1166 1184 1216 in
1210 1184 1336 1234 rege
1361 1166 1657 1218 Masinissa
1682 1184 1799 1235 ges-

177 1236 274 1288 sit!
315 1245 440 1286 nam
468 1254 587 1288 cum
614 1237 1025 1306 promptissima
1052 1244 1105 1288 et
1132 1236 1454 1288 fidelissima
1489 1238 1603 1289 eius
1633 1255 1800 1307 opera
1826 1250 1870 1282 15

178 1305 443 1358 aduersus
471 1307 963 1375 Karthaginienses
990 1326 1122 1359 usus
1151 1316 1296 1360 esset
1328 1326 1558 1378 eumque
1582 1309 1639 1358 in
1666 1307 1799 1360 dila-

176 1376 344 1430 tando
381 1395 550 1446 regno
588 1377 891 1430 auidiorem
928 1387 1199 1439 cerneret,
1236 1378 1414 1446 legem
1449 1379 1582 1430 ferri
1618 1380 1798 1446 iussit,

178 1465 287 1529 qua
320 1447 650 1500 Masinissae
689 1450 758 1501 ab
796 1449 1024 1518 imperio
1070 1449 1259 1519 populi
1295 1449 1531 1502 Romani
1568 1449 1801 1502 solutam

176 1517 487 1570 libertatem
524 1519 805 1572 tribueret.
882 1538 985 1590 quo
1023 1519 1169 1573 facto
1212 1538 1335 1572 cum
1381 1520 1584 1590 optime
1620 1520 1802 1572 meriti

176 1587 610 1641 beniuolentiam
635 1591 890 1656 retinuit,v
910 1600 1024 1642 tum
1046 1590 1412 1644 Mauritaniae
1436 1599 1489 1643 et
1508 1591 1800 1643 Numidiae
1824 1605 1870 1636 20

180 1666 588 1729 ceterarumque
624 1659 771 1712 illius
817 1669 1025 1712 tractus
1068 1661 1314 1730 gentium
1357 1680 1655 1732 numquam
1690 1661 1802 1712 fida

179 1747 315 1799 pace
342 1730 710 1799 quiescentem
736 1731 1013 1784 feritatem
1041 1750 1074 1783 a
1098 1732 1277 1784 ualuis
1304 1732 1419 1783 suis
1447 1731 1704 1803 reppulit.

292 1830 413 1880 Ext.
466 1829 512 1880 1.
564 1829 806 1899 Tempus
854 1829 1071 1882 deficiet
1121 1829 1424 1883 domestica
1470 1839 1798 1895 narrantem,

182 1899 439 1968 quoniam
454 1900 744 1970 imperium
761 1909 1012 1953 nostrum
1032 1918 1141 1952 non
1160 1908 1274 1953 tam
1294 1901 1489 1954 robore
1511 1918 1801 1970 corporum

182 1987 345 2040 quam
381 1970 689 2023 animorum
722 1972 912 2040 uigore
948 1972 1346 2024 incrementum
1374 1989 1437 2023 ac
1463 1970 1687 2023 tutelam
1717 1971 1798 2022 sui
1824 1985 1866 2018 25

185 2039 596 2110 conprehendit.
660 2042 866 2095 maiore
901 2042 1087 2112 itaque
1124 2061 1193 2095 ex
1219 2051 1375 2112 parte
1401 2042 1652 2094 Romana
1677 2045 1803 2111 pruss

183 2110 372 2164 dentia
396 2111 454 2163 in
467 2111 838 2166 admiratione
866 2113 1034 2165 tacita
1053 2123 1350 2183 reponatur
1369 2113 1801 2182 alienigenisque

183 2180 344 2235 huius
371 2183 589 2251 generis
617 2183 884 2254 exemplis
913 2183 1072 2236 detur
1098 2183 1299 2237 aditus,

187 2329 366 2380 dentes,
406 2344 583 2375 summo
624 2330 774 2377 studio
802 2333 846 2376 in
876 2334 1064 2391 gratiam
1093 2345 1172 2376 eos
1200 2331 1328 2392 prius
1355 2332 1551 2377 reduxit.
1614 2332 1797 2377 eosdem
1824 2338 1920 2371 Par.

184 2405 371 2444 senatus
409 2413 510 2444 cum
548 2400 606 2446 ob
642 2402 777 2446 nimis
813 2417 975 2462 aspere
1013 2408 1157 2447 actam
1194 2415 1433 2447 censuram
1470 2418 1491 2447 a
1531 2403 1606 2446 Cn.
1637 2401 1798 2447 Baebio
1822 2411 1863 2442 30

188 2468 294 2514 trib.
320 2469 382 2528 pl.
411 2483 516 2514 reos
554 2472 710 2531 peragi
735 2471 940 2529 uideret,
979 2472 1160 2518 decreto
1200 2486 1284 2523 suo
1322 2471 1549 2517 liberauit.
1583 2497 1642 2503 —
1673 2471 1802 2516 Tibe—

186 2539 302 2584 rium
331 2539 577 2592 Gracchum
618 2540 720 2585 trib.
750 2541 810 2601 pl.
852 2549 1037 2586 senatus
1074 2541 1295 2601 agrariam
1323 2542 1471 2601 legem
1508 2541 1830 2601 promulgare.

187 2623 343 2656 ausum
371 2618 519 2656 morte
546 2610 780 2656 multauit:
821 2611 934 2656 idem
966 2620 1015 2656 ut
1042 2611 1288 2657 secundum
1314 2611 1463 2671 legem
1491 2626 1573 2672 per
1597 2612 1802 2656 triumui-

186 2694 264 2726 ros
296 2694 405 2740 ager
430 2681 602 2741 populo
630 2682 800 2726 uiritim
829 2682 1112 2727 diuideretur
1138 2683 1331 2730 censuit.

301 2835 326 2872 6
348 2832 518 2874 debent
540 2832 592 2879 B,
614 2834 718 2884 fort.
744 2833 912 2874 debeat
981 2835 1006 2873 8
1029 2830 1122 2887 Ti.]
1146 2832 1187 2877 i«.
1208 2834 1250 2874 B
1331 2837 1382 2875 10
1404 2839 1455 2875 ut
1475 2835 1517 2875 B
1539 2849 1652 2877 corr.
1676 2848 1733 2875 eoe
1757 2838 1803 2874 et

189 2890 241 2930 18
264 2901 380 2941 quae
405 2890 544 2931 Perz’z.
607 2892 659 2930 20
682 2893 774 2929 tam
798 2883 852 2929 B'
912 2891 1133 2945 '26—maior
1154 2891 1210 2942 B,
1234 2892 1399 2932 maiori
1421 2892 1444 2931 b

304 2946 356 2985 33
374 2947 479 2996 for-t.
506 2946 655 2998 legem
680 2947 777 2986 eius
