1924 3152
136 135 238 188 172
389 92 394 94 ‘
564 184 566 187 ,
828 141 930 186 LlB.
966 141 1054 186 1111.

135 248 203 301 de
227 247 469 318 periurio
495 248 610 299 eius
635 246 959 317 disputaret,
987 247 1302 302 adfirmauit
1324 267 1622 331 numquam
1638 250 1755 304 Xe—

134 327 413 372 nocratem
464 316 559 368 illa
604 317 878 370 dieturum
923 318 1121 386 fuisse,
1178 319 1287 370 nisi
1332 337 1398 372 ea
1439 318 1548 372 dmi
1589 338 1756 392 expe·

115 389 251 451 (dire
286 388 391 441 sibi
424 387 738 440 iudicasset.
797 407 906 442 non
939 389 996 440 in
1022 407 1250 459 corpore
1284 389 1526 458 mortali,
1564 389 1662 444 sed
1693 392 1752 444 in

135 477 259 511 aree
285 456 508 510 caelesti
534 465 589 511 et
615 458 835 529 quidem
872 468 1144 512 armatum
1180 459 1422 512 animum
1448 461 1563 512 eius
1602 461 1758 514 uitae·

93 550 114 582 5
136 530 427 582 stationem
462 537 622 599 putes
660 530 966 599 peregisse,
1001 530 1363 584 humanorum
1387 531 1648 583 uitiorum
1672 531 1752 583 in-

135 618 323 651 cursus
371 617 404 651 a
442 617 500 651 se
541 599 751 652 inuicta
794 618 981 670 pugna
1022 599 1375 670 repellentem
1419 609 1753 671 cunctosque

132 670 355 722 uirtutis
381 688 636 724 numeros
674 669 981 723 altitudinis
1011 689 1140 723 suae
1177 671 1301 723 sinu
1334 670 1548 725 clausos
1575 679 1756 724 eusto-

136 740 391 793 dientem.

239 825 307 877 30
328 824 687 896 Nequaquam
712 824 927 877 Platoni
952 826 1259 878 litterarum
1285 818 1757 878 commendatione

71 915 113 948 ιο
134 913 234 965 par
260 894 641 965 Syracusanus
668 896 805 961 Dio,
834 895 932 947 sed
958 895 1105 966 quod
1131 895 1202 948 ad
1227 895 1613 966 praestandam
1641 912 1755 947 mo-

135 965 470 1019 derationem
496 965 751 1032 adtinuit,
778 965 1201 1019 uehementioris
1230 965 1606 1036 experimenti.
1657 984 1753 1036 pa-

134 1037 240 1088 tria
283 1035 475 1106 pulsus
522 1055 555 1088 a
588 1036 874 1106 Dionysio.
899 1044 1134 1107 tyranno
1168 1036 1453 1105 Megaram
1499 1036 1756 1106 petierat,

131 1106 228 1159 ubi
255 1124 379 1158 eum
399 1106 764 1173 Theodorum,
792 1107 1095 1176 prinoipem
1122 1107 1238 1159 eius
1265 1107 1432 1172 urbiS,
1462 1106 1608 1159 domi
1627 1124 1752 1159 eon-

132 1176 322 1228 uenire
343 1175 510 1229 uellet
530 1196 703 1247 neque
726 1176 1127 1242 admitteretur,
1152 1175 1384 1229 multum
1409 1175 1608 1246 diuque
1628 1183 1758 1228 ante

70 1264 111 1296 15
134 1245 278 1298 fores
319 1254 562 1299 retentus
607 1247 795 1298 comiti
837 1265 933 1298 suo
987 1244 1289 1316 ‘patienter
1324 1246 1426 1298 hoe
1459 1245 1751 1298 ferendum

133 1321 245 1369 est'
283 1317 383 1369 ait:
429 1317 693 1370 ‘forsitan
719 1316 861 1369 enim
887 1325 941 1369 et
965 1335 1066 1369 nos
1079 1357 1094 1382 ,
1132 1335 1255 1369 eum
1290 1316 1348 1367 in
1373 1316 1550 1384 gradu
1576 1315 1750 1385 digni·

132 1387 262 1439 tatis
308 1393 529 1439 nostrae
574 1405 815 1439 essemus
829 1427 844 1453 ‚
896 1385 1107 1456 aliquid
1142 1385 1252 1440 tale
1289 1386 1565 1438 fecimus'.
1643 1405 1752 1456 qua

132 1456 529 1527 tranquillitate
555 1456 767 1510 consilii
792 1457 912 1527 ipse
929 1456 1035 1509 sibi
1062 1457 1437 1509 condicionem
1463 1456 1615 1508 exilii
1637 1455 1752 1527 pla-

133 1527 392 1580 cidiorem
417 1526 676 1580 reddidit.

68 1629 110 1661 20
238 1611 289 1663 4.
347 1610 726 1682 Thrasybulus
769 1613 933 1664 etiam
973 1610 1075 1664 hoe
1107 1610 1211 1664 loci
1255 1610 1751 1681 adprehendendus

134 1688 243 1746 est,
272 1681 364 1751 qui
389 1681 651 1752 populum
677 1681 1098 1747 Atheniensem,
1134 1681 1363 1751 triginta
1387 1689 1749 1752 tyrannorum

134 1751 366 1803 saeuitia
391 1752 549 1804 sedes
577 1769 703 1804 suas
730 1751 869 1804 relin
908 1771 1037 1805 uere
1064 1759 1313 1804 eoactum
1338 1751 1757 1822 dispersamque

133 1829 187 1875 et
211 1839 411 1890 uagam
444 1823 615 1874 uitam
642 1823 903 1875 miserab1
926 1823 1029 1875 iter
1055 1823 1393 1890 exigentem,
1431 1822 1627 1874 animis
1655 1840 1755 1892 pa-

132 1893 266 1944 riter
310 1900 472 1963 atque
517 1893 683 1945 armis
719 1893 1100 1946 confirmatum
1146 1893 1204 1944 in
1235 1892 1471 1963 patriam
1508 1892 1747 1945 reduxit.

69 1979 111 2012 25
132 1962 404 2031 insignem
431 1963 629 2015 deinde
654 1964 996 2017 restitutione
1022 1962 1293 2016 libertatis
1328 1962 1618 2014 uictoriam
1644 1962 1750 2014 cla-

132 2032 332 2084 riorem
376 2032 655 2102 aliquanto
697 2033 1086 2087 moderationis
1136 2032 1299 2085 laude
1347 2031 1503 2084 feeit:
1568 2031 1752 2102 plebei

134 2102 276 2152 enim
312 2103 509 2153 scitum
534 2103 861 2171 interposuit
896 2121 964 2154 ne
991 2120 1098 2171 qua
1122 2102 1542 2171 praeteritarum
1567 2120 1750 2153 rerum

133 2172 331 2222 mentio
358 2171 529 2222 fieret.
576 2170 711 2224 haee
737 2171 961 2238 obliuio,
989 2188 1150 2240 quam
1177 2170 1538 2223 Athenienses
1567 2189 1754 2223 amne-

17 2326 110 2362 Par.
137 2317 177 2360 3.
224 2317 300 2362 Dio
339 2315 506 2361 nobilis
533 2315 842 2376 Syracusanus
879 2316 1039 2378 pulsus
1074 2318 1222 2377 patria
1250 2331 1273 2362 a
1298 2315 1513 2377 Dionysio
1540 2323 1746 2378 tyranno,

68 2399 111 2431 30
134 2400 235 2432 eum
272 2387 524 2447 principem
558 2386 709 2437 urbis,
752 2388 798 2432 in
836 2400 971 2447 quam
1006 2386 1300 2448 confugerat,
1348 2386 1466 2432 domi
1502 2388 1756 2433 conuenire·

133 2456 276 2503 uellet
300 2469 449 2517 neque
476 2456 817 2510 admitteretur,
846 2456 1107 2519 ‘patienter
1131 2458 1219 2503 hoe
1243 2456 1478 2503 serendum
1506 2455 1621 2508 est',
1658 2458 1745 2502 ait:

133 2524 351 2574 ‘sortasse
389 2528 507 2573 enim
533 2533 577 2573 et
602 2542 710 2579 nos,
752 2542 852 2575 eum
890 2528 935 2573 in
963 2528 1105 2588 gradu
1132 2527 1368 2588 dignitatis
1403 2533 1590 2574 nostrae
1625 2539 1756 2572 esse—-

131 2612 255 2648 mus,
294 2597 465 2658 aliquid
490 2599 581 2644 tale
607 2598 796 2645 fecimus
811 2597 843 2644 ⁹.
918 2602 958 2644 4.
997 2597 1304 2658 Thrasybulus
1329 2598 1619 2644 Atheniensis
1645 2610 1746 2642 eum

133 2668 332 2727 expulsis
358 2684 463 2714 xxx
491 2670 695 2730 tyrannis
722 2671 847 2716 ciues
874 2671 918 2714 in
945 2671 1135 2729 patriam
1164 2668 1431 2718 reduxisset,
1457 2666 1752 2728 plebiscitum»

248 2819 302 2861 10
321 2818 412 2859 Dio
434 2819 522 2859 Pb.-
555 2819 631 2860 diu
650 2821 694 2860 B
756 2823 808 2861 13
829 2820 1073 2862 thodorum
1089 2813 1146 2859 B'

246 2875 301 2916 29
328 2875 482 2928 patria
511 2888 538 2915 a
567 2876 624 2916 D.
655 2873 883 2930 tyranno]
924 2876 1101 2917 acontii
1137 2888 1219 2928 pro
1246 2874 1399 2927 patria
1434 2873 1477 2913 V
1482 2903 1513 2922 ,.
1535 2871 1754 2926 dionysio

130 2934 327 2983 tyranno
350 2931 456 2984 (sine
475 2930 649 2984 patria)
676 2932 720 2972 V
735 2934 778 2973 in
799 2945 877 2985 my.
