1924 3152
718 0 751 14 ,w-
771 2 784 11 r,
810 0 1206 26 wwffifvufgnq’wwssssgzsfflffld
1238 3 1242 9 1
1261 4 1274 11 1.
1328 10 1337 14 ,1

242 134 344 187 148
939 110 1040 185 LIB.
1078 140 1146 185 111.

343 247 393 299 4.
422 247 550 298 Liui
576 263 788 317 quoque
809 245 1131 300 Salinatoris
1158 253 1410 312 aeternae
1435 251 1729 305 memoriae
1748 261 1861 305 tra-

240 317 450 370 dendus
478 317 710 368 animus
749 317 842 386 qui
869 335 992 368 cum
1010 317 1420 372 Hasdrubalem
1446 322 1853 394 exercitumque

236 388 542 440 Poenorum
562 387 619 438 in
634 386 869 439 Vmbria
889 386 1125 440 delesset
1147 398 1199 441 et
1221 388 1268 440 ei
1290 390 1561 444 diceretur
1581 391 1768 446 Gallos
1790 412 1854 446 ac

236 458 466 527 Ligures
495 476 564 509 ex
590 457 707 509 acie
735 459 849 509 sine
877 457 1107 511 ducibus
1145 466 1198 511 et
1225 461 1393 529 signis
1423 480 1643 532 sparsos
1671 482 1734 516 ac
1759 482 1855 534 pa-

196 542 217 574 5
239 527 415 580 lantes
443 546 615 598 parua
642 546 807 580 manu
842 529 1076 598 opprimi
1112 547 1301 598 posse,
1338 533 1623 602 respondit
1646 532 1749 587 hoc
1775 534 1850 586 eis

236 606 485 669 oportere
515 600 696 668 parci,
743 617 810 650 ne
845 597 1096 651 hostibus
1131 608 1315 653 tantae
1361 601 1532 654 cladis
1570 603 1853 657 domestici

233 670 413 721 nuntii
443 668 711 721 deessent.

339 739 390 792 5.
429 738 638 791 Bellica
663 738 797 790 haec
823 740 1134 808 praesentia
1161 742 1354 792 animi:
1396 749 1586 810 togata
1610 743 1723 810 illa,
1753 745 1851 796 sed

232 828 341 862 non
366 810 545 862 minus
573 808 892 876 laudabilis,
933 828 1095 879 quam
1121 810 1182 862 P.
1211 811 1409 863 Furius
1437 811 1627 864 Philus
1664 815 1848 866 consul

167 893 208 924 10
231 880 289 931 in
325 888 518 932 senatu
555 879 822 933 exhibuit.
882 880 1149 945 Quintum
1186 882 1330 932 enim
1365 881 1646 934 Metellum
1682 883 1850 950 Quin-

230 959 455 1021 tumque
473 951 811 1020 Pompeium,
840 950 1153 1002 consulares
1179 953 1344 1018 uiros7
1372 952 1722 1007 uehementes
1749 956 1849 1006 ini-

230 1022 400 1074 micos
431 1040 575 1087 61166,
604 1021 862 1090 cupidam
890 1021 996 1073 sibi
1015 1021 1411 1091 profectionem
1437 1024 1495 1074 in
1510 1025 1848 1094 prouinciam

228 1092 572 1163 Hispaniam,
603 1110 765 1161 quam
785 1092 1010 1145 sortitus
1033 1099 1166 1158 erat,
1194 1092 1495 1161 identidem
1516 1094 1850 1164 exprobran-

227 1163 325 1228 tis,
379 1161 584 1231 legatos
634 1180 816 1214 secum
859 1160 987 1213 illuc
1032 1163 1111 1213 ire
1156 1163 1354 1231 coegit.
1419 1163 1697 1222 ¹fiduciam
1740 1185 1849 1219 non

163 1244 205 1277 15
230 1232 405 1286 solum
450 1234 672 1299 fortem,
727 1232 823 1284 sed
858 1250 1031 1301 paene
1079 1233 1243 1284 etiam
1281 1235 1656 1302 temerariam,
1709 1254 1851 1306 quae

229 1303 445 1356 duobus
483 1302 760 1355 acerrimis
801 1303 939 1355 odiis
978 1301 1151 1354 latera
1188 1322 1286 1354 sua
1321 1304 1537 1373 cingere
1575 1323 1708 1357 ausa
1744 1315 1847 1373 est,

214 1390 491 1444 'usumque
527 1372 817 1424 ministerii
849 1374 947 1424 uix
983 1380 1159 1424 tutum
1202 1375 1259 1425 in
1295 1374 1485 1426 amicis
1523 1393 1552 1427 e
1589 1375 1712 1428 sinu
1746 1377 1845 1428 ini-

226 1445 491 1496 micorum
517 1451 701 1512 petere
729 1443 1011 1495 sustinuit!

332 1514 381 1565 6.
411 1513 578 1565 Cuius
605 1513 814 1565 factum
835 1513 881 1565 si
901 1514 989 1565 cui
1017 1514 1213 1583 placet,
1242 1533 1463 1567 11666666
1491 1523 1574 1568 est
1592 1515 1657 1567 L.
1679 1517 1845 1568 etiam

162 1606 204 1638 20
227 1583 432 1650 Crassi7
461 1585 553 1654 qui
579 1583 725 1653 apud
753 1584 986 1636 maiores
1015 1583 1327 1655 eloquentia
1354 1584 1688 1637 clarissimus
1716 1585 1844 1653 fuit7

224 1655 570 1725 propositum
607 1673 715 1707 non
754 1653 1059 1724 displiceat.
1129 1673 1257 1706 nam
1293 1674 1418 1707 cum
1455 1675 1524 1708 ex
1559 1656 1844 1710 consulatu

223 1724 563 1794 prouinciam
586 1724 826 1777 Galliam
853 1725 1123 1794 optineret
1150 1733 1313 1795 atque
1340 1726 1398 1776 in
1425 1744 1545 1778 eam
1566 1725 1625 1779 C.
1643 1726 1822 1779 Carbo
1827 1770 1841 1794 ,

227 1795 378 1846 cuius
415 1802 629 1865 patrem
666 1794 1051 1862 damnauerat,
1105 1795 1177 1847 ad
1215 1795 1548 1866 speculanda
1583 1805 1707 1849 acta
1744 1814 1842 1848 sua

222 1867 468 1917 uenisset
482 1877 509 1932 ‚¹
523 1884 629 1917 non
658 1864 835 1918 solum
862 1884 985 1917 611111
1012 1866 1138 1918 inde
1165 1885 1274 1919 non
1302 1868 1612 1932 summouit,
1642 1867 1738 1919 sed
1763 1867 1841 1919 in-

162 1958 204 1991 25
229 1954 391 2006 super
417 1935 593 1987 locum
621 1937 672 1987 ei
697 1937 755 1987 in
780 1935 1044 1988 tribunali
1080 1936 1398 2005 adsignauit
1424 1936 1522 1989 n'ec
1548 1935 1662 1989 ulla
1688 1937 1767 1989 de·
1782 1955 1840 1989 re

223 2006 330 2057 nisi
366 2024 427 2057 eo
467 2007 523 2057 111
561 2005 846 2058 6611611111111
887 2006 1134 2059 adhibito
1174 2007 1467 2076 cognouit.'
1499 2007 1679 2077 itaque
1717 2025 1843 2059 acer

225 2084 278 2127 et
303 2075 594 2127 uehemens
619 2076 797 2129 Carbo
825 2075 962 2126 nihil
988 2075 1138 2127 aliud
1165 2076 1380 2129 Gallica
1405 2077 1840 2147 peregrinatione

222 2154 547 2198 consecutus
586 2155 669 2198 est
705 2163 866 2215 quam
901 2154 960 2196 ut
1004 2145 1465 2199 animaduerteret
1501 2155 1712 2200 sontem
1748 2167 1840 2218 pa-

223 2223 362 2268 trem
390 2235 546 2267 suum
573 2217 641 2269 ab
668 2216 1021 2283 integerrimo
1050 2216 1169 2268 uiro
1197 2218 1255 2267 in
1281 2216 1508 2268 exilium
1533 2219 1777 2268 missum.

157 2310 199 2342 30
332 2287 380 2338 7.
421 2285 557 2339 Cato
592 2305 721 2339 uero
762 2286 1009 2354 superior
1037 2305 1200 2356 saepe
1234 2304 1458 2339 numero
1495 2286 1564 2339 ab
1601 2286 1838 2339 inimicis
1889 2340 1896 2349 ‚

224 2355 295 2408 ad
331 2375 529 2408 causae
567 2355 862 2409 dictionem
898 2363 1123 2408 uocatus
1161 2375 1260 2408 1166
1296 2355 1406 2407 11110
1443 2375 1704 2427 umquam
1739 2359 1836 2409 cri-

220 2427 366 2478 mine
403 2427 710 2492 conuictus,
751 2426 822 2478 ad
857 2425 1107 2478 ultimum
1134 2427 1613 2495 tantumqfiduciae
1647 2428 1706 2479 in
1740 2446 1838 2491 sua

222 2497 536 2550 innocentia
571 2498 841 2567 reposuit,
882 2506 942 2548 ut
971 2498 1045 2550 ab
1074 2498 1141 2549 iis
1170 2498 1227 2548 in
1254 2498 1627 2567 quaestionem
1661 2496 1838 2567 publi-

219 2586 341 2619 cam
377 2568 642 2621 deductus
679 2568 764 2620 Ti.
802 2567 1138 2634 Gracchum,
1191 2585 1223 2619 a
1258 2587 1362 2638 quo
1401 2569 1459 2619 in
1494 2566 1839 2620 administra·

334 2711 359 2748 2
383 2717 486 2761 post
515 2711 692 2750 animus
722 2713 764 2750 in
786 2711 827 2750 B
856 2712 1003 2751 uocab.
1035 2724 1200 2751 erasum
1258 2712 1283 2751 5
1314 2711 1360 2750 in
1387 2710 1474 2751 hoc
1507 2710 1763 2756 deteriores,
1792 2715 1837 2748 ut

220 2771 285 2805 est
306 2768 345 2812 5,
370 2767 409 2813 4,
436 2768 477 2806 3.
516 2770 552 2814 7,
579 2770 618 2814 3,
644 2769 668 2806 1
732 2769 781 2807 10
812 2772 1021 2809 senatum
1043 2767 1085 2807 B
1147 2769 1196 2807 17
1229 2778 1251 2806 6
1282 2766 1324 2806 Β
1344 2767 1388 2806 in
1409 2779 1497 2806 ras.
1561 2767 1612 2805 19
1642 2765 1673 2804 l.
1697 2765 1835 2804 etiam

220 2821 365 2868 classi
393 2821 435 2861 B
503 2823 555 2862 21
595 2836 650 2862 ex
680 2824 868 2863 consule
898 2825 961 2873 B,
1005 2837 1060 2863 ex
1093 2822 1257 2864 consus
1287 2822 1332 2873 b,
1373 2834 1448 2863 em.
1477 2821 1651 2872 Pt'ylzz'zes
1688 2834 1710 2861 e
1741 2822 1833 2861 cod.

218 2876 417 2918 Atrebat.
482 2879 534 2917 22
564 2879 846 2930 prouintiam
868 2881 911 2920 B
971 2880 1024 2920 25
1055 2879 1108 2920 de
1130 2892 1178 2919 re
1199 2879 1243 2919 B
1264 2891 1375 2919 corr.
1400 2891 1422 2918 e
1445 2877 1554 2916 dare
1614 2877 1668 2918 28
1690 2880 1838 2918 sorte*

215 2937 399 2987 patrem
421 2931 505 2975 sua
522 2933 565 2973 B
625 2936 678 2976 33
700 2934 770 2974 his
794 2935 866 2979 Βς
