1924 3152
143 139 252 192 202
842 146 942 193 LIB.
981 147 1070 194 1111.

146 252 345 324 quibus
384 251 649 322 quidquid
681 259 994 323 praestatur
1028 260 1203 308 totum
1241 274 1274 309 a
1309 258 1582 313 constanti
1614 260 1767 315 beni-

146 322 389 375 uolentia
437 322 819 391 proficiscitur.
894 323 1175 379 felicitatis
1227 328 1405 380 cultus
1449 329 1653 384 maiore
1697 349 1767 386 ex

144 399 300 463 parte
344 390 649 445 adulationi
729 412 858 447 uam
900 396 1121 449 caritati
1164 405 1444 467 erogatur,
1489 409 1636 454 certe
1681 419 1767 454 su-

145 471 364 533 spectus
401 470 483 515 est
520 463 675 534 perin
720 482 748 516 e
782 483 846 518 ac
881 464 1003 536 plus
1040 484 1254 538 semper
1295 475 1448 540 petat
1485 488 1648 541 quam
1686 473 1768 525 in-

74 556 121 597 25
144 533 364 604 pendat.
406 533 617 587 accedit
637 534 759 603 huc,
794 537 938 606 quod
962 536 1227 591 infractae
1248 538 1499 592 fortunae
1518 540 1767 596 homines

144 603 321 672 magis
357 603 656 657 amicorum
693 606 877 657 studia
913 606 1228 661 desiderant
1262 607 1350 661 uel
1384 611 1645 680 praesidii
1677 611 1768 664 uel

145 674 332 727 solacii
366 676 565 743 gratia.
629 694 757 728 nam
781 676 928 730 laeta
958 678 1183 746 'quidem
1219 686 1272 731 et
1306 698 1570 750 prospera
1604 700 1767 752 nego-

140 745 246 812 tia,
285 751 472 815 utpote
507 763 630 799 cum
667 746 856 800 diuina
890 747 1280 816 suffragatione
1315 749 1634 819 foueantur,
1669 752 1766 805 hu-

142 832 306 868 mana
330 815 509 868 minus
536 816 804 886 indigent.
857 818 1104 870 tenacius
1139 818 1309 888 igitur
1335 838 1523 872 eorum
1546 822 1768 875 nomina

79 908 120 939 10
142 886 480 957 posteritatis
507 887 772 940 memoria
797 887 1179 958 adprehendit,
1207 889 1299 960 qui
1325 889 1589 944 aduersos
1616 909 1769 945 casus

143 957 443 1011 amicorum
476 974 585 1011 non
621 957 979 1011 deseruerunt
1013 977 1178 1030 quam
1213 960 1306 1031 qui
1331 959 1654 1032 prosperum
1687 963 1767 1015 ui-

141 1035 230 1080 tae
256 1045 479 1081 cursum
517 1028 761 1081 comitati
789 1036 932 1082 sunt.
994 1047 1151 1084 nemo
1181 1028 1247 1082 de
1275 1029 1661 1103 Sardanapalli
1685 1032 1766 1086 fa-

141 1098 448 1151 miliaribus
471 1097 728 1170 loquitur‚
753 1098 976 1152 Orestes
991 1099 1203 1171 Pylade
1220 1119 1394 1171 paene
1414 1106 1584 1155 amico
1601 1121 1768 1174 quam

140 1170 557 1238 Agamemnone
606 1170 786 1223 notior
836 1177 918 1223 est
962 1178 1142 1241 patre,
1194 1174 1241 1224 si
1320 1172 1503 1225 uidem
1546 1172 1767 1226 illorum

76 1259 119 1292 15
145 1240 388 1293 amicitia
422 1240 480 1292 in
506 1241 845 1294 consortione
873 1239 1192 1294 deliciarum
1227 1249 1280 1294 et
1325 1244 1556 1296 uxuriae
1584 1253 1766 1297 conta-

143 1310 288 1377 buit,
325 1309 523 1363 horum
550 1310 718 1363 durae
747 1317 912 1382 atque
939 1329 1168 1382 asperae
1194 1313 1526 1367 condicionis
1566 1313 1766 1367 sodali-

141 1382 285 1433 cium
321 1381 567 1451 ipsarum
602 1381 948 1433 miseriarum
985 1382 1358 1452 experimento
1395 1383 1606 1438 enituit.
1668 1384 1766 1437 sed

141 1452 274 1522 quid
294 1458 520 1504 externa
540 1452 772 1521 attingo,
801 1469 924 1504 cum
946 1450 1257 1506 domesticis
1282 1453 1434 1523 prius
1455 1453 1618 1507 liceat
1643 1455 1765 1508 uti?

251 1523 298 1576 1..
338 1521 602 1574 Inimicus
630 1521 842 1592 patriae
864 1522 1038 1574 fuisse
1061 1523 1148 1575 Ti.
1171 1523 1456 1576 Gracchus
1485 1525 1766 1578 existima-

71 1613 117 1645 20
139 1599 228 1644 tus
257 1599 358 1657 est,
386 1610 486 1645 nec
513 1592 782 1659 inmeritO,
812 1593 941 1663 quia
960 1595 1261 1663 potentiam
1281 1612 1437 1646 suam
1458 1594 1620 1647 saluti
1647 1597 1763 1647 eius

139 1662 492 1732 praetulerat.
568 1682 731 1734 quam
777 1663 1078 1716 constantis
1123 1671 1306 1716 tamen
1350 1664 1480 1717 fidei
1529 1665 1767 1718 amicum

139 1734 304 1785 etiam
329 1733 387 1785 in
411 1733 514 1786 hoc
540 1740 654 1786 tam
678 1751 849 1804 prauo
875 1734 1156 1805 proposito
1180 1733 1240 1787 C.
1263 1733 1542 1788 Blossium
1569 1734 1765 1788 Cuma-

138 1822 268 1856 num
302 1802 557 1857 habuerit
583 1822 781 1875 operae
806 1805 1045 1875 pretium
1082 1812 1166 1858 est
1191 1822 1536 1875 cognoscere.
1588 1805 1763 1860 hostis

136 1874 436 1939 iudicatus,
472 1873 664 1928 ultimo
702 1874 971 1946 supplicio
1010 1874 1285 1944 adfectuS,
1333 1875 1645 1948 sepulturae
1670 1876 1764 1929 ho-

69 1965 115 1998 25
136 1963 268 1998 nore
312 1944 576 2016 spoliatus
622 1944 996 1999 beniuolentia
1036 1953 1220 2000 tamen
1265 1947 1382 2000 eius
1419 1966 1528 2001 non
1571 1947 1763 2001 caruit.

136 2033 266 2067 nam
293 2034 418 2068 cum
445 2022 664 2068 senatus
686 2015 908 2086 Rupilio
936 2023 990 2068 et
1008 2015 1242 2069 Laenati
1269 2015 1585 2071 consulibus
1612 2035 1761 2069 man-

139 2085 325 2138 dasset
344 2093 404 2138 ut
422 2086 479 2137 in
502 2103 591 2138 eos
597 2126 612 2153 7
642 2087 734 2156 qui
759 2105 883 2138 cum
904 2086 1151 2140 Graccho
1177 2094 1584 2155 consenserant,
1612 2105 1762 2141 more

138 2156 407 2208 maiorum
435 2156 956 2223 animaduerterent,
986 2163 1039 2208 et
1066 2155 1137 2208 ad
1157 2156 1426 2224 Laelium,
1455 2157 1607 2210 cuius
1636 2176 1761 2211 con-

0 2299 115 2333 Par.
247 2287 343 2334 DE
377 2286 698 2334 AMICITIA.
756 2291 791 2334 1.
830 2287 1034 2334 Blossius
1062 2302 1163 2334 cum
1190 2302 1320 2335 carus
1347 2291 1517 2336 amicus
1544 2296 1667 2336 esset
1693 2290 1761 2336 Ti.

75 2370 118 2402 30
143 2358 343 2405 Graccho
361 2394 371 2409 ,
406 2360 617 2404 damnato
646 2372 727 2409 eo,
765 2373 865 2404 cum
891 2359 1011 2419 apud
1037 2358 1267 2419 Rupilium
1294 2366 1340 2405 et
1364 2361 1602 2407 Laenatem
1641 2374 1759 2407 coss.

140 2438 396 2480 excusaret,
437 2436 489 2474 ut
523 2431 812 2475 innocentem
850 2429 1221 2490 amicumquese
1260 2437 1433 2477 tantum
1471 2431 1658 2478 Gracchi
1696 2431 1763 2478 di-

254 2555 275 2593 1
308 2552 529 2605 quicquid
556 2553 599 2593 B
670 2554 693 2594 7
725 2552 885 2594 solatii
913 2547 970 2593 B'
1044 2555 1097 2595 10
1124 2554 1373 2607 potestatis
1403 2554 1466 2603 B,
1512 2555 1592 2595 sed
1616 2554 1660 2594 in
1680 2566 1759 2607 my.

137 2610 431 2662 posteritatis
457 2606 478 2664 ss
507 2608 725 2651 aduersos
756 2622 890 2651 casus
911 2610 1096 2663 Kemps':
1128 2609 1348 2652 aduersus
1377 2611 1432 2659 B,
1473 2609 1717 2652 aduersum
1735 2609 1759 2649 b

141 2665 283 2718 (prob.
315 2666 565 2708 Foertsclzio
597 2666 674 2715 II,
709 2668 736 2706 4
766 2668 838 2721 qui
863 2668 1057 2719 supplet:
1096 2666 1226 2708 uitae
1258 2665 1487 2719 cursum),
1537 2664 1759 2707 aduersus

143 2722 393 2762 amicorum
433 2734 571 2763 casus
613 2724 717 2766 dett.
798 2724 851 2764 15
887 2722 1098 2764 luxoriae
1126 2722 1170 2763 B
1249 2725 1302 2764 16
1341 2722 1482 2764 durae
1511 2722 1555 2763 B
1591 2734 1706 2764 corr.
1736 2735 1758 2762 e

142 2777 262 2818 duae
282 2775 302 2831 Η
323 2777 630 2819 soldadicium
650 2773 707 2819 B'
769 2781 819 2820 17
844 2779 1164 2832 expedimento
1186 2779 1210 2820 b
1271 2781 1324 2820 19
1346 2779 1514 2820 fuisset
1533 2777 1758 2832 gracchus

140 2834 206 2883 B,
246 2834 393 2875 fuisse
423 2847 490 2888 gr.
518 2834 542 2875 b
618 2837 672 2875 22
702 2835 901 2877 blesium
929 2836 994 2883 B,
1032 2837 1113 2877 sed
1135 2842 1290 2888 postea
1325 2835 1389 2876 bis
1415 2841 1532 2875 recte
1559 2833 1760 2876 blossius

138 2892 195 2931 26
217 2890 373 2932 rutilio
398 2894 444 2931 et
465 2890 615 2931 lenati
635 2891 678 2931 B
739 2893 794 2932 27
815 2905 937 2933 more
961 2906 1037 2934 om.
1061 2885 1120 2931 B'
1176 2894 1230 2934 28
1254 2890 1625 2933 animaduerterit
1645 2883 1702 2931 B'

253 2949 307 2989 30
327 2947 532 2988 rutilium
561 2947 608 2986 V
1669 2946 1674 2951 ⁶
