1924 3152
529 181 647 228 CAP.
673 181 743 231 111,
771 179 801 238 S
830 182 1026 230 1-1—14.
1052 179 1150 225 Ext.
1178 178 1207 236 g
1235 180 1277 225 1.
1305 182 1347 222 2.
1562 157 1593 221 ’.
1651 170 1753 223 185

109 293 425 357 ferrentur,
462 287 615 342 nulla
651 287 906 359 cuiquam
934 286 1076 341 dono
1112 287 1277 338 ianua
1301 286 1506 356 patuit,
1545 285 1751 337 Taren-

123 362 382 433 tinaeque
439 359 756 413 'etulantiae
802 358 1081 411 animosus
1122 357 1300 426 magis
1340 375 1504 427 quam
1549 355 1751 408 efficax

125 432 382 486 defensor
465 431 575 483 aud
614 430 726 483 scio
772 430 980 482 maiore
1025 447 1150 481 cum
1187 427 1363 498 gloria
1398 427 1560 479 huius
1596 428 1749 480 urbis

122 504 366 557 moribus
394 520 463 554 cm
488 505 745 554 moenibus
769 500 1022 571 repulsus
1051 500 1140 553 sit.

229 573 296 626 In
337 572 435 625 illa
478 590 583 643 quo
622 591 691 624 ue
727 570 970 643 procella
982 613 996 639 7
1049 589 1212 642 quam
1246 570 1306 623 C.
1348 570 1556 622 Marius
1597 576 1650 621 et
1684 568 1794 623 L.5

123 645 301 698 Cinna
349 645 432 696 rei
479 643 734 715 pubicae
784 641 1125 709 inflixerant,
1178 641 1514 694 abstinentia
1562 639 1753 712 populi

121 715 358 769 Romani
394 714 628 767 mirifica
666 722 962 784 conspecta
997 720 1096 766 est.
1172 731 1299 765 nam
1326 731 1451 765 cum
1478 731 1510 764 a
1538 731 1595 764 se
1630 729 1751 782 pro-

124 786 450 857 scriptorum
487 794 712 856 penates
750 784 904 854 uulgi
929 785 1184 837 manibus
1224 784 1330 836 diri
1372 783 1567 837 iendos
1605 783 1750 837 obie-

123 859 356 924 cissent,
395 857 633 910 inueniri
657 875 816 914 nemo
842 856 1049 927 potuit,
1093 855 1188 926 qui
1224 855 1376 907 ciuii
1412 854 1564 907 luctu
1596 873 1751 925 prae-

125 929 251 982 dam
277 936 512 999 peteret:
542 947 684 981 unus
714 928 860 980 enim
876 928 1107 999 quisque
1135 945 1193 979 se
1220 926 1289 979 ab
1316 927 1401 978 his
1430 926 1658 996 perinde
1686 944 1750 978 ac
1773 945 1817 978 ιο

125 1001 171 1052 si
211 1018 243 1051 a
280 999 450 1052 sacris
486 998 715 1052 aedibus
752 998 1036 1051 abstinuit.
1098 1016 1236 1069 quae
1263 996 1487 1068 quidem
1508 996 1627 1050 'tam
1654 1000 1751 1049 mi-

125 1070 355 1123 sericors
395 1070 731 1122 continentia
764 1068 943 1140 plebis
982 1069 1211 1122 tacitum
1247 1068 1548 1122 crudelium
1580 1069 1750 1121 uicto-

123 1161 244 1194 rum
270 1141 579 1195 conuicium
606 1140 728 1192 fuit.

231 1244 353 1292 Eoet.
387 1241 434 1292 1.
485 1241 570 1292 Ac
593 1258 662 1292 ne
690 1239 936 1292 eiusdem
961 1239 1143 1291 laudis
1182 1238 1751 1291 commemorationem

122 1311 364 1364 externis
386 1311 747 1377 inuideamus⁷
775 1309 1011 1362 Pericles
1031 1309 1454 1363 Atheniensium
1474 1310 1749 1381 princePS,
1775 1322 1818 1361 '15

122 1401 245 1435 cum
281 1381 694 1452 tragoediarum
723 1383 1046 1452 scriptorem
1075 1380 1377 1452 Sophoclea
1410 1381 1467 1432 in
1492 1389 1753 1451 praetura

121 1452 386 1523 collegam
427 1453 657 1507 haberet
707 1461 870 1524 atque
919 1452 966 1504 is
1010 1452 1231 1523 publico
1283 1451 1466 1505 officio
1512 1471 1621 1504 una
1672 1452 1750 1504 di-

122 1525 342 1578 strictus
387 1525 544 1595 pueri
588 1525 811 1594 ingenui
847 1523 1246 1594 praetereuntis
1281 1522 1519 1576 formam
1563 1525 1751 1595 inpen-

122 1596 356 1649 sioribus
402 1596 589 1648 uerbis
632 1594 944 1661 laudasset,
995 1596 1474 1665 intemperantiam
1513 1596 1628 1663 eius
1671 1596 1750 1646 in-

123 1683 352 1736 crepans
383 1665 529 1718 dixit
553 1667 828 1736 praetoris
858 1685 970 1719 non
998 1665 1175 1719 solum
1202 1684 1396 1718 manus
1426 1682 1466 1717 a
1484 1667 1750 1736 pecuniae
1774 1683 1817 1714 20

120 1735 300 1804 lucro,
349 1736 446 1789 sed
481 1737 645 1789 etiam
690 1737 877 1791 oculos
915 1755 948 1788 a
983 1736 1278 1790 libidinoso
1318 1745 1545 1806 aspectu
1582 1738 1750 1790 conti-

120 1806 301 1860 nentis
330 1825 451 1860 esse
479 1806 698 1860 debere.

228 1878 278 1930 2.
321 1877 618 1949 Sophocles
646 1886 831 1930 autem
859 1886 1038 1931 aetate
1065 1878 1177 1930 iam
1206 1878 1406 1944 senior,
1436 1896 1560 1929 cum
1588 1879 1657 1931 ab
1687 1896 1749 1930 eo

122 1948 346 2020 quidam
369 1956 671 2019 ‘quaereret
706 1967 776 2024 an
805 1949 970 2002 etiam
995 1968 1143 2002 nunc
1167 1950 1332 2002 rebus
1370 1949 1608 2001 ueneriis
1635 1957 1749 2002 ute-

122 2111 255 2159 quam
302 2096 570 2142 seminarum
617 2104 722 2158 apta
768 2096 926 2142 usibus
972 2111 1183 2143 munera:
1242 2097 1366 2143 nulla
1402 2104 1550 2142 tamen
1590 2098 1751 2143 (lomus
1774 2118 1816 2150 25

121 2167 284 2227 legatis
311 2167 434 2214 aditu
462 2170 624 2229 patuit.
1072 2206 1074 2208 .
1772 2160 1808 2194 P
1805 2172 1864 2195 ar.

230 2241 267 2284 1.
308 2239 507 2285 Pericles
527 2239 834 2290 Atheniensis,
851 2249 964 2286 ‘cum
992 2239 1181 2285 haberet
1210 2239 1255 2284 in
1283 2230 1499 2300 praetura
1527 2239 1751 2300 collegam

121 2309 374 2370 Sophoclea
413 2311 749 2370 tragoedIarum
786 2311 1086 2371 scriptorem,
1125 2318 1262 2371 atque
1300 2311 1337 2355 is
1373 2310 1557 2371 publico
1597 2311 1749 2357 officio

121 2380 358 2426 districtus
386 2381 515 2441 pueri
554 2382 741 2441 ingenui
769 2383 1106 2442 praetereuntis
1143 2382 1334 2428 sormam
1361 2381 1590 2433 laudaret,
1628 2382 1751 2428 Peri-

124 2449 215 2495 cles
244 2450 638 2510 intemperantiam
667 2453 764 2497 eius
793 2453 1035 2512 increpans
1063 2453 1198 2503 dixit,
1226 2454 1454 2512 praetoris
1481 2467 1571 2498 non
1602 2453 1748 2498 solum
1772 2474 1815 2506 30

122 2535 144 2564 a
173 2521 390 2580 pecuniae
416 2521 544 2566 lucro
571 2536 747 2572 manus,
780 2523 857 2568 sed
885 2524 1018 2569 etiam
1048 2523 1207 2569 oculos
1235 2538 1257 2568 a
1287 2522 1533 2568 libidinoso
1561 2531 1749 2583 aspectu

233 2659 260 2698 4
290 2657 493 2699 morib'us
516 2659 836 2700 an·moenibus
855 2662 1040 2713 scripsi.-
1072 2660 1276 2700 moribus
1299 2659 1502 2700 moribus
1523 2659 1578 2707 B,
1610 2661 1751 2701 armis

122 2727 180 2755 an
210 2715 413 2756 moribus
443 2715 467 2755 b
543 2718 568 2757 6
605 2728 700 2768 rep.
730 2709 786 2756 B'
868 2718 921 2757 10
959 2716 1077 2757 enim
1110 2718 1304 2767 quisque
1342 2716 1385 2755 B
1422 2717 1582 2757 additis
1617 2720 1751 2770 siqnis

121 2773 469 2825 transpositionis
506 2769 527 2826 Η
568 2785 624 2812 ae
647 2773 686 2812 si
707 2786 753 2810 ια*
775 2773 817 2812 Β
899 2774 950 2812 16
981 2765 1331 2819 scribtorem„B'
1371 2769 1390 2826 Π
1431 2773 1686 2826 sophoclea
1707 2775 1750 2814 B

117 2841 225 2882 mys
255 2828 510 2882 sophocle*
533 2829 588 2877 B,
623 2829 842 2883 sophocle}
868 2829 891 2870 b
920 2826 939 2884 Η
967 2833 1211 2881 praetura*
1234 2828 1276 2869 B
1345 2831 1397 2870 17
1429 2831 1544 2870 at*is
1574 2830 1617 2870 B
1647 2832 1747 2872 add.

122 2888 321 2982 (14.3.Ιί5,
377 2887 428 2927 19
452 2882 573 2939 eius]
602 2886 667 2928 ei:
700 2884 800 2940 (sic)
822 2885 864 2926 B
933 2887 987 2928 23
1018 2885 1271 2940 Sophocles
1294 2886 1337 2926 B
1357 2888 1401 2934 in
1422 2900 1513 2929 ras.
1583 2889 1638 2928 24
1668 2901 1747 2929 ue-

119 2953 246 2982 neris

233 3000 288 3039 27
311 2998 542 3052 collegam
565 3013 641 3041 om.
673 2999 719 3039 V
