<?xml version="1.0" encoding="UTF-8"?>
<!DOCTYPE html PUBLIC "-//W3C//DTD XHTML 1.0 Transitional//EN"
    "http://www.w3.org/TR/xhtml1/DTD/xhtml1-transitional.dtd">
<html xmlns="http://www.w3.org/1999/xhtml" xml:lang="en" lang="en">
 <head>
  <title>
</title>
<meta http-equiv="Content-Type" content="text/html;charset=utf-8" />
  <meta name='ocr-system' content='tesseract 3.04.00' />
  <meta name='ocr-capabilities' content='ocr_page ocr_carea ocr_par ocr_line ocrx_word'/>
</head>
<body>
  <div class='ocr_page' id='page_1' title='image "./factorumetdictor00valeuoft_0505.png"; bbox 0 0 1936 3120; ppageno 0'>
   <div class='ocr_carea' id='block_1_1' title="bbox 2 0 1251 102">
    <p class='ocr_par' dir='ltr' id='par_1_1' title="bbox 2 0 1251 102">
     <span class='ocr_line' id='line_1_1' title="bbox 2 0 1251 102; baseline 0 3018"><span class='ocrx_word' id='word_1_1' title='bbox 2 0 1251 102; x_wconf 95' lang='lat' dir='ltr'><strong> </strong></span> 
     </span>
    </p>
   </div>
   <div class='ocr_carea' id='block_1_2' title="bbox 508 156 1726 221">
    <p class='ocr_par' dir='ltr' id='par_1_2' title="bbox 508 156 1726 221">
     <span class='ocr_line' id='line_1_2' title="bbox 508 156 1726 221; baseline -0.002 -11"><span class='ocrx_word' id='word_1_2' title='bbox 508 163 625 210; x_wconf 83' lang='lat' dir='ltr'><strong>CAP.</strong></span> <span class='ocrx_word' id='word_1_3' title='bbox 654 163 762 214; x_wconf 84' lang='lat' dir='ltr'><strong>xm,</strong></span> <span class='ocrx_word' id='word_1_4' title='bbox 799 162 828 221; x_wconf 67' lang='lat' dir='ltr'>g</span> <span class='ocrx_word' id='word_1_5' title='bbox 854 166 897 208; x_wconf 79' lang='lat'><strong>2.</strong></span> <span class='ocrx_word' id='word_1_6' title='bbox 926 165 964 207; x_wconf 86' lang='lat'><strong>3.</strong></span> <span class='ocrx_word' id='word_1_7' title='bbox 1006 160 1103 207; x_wconf 66' lang='lat' dir='ltr'><strong>Exi.</strong></span> <span class='ocrx_word' id='word_1_8' title='bbox 1132 161 1161 221; x_wconf 69' lang='lat' dir='ltr'>g</span> <span class='ocrx_word' id='word_1_9' title='bbox 1189 164 1329 208; x_wconf 85' lang='lat'>1—4.</span> <span class='ocrx_word' id='word_1_10' title='bbox 1622 156 1726 209; x_wconf 82' lang='lat'><strong>477</strong></span> 
     </span>
    </p>
   </div>
   <div class='ocr_carea' id='block_1_3' title="bbox 107 268 1798 2172">
    <p class='ocr_par' dir='ltr' id='par_1_3' title="bbox 114 268 1732 406">
     <span class='ocr_line' id='line_1_3' title="bbox 114 268 1732 335; baseline -0.003 -9"><span class='ocrx_word' id='word_1_11' title='bbox 114 275 317 335; x_wconf 89' lang='lat' dir='ltr'><em>QVAM</em></span> <span class='ocrx_word' id='word_1_12' title='bbox 338 269 728 333; x_wconf 80' lang='lat' dir='ltr'><em>EXQVISITA</em></span> <span class='ocrx_word' id='word_1_13' title='bbox 756 271 1101 322; x_wconf 82' lang='lat' dir='ltr'><em>CVSTODIA</em></span> <span class='ocrx_word' id='word_1_14' title='bbox 1137 272 1254 322; x_wconf 87' lang='lat' dir='ltr'><strong>VSI</strong></span> <span class='ocrx_word' id='word_1_15' title='bbox 1274 272 1442 322; x_wconf 89' lang='lat' dir='ltr'><em>SINT</em></span> <span class='ocrx_word' id='word_1_16' title='bbox 1462 268 1732 331; x_wconf 81' lang='lat' dir='ltr'><em>QVIBVS</em></span> 
     </span>
     <span class='ocr_line' id='line_1_4' title="bbox 341 343 1534 406; baseline 0 -13"><span class='ocrx_word' id='word_1_17' title='bbox 341 344 684 395; x_wconf 85' lang='lat' dir='ltr'><em>SVSPECTI</em></span> <span class='ocrx_word' id='word_1_18' title='bbox 713 343 1105 392; x_wconf 85' lang='lat' dir='ltr'><em>DOMESTICI</em></span> <span class='ocrx_word' id='word_1_19' title='bbox 1134 343 1534 406; x_wconf 58' lang='lat' dir='ltr'><em>FVERVNT„</em></span> 
     </span>
    </p>

    <p class='ocr_par' dir='ltr' id='par_1_4' title="bbox 108 409 1772 692">
     <span class='ocr_line' id='line_1_5' title="bbox 216 409 1726 481; baseline -0.002 -16"><span class='ocrx_word' id='word_1_20' title='bbox 216 413 269 465; x_wconf 78' lang='lat'><strong>2.</strong></span> <span class='ocrx_word' id='word_1_21' title='bbox 307 411 567 464; x_wconf 82' lang='lat' dir='ltr'><strong>Referam</strong></span> <span class='ocrx_word' id='word_1_22' title='bbox 590 429 733 462; x_wconf 91' lang='lat' dir='ltr'><strong>nunc</strong></span> <span class='ocrx_word' id='word_1_23' title='bbox 760 429 850 463; x_wconf 89' lang='lat' dir='ltr'><strong>eos</strong></span> <span class='ocrx_word' id='word_1_24' title='bbox 866 450 880 477; x_wconf 95' lang='lat'><strong>,</strong></span> <span class='ocrx_word' id='word_1_25' title='bbox 924 410 1121 481; x_wconf 90' lang='lat' dir='ltr'><strong>quibus</strong></span> <span class='ocrx_word' id='word_1_26' title='bbox 1158 409 1295 462; x_wconf 86' lang='lat' dir='ltr'><strong>alios</strong></span> <span class='ocrx_word' id='word_1_27' title='bbox 1323 417 1607 481; x_wconf 87' lang='lat' dir='ltr'><strong>suspectos</strong></span> <span class='ocrx_word' id='word_1_28' title='bbox 1634 410 1726 463; x_wconf 85' lang='lat' dir='ltr'><strong>ha-</strong></span> 
     </span>
     <span class='ocr_line' id='line_1_6' title="bbox 110 479 1729 552; baseline -0.002 -16"><span class='ocrx_word' id='word_1_29' title='bbox 110 483 367 536; x_wconf 83' lang='lat' dir='ltr'><strong>bentibus</strong></span> <span class='ocrx_word' id='word_1_30' title='bbox 395 481 721 552; x_wconf 78' lang='lat' dir='ltr'><strong>exquisitior</strong></span> <span class='ocrx_word' id='word_1_31' title='bbox 748 481 833 533; x_wconf 89' lang='lat' dir='ltr'><strong>sui</strong></span> <span class='ocrx_word' id='word_1_32' title='bbox 860 480 1109 551; x_wconf 88' lang='lat' dir='ltr'><strong>quaesita</strong></span> <span class='ocrx_word' id='word_1_33' title='bbox 1133 479 1386 534; x_wconf 88' lang='lat' dir='ltr'><strong>custodia</strong></span> <span class='ocrx_word' id='word_1_34' title='bbox 1411 490 1522 534; x_wconf 87' lang='lat' dir='ltr'><strong>est:</strong></span> <span class='ocrx_word' id='word_1_35' title='bbox 1571 500 1670 534; x_wconf 84' lang='lat' dir='ltr'><strong>nec</strong></span> <span class='ocrx_word' id='word_1_36' title='bbox 1697 500 1729 533; x_wconf 90' lang='lat' dir='ltr'><strong>a</strong></span> 
     </span>
     <span class='ocr_line' id='line_1_7' title="bbox 108 551 1772 622; baseline -0.004 -16"><span class='ocrx_word' id='word_1_37' title='bbox 108 554 412 606; x_wconf 75' lang='lat' dir='ltr'><strong>miserrimo</strong></span> <span class='ocrx_word' id='word_1_38' title='bbox 429 593 442 618; x_wconf 95' lang='lat'><strong>,</strong></span> <span class='ocrx_word' id='word_1_39' title='bbox 483 551 580 603; x_wconf 90' lang='lat' dir='ltr'><strong>sed</strong></span> <span class='ocrx_word' id='word_1_40' title='bbox 616 552 685 604; x_wconf 90' lang='lat' dir='ltr'><strong>ab</strong></span> <span class='ocrx_word' id='word_1_41' title='bbox 724 569 813 619; x_wconf 88' lang='lat' dir='ltr'><strong>ec,</strong></span> <span class='ocrx_word' id='word_1_42' title='bbox 854 551 948 621; x_wconf 89' lang='lat' dir='ltr'><strong>qui</strong></span> <span class='ocrx_word' id='word_1_43' title='bbox 974 552 1118 603; x_wconf 88' lang='lat' dir='ltr'><strong>inter</strong></span> <span class='ocrx_word' id='word_1_44' title='bbox 1143 570 1348 622; x_wconf 86' lang='lat' dir='ltr'><strong>paucos</strong></span> <span class='ocrx_word' id='word_1_45' title='bbox 1377 551 1727 605; x_wconf 88' lang='lat' dir='ltr'><strong>felicissimus</strong></span> <span class='ocrx_word' id='word_1_46' title='bbox 1752 566 1772 599; x_wconf 90' lang='lat'>5</span> 
     </span>
     <span class='ocr_line' id='line_1_8' title="bbox 110 622 874 692; baseline -0.005 -16"><span class='ocrx_word' id='word_1_47' title='bbox 110 625 282 676; x_wconf 87' lang='lat' dir='ltr'><strong>fuisse</strong></span> <span class='ocrx_word' id='word_1_48' title='bbox 311 622 570 689; x_wconf 89' lang='lat' dir='ltr'><strong>creditur,</strong></span> <span class='ocrx_word' id='word_1_49' title='bbox 597 622 874 692; x_wconf 89' lang='lat' dir='ltr'><strong>incipiam.</strong></span> 
     </span>
    </p>

    <p class='ocr_par' dir='ltr' id='par_1_5' title="bbox 110 691 1794 1099">
     <span class='ocr_line' id='line_1_9' title="bbox 216 691 1730 763; baseline -0.001 -17"><span class='ocrx_word' id='word_1_50' title='bbox 216 693 515 746; x_wconf 81' lang='lat' dir='ltr'><strong>Masinissa</strong></span> <span class='ocrx_word' id='word_1_51' title='bbox 533 711 651 759; x_wconf 82' lang='lat' dir='ltr'><strong>rex,</strong></span> <span class='ocrx_word' id='word_1_52' title='bbox 674 711 868 763; x_wconf 87' lang='lat' dir='ltr'><strong>parum</strong></span> <span class='ocrx_word' id='word_1_53' title='bbox 889 691 1017 744; x_wconf 89' lang='lat' dir='ltr'><strong>fidei</strong></span> <span class='ocrx_word' id='word_1_54' title='bbox 1038 692 1096 743; x_wconf 91' lang='lat' dir='ltr'><strong>in</strong></span> <span class='ocrx_word' id='word_1_55' title='bbox 1115 693 1428 762; x_wconf 80' lang='lat' dir='ltr'><strong>pectoribus</strong></span> <span class='ocrx_word' id='word_1_56' title='bbox 1450 691 1730 745; x_wconf 90' lang='lat' dir='ltr'><strong>hominum</strong></span> 
     </span>
     <span class='ocr_line' id='line_1_10' title="bbox 110 762 1726 835; baseline -0.001 -19"><span class='ocrx_word' id='word_1_57' title='bbox 110 783 402 835; x_wconf 88' lang='lat' dir='ltr'><strong>reponens,</strong></span> <span class='ocrx_word' id='word_1_58' title='bbox 455 763 681 816; x_wconf 89' lang='lat' dir='ltr'><strong>salutem</strong></span> <span class='ocrx_word' id='word_1_59' title='bbox 731 782 886 815; x_wconf 86' lang='lat' dir='ltr'><strong>suam</strong></span> <span class='ocrx_word' id='word_1_60' title='bbox 937 762 1188 815; x_wconf 89' lang='lat' dir='ltr'><strong>custodia</strong></span> <span class='ocrx_word' id='word_1_61' title='bbox 1233 781 1430 814; x_wconf 89' lang='lat' dir='ltr'><strong>canum</strong></span> <span class='ocrx_word' id='word_1_62' title='bbox 1479 762 1726 816; x_wconf 89' lang='lat' dir='ltr'><strong>uallauit.</strong></span> 
     </span>
     <span class='ocr_line' id='line_1_11' title="bbox 113 833 1728 905; baseline 0 -18"><span class='ocrx_word' id='word_1_63' title='bbox 113 854 219 905; x_wconf 91' lang='lat' dir='ltr'><strong>quo</strong></span> <span class='ocrx_word' id='word_1_64' title='bbox 255 842 367 887; x_wconf 90' lang='lat' dir='ltr'><strong>tam</strong></span> <span class='ocrx_word' id='word_1_65' title='bbox 402 833 512 886; x_wconf 89' lang='lat' dir='ltr'><strong>late</strong></span> <span class='ocrx_word' id='word_1_66' title='bbox 548 841 743 904; x_wconf 87' lang='lat' dir='ltr'><strong>patens</strong></span> <span class='ocrx_word' id='word_1_67' title='bbox 784 834 1112 903; x_wconf 75' lang='lat' dir='ltr'><strong>imperium?</strong></span> <span class='ocrx_word' id='word_1_68' title='bbox 1152 851 1258 904; x_wconf 90' lang='lat' dir='ltr'><strong>quo</strong></span> <span class='ocrx_word' id='word_1_69' title='bbox 1293 841 1508 886; x_wconf 90' lang='lat' dir='ltr'><strong>tantum</strong></span> <span class='ocrx_word' id='word_1_70' title='bbox 1533 833 1728 887; x_wconf 91' lang='lat' dir='ltr'><strong>libero-</strong></span> 
     </span>
     <span class='ocr_line' id='line_1_12' title="bbox 112 903 1794 976; baseline -0.004 -19"><span class='ocrx_word' id='word_1_71' title='bbox 112 924 233 958; x_wconf 86' lang='lat' dir='ltr'><strong>rum</strong></span> <span class='ocrx_word' id='word_1_72' title='bbox 268 905 592 958; x_wconf 77' lang='lat' dir='ltr'><strong>numerum‘?</strong></span> <span class='ocrx_word' id='word_1_73' title='bbox 634 923 739 976; x_wconf 89' lang='lat' dir='ltr'><strong>quo</strong></span> <span class='ocrx_word' id='word_1_74' title='bbox 780 903 1013 973; x_wconf 89' lang='lat' dir='ltr'><strong>denique</strong></span> <span class='ocrx_word' id='word_1_75' title='bbox 1050 911 1163 955; x_wconf 91' lang='lat' dir='ltr'><strong>tam</strong></span> <span class='ocrx_word' id='word_1_76' title='bbox 1199 911 1320 956; x_wconf 89' lang='lat' dir='ltr'><strong>arta</strong></span> <span class='ocrx_word' id='word_1_77' title='bbox 1353 903 1730 958; x_wconf 85' lang='lat' dir='ltr'><strong>beniuolentia</strong></span> <span class='ocrx_word' id='word_1_78' title='bbox 1754 920 1794 952; x_wconf 84' lang='lat'><strong>10</strong></span> 
     </span>
     <span class='ocr_line' id='line_1_13' title="bbox 112 974 1731 1040; baseline -0.001 -11"><span class='ocrx_word' id='word_1_79' title='bbox 112 977 464 1029; x_wconf 79' lang='lat' dir='ltr'><strong>constrictam</strong></span> <span class='ocrx_word' id='word_1_80' title='bbox 490 975 793 1028; x_wconf 85' lang='lat' dir='ltr'><strong>Romanam</strong></span> <span class='ocrx_word' id='word_1_81' title='bbox 822 974 1139 1040; x_wconf 82' lang='lat' dir='ltr'><strong>amicitiam,</strong></span> <span class='ocrx_word' id='word_1_82' title='bbox 1179 975 1226 1026; x_wconf 90' lang='lat' dir='ltr'><strong>si</strong></span> <span class='ocrx_word' id='word_1_83' title='bbox 1261 974 1333 1026; x_wconf 88' lang='lat' dir='ltr'><strong>ad</strong></span> <span class='ocrx_word' id='word_1_84' title='bbox 1366 974 1502 1027; x_wconf 90' lang='lat' dir='ltr'><strong>haec</strong></span> <span class='ocrx_word' id='word_1_85' title='bbox 1527 975 1731 1027; x_wconf 90' lang='lat' dir='ltr'><strong>tuenda</strong></span> 
     </span>
     <span class='ocr_line' id='line_1_14' title="bbox 113 1044 1532 1099; baseline -0.001 0"><span class='ocrx_word' id='word_1_86' title='bbox 113 1047 250 1099; x_wconf 90' lang='lat' dir='ltr'><strong>nihil</strong></span> <span class='ocrx_word' id='word_1_87' title='bbox 277 1047 473 1098; x_wconf 89' lang='lat' dir='ltr'><strong>canino</strong></span> <span class='ocrx_word' id='word_1_88' title='bbox 501 1045 707 1098; x_wconf 86' lang='lat' dir='ltr'><strong>latratu</strong></span> <span class='ocrx_word' id='word_1_89' title='bbox 733 1064 796 1097; x_wconf 89' lang='lat' dir='ltr'><strong>ac</strong></span> <span class='ocrx_word' id='word_1_90' title='bbox 823 1064 1008 1098; x_wconf 87' lang='lat' dir='ltr'><strong>morsu</strong></span> <span class='ocrx_word' id='word_1_91' title='bbox 1033 1044 1305 1097; x_wconf 91' lang='lat' dir='ltr'><strong>ualentius</strong></span> <span class='ocrx_word' id='word_1_92' title='bbox 1336 1045 1532 1098; x_wconf 76' lang='lat' dir='ltr'><strong>duxit?</strong></span> 
     </span>
    </p>

    <p class='ocr_par' dir='ltr' id='par_1_6' title="bbox 110 1115 1797 1680">
     <span class='ocr_line' id='line_1_15' title="bbox 218 1115 1729 1186; baseline -0.001 -17"><span class='ocrx_word' id='word_1_93' title='bbox 218 1118 267 1169; x_wconf 85' lang='lat'><strong>3.</strong></span> <span class='ocrx_word' id='word_1_94' title='bbox 304 1117 428 1170; x_wconf 90' lang='lat' dir='ltr'><strong>Hoc</strong></span> <span class='ocrx_word' id='word_1_95' title='bbox 454 1134 583 1185; x_wconf 89' lang='lat' dir='ltr'><strong>rege</strong></span> <span class='ocrx_word' id='word_1_96' title='bbox 609 1115 881 1169; x_wconf 82' lang='lat' dir='ltr'><strong>infelicior</strong></span> <span class='ocrx_word' id='word_1_97' title='bbox 908 1115 1256 1183; x_wconf 86' lang='lat' dir='ltr'><strong>Alexander,</strong></span> <span class='ocrx_word' id='word_1_98' title='bbox 1299 1117 1452 1168; x_wconf 91' lang='lat' dir='ltr'><strong>cuius</strong></span> <span class='ocrx_word' id='word_1_99' title='bbox 1480 1135 1729 1186; x_wconf 87' lang='lat' dir='ltr'><strong>praecor-</strong></span> 
     </span>
     <span class='ocr_line' id='line_1_16' title="bbox 111 1186 1729 1254; baseline 0 -15"><span class='ocrx_word' id='word_1_100' title='bbox 111 1187 206 1239; x_wconf 71' lang='lat' dir='ltr'><strong>diva</strong></span> <span class='ocrx_word' id='word_1_101' title='bbox 230 1188 358 1239; x_wconf 91' lang='lat' dir='ltr'><strong>hinc</strong></span> <span class='ocrx_word' id='word_1_102' title='bbox 382 1205 563 1254; x_wconf 91' lang='lat' dir='ltr'><strong>amor,</strong></span> <span class='ocrx_word' id='word_1_103' title='bbox 601 1186 726 1238; x_wconf 92' lang='lat' dir='ltr'><strong>hinc</strong></span> <span class='ocrx_word' id='word_1_104' title='bbox 763 1194 940 1239; x_wconf 87' lang='lat' dir='ltr'><strong>metus</strong></span> <span class='ocrx_word' id='word_1_105' title='bbox 967 1194 1259 1239; x_wconf 89' lang='lat' dir='ltr'><strong>torserunt.</strong></span> <span class='ocrx_word' id='word_1_106' title='bbox 1309 1205 1437 1238; x_wconf 82' lang='lat' dir='ltr'><strong>nam</strong></span> <span class='ocrx_word' id='word_1_107' title='bbox 1463 1205 1585 1239; x_wconf 89' lang='lat' dir='ltr'><strong>cum</strong></span> <span class='ocrx_word' id='word_1_108' title='bbox 1613 1187 1729 1239; x_wconf 87' lang='lat' dir='ltr'><strong>infi-</strong></span> 
     </span>
     <span class='ocr_line' id='line_1_17' title="bbox 111 1256 1796 1326; baseline -0.004 -17"><span class='ocrx_word' id='word_1_109' title='bbox 111 1259 227 1310; x_wconf 89' lang='lat' dir='ltr'><strong>nito</strong></span> <span class='ocrx_word' id='word_1_110' title='bbox 256 1257 449 1310; x_wconf 86' lang='lat' dir='ltr'><strong>ardore</strong></span> <span class='ocrx_word' id='word_1_111' title='bbox 476 1257 721 1326; x_wconf 87' lang='lat' dir='ltr'><strong>coniugis</strong></span> <span class='ocrx_word' id='word_1_112' title='bbox 748 1256 965 1309; x_wconf 84' lang='lat' dir='ltr'><strong>Thebes</strong></span> <span class='ocrx_word' id='word_1_113' title='bbox 994 1265 1287 1324; x_wconf 89' lang='lat' dir='ltr'><strong>teneretur,</strong></span> <span class='ocrx_word' id='word_1_114' title='bbox 1317 1257 1389 1309; x_wconf 85' lang='lat' dir='ltr'><strong>ad</strong></span> <span class='ocrx_word' id='word_1_115' title='bbox 1412 1257 1642 1309; x_wconf 88' lang='lat' dir='ltr'><strong>eandem</strong></span> <span class='ocrx_word' id='word_1_116' title='bbox 1661 1276 1731 1309; x_wconf 80' lang='lat' dir='ltr'><strong>ex</strong></span> <span class='ocrx_word' id='word_1_117' title='bbox 1754 1271 1796 1304; x_wconf 87' lang='lat'><strong>15</strong></span> 
     </span>
     <span class='ocr_line' id='line_1_18' title="bbox 114 1326 1732 1399; baseline -0.001 -19"><span class='ocrx_word' id='word_1_118' title='bbox 114 1327 287 1399; x_wconf 89' lang='lat' dir='ltr'><strong>epulis</strong></span> <span class='ocrx_word' id='word_1_119' title='bbox 325 1330 381 1379; x_wconf 92' lang='lat' dir='ltr'><strong>in</strong></span> <span class='ocrx_word' id='word_1_120' title='bbox 403 1326 723 1380; x_wconf 67' lang='lat' dir='ltr'><strong>‘cubiculum</strong></span> <span class='ocrx_word' id='word_1_121' title='bbox 749 1327 995 1393; x_wconf 74' lang='lat' dir='ltr'><strong>uenienS,</strong></span> <span class='ocrx_word' id='word_1_122' title='bbox 1036 1327 1337 1380; x_wconf 84' lang='lat' dir='ltr'><strong>barbarum</strong></span> <span class='ocrx_word' id='word_1_123' title='bbox 1365 1337 1732 1395; x_wconf 78' lang='lat' dir='ltr'><strong>conpunctum</strong></span> 
     </span>
     <span class='ocr_line' id='line_1_19' title="bbox 111 1397 1733 1467; baseline 0 -17"><span class='ocrx_word' id='word_1_124' title='bbox 111 1398 255 1452; x_wconf 91' lang='lat' dir='ltr'><strong>notis</strong></span> <span class='ocrx_word' id='word_1_125' title='bbox 302 1399 549 1450; x_wconf 88' lang='lat' dir='ltr'><strong>Thraciis</strong></span> <span class='ocrx_word' id='word_1_126' title='bbox 597 1398 788 1451; x_wconf 79' lang='lat' dir='ltr'><strong>stricto</strong></span> <span class='ocrx_word' id='word_1_127' title='bbox 834 1397 1019 1467; x_wconf 87' lang='lat' dir='ltr'><strong>gladio</strong></span> <span class='ocrx_word' id='word_1_128' title='bbox 1063 1397 1293 1450; x_wconf 89' lang='lat' dir='ltr'><strong>iubebat</strong></span> <span class='ocrx_word' id='word_1_129' title='bbox 1346 1400 1581 1465; x_wconf 90' lang='lat' dir='ltr'><strong>anteire,</strong></span> <span class='ocrx_word' id='word_1_130' title='bbox 1634 1417 1733 1452; x_wconf 85' lang='lat' dir='ltr'><strong>nec</strong></span> 
     </span>
     <span class='ocr_line' id='line_1_20' title="bbox 111 1467 1731 1539; baseline -0.001 -18"><span class='ocrx_word' id='word_1_131' title='bbox 111 1469 264 1539; x_wconf 85' lang='lat' dir='ltr'><strong>prius</strong></span> <span class='ocrx_word' id='word_1_132' title='bbox 293 1488 350 1521; x_wconf 90' lang='lat' dir='ltr'><strong>se</strong></span> <span class='ocrx_word' id='word_1_133' title='bbox 376 1468 580 1522; x_wconf 87' lang='lat' dir='ltr'><strong>ibidem</strong></span> <span class='ocrx_word' id='word_1_134' title='bbox 605 1467 745 1521; x_wconf 90' lang='lat' dir='ltr'><strong>lecto</strong></span> <span class='ocrx_word' id='word_1_135' title='bbox 773 1468 1154 1521; x_wconf 85' lang='lat' dir='ltr'><strong>committebat</strong></span> <span class='ocrx_word' id='word_1_136' title='bbox 1184 1487 1347 1539; x_wconf 88' lang='lat' dir='ltr'><strong>quam</strong></span> <span class='ocrx_word' id='word_1_137' title='bbox 1385 1487 1417 1519; x_wconf 90' lang='lat' dir='ltr'><strong>a</strong></span> <span class='ocrx_word' id='word_1_138' title='bbox 1455 1469 1731 1538; x_wconf 87' lang='lat' dir='ltr'><strong>stipatori-</strong></span> 
     </span>
     <span class='ocr_line' id='line_1_21' title="bbox 110 1537 1732 1608; baseline -0.001 -15"><span class='ocrx_word' id='word_1_139' title='bbox 110 1540 217 1593; x_wconf 87' lang='lat' dir='ltr'><strong>bus</strong></span> <span class='ocrx_word' id='word_1_140' title='bbox 246 1538 538 1608; x_wconf 85' lang='lat' dir='ltr'><strong>diligenter</strong></span> <span class='ocrx_word' id='word_1_141' title='bbox 565 1548 710 1591; x_wconf 90' lang='lat' dir='ltr'><strong>esset</strong></span> <span class='ocrx_word' id='word_1_142' title='bbox 739 1546 1034 1591; x_wconf 89' lang='lat' dir='ltr'><strong>scrutatus.</strong></span> <span class='ocrx_word' id='word_1_143' title='bbox 1081 1537 1412 1608; x_wconf 90' lang='lat' dir='ltr'><strong>supplicium</strong></span> <span class='ocrx_word' id='word_1_144' title='bbox 1437 1539 1578 1592; x_wconf 89' lang='lat' dir='ltr'><strong>irato</strong></span> <span class='ocrx_word' id='word_1_145' title='bbox 1608 1539 1732 1592; x_wconf 90' lang='lat' dir='ltr'><strong>deo-</strong></span> 
     </span>
     <span class='ocr_line' id='line_1_22' title="bbox 112 1608 1797 1680; baseline -0.001 -18"><span class='ocrx_word' id='word_1_146' title='bbox 112 1628 236 1662; x_wconf 90' lang='lat' dir='ltr'><strong>rum</strong></span> <span class='ocrx_word' id='word_1_147' title='bbox 260 1610 482 1661; x_wconf 90' lang='lat' dir='ltr'><strong>numine</strong></span> <span class='ocrx_word' id='word_1_148' title='bbox 503 1610 886 1680; x_wconf 86' lang='lat' dir='ltr'><strong>compositum,</strong></span> <span class='ocrx_word' id='word_1_149' title='bbox 914 1608 1327 1680; x_wconf 72' lang='lat' dir='ltr'><strong>neque‘libidini</strong></span> <span class='ocrx_word' id='word_1_150' title='bbox 1346 1628 1520 1680; x_wconf 89' lang='lat' dir='ltr'><strong>neque</strong></span> <span class='ocrx_word' id='word_1_151' title='bbox 1546 1610 1732 1663; x_wconf 91' lang='lat' dir='ltr'><strong>timori</strong></span> <span class='ocrx_word' id='word_1_152' title='bbox 1755 1624 1797 1656; x_wconf 79' lang='lat'><strong>20</strong></span> 
     </span>
    </p>

    <p class='ocr_par' dir='ltr' id='par_1_7' title="bbox 112 1679 1734 1875">
     <span class='ocr_line' id='line_1_23' title="bbox 154 1679 1732 1750; baseline 0 -19"><span class='ocrx_word' id='word_1_153' title='bbox 154 1698 276 1731; x_wconf 90' lang='lat' dir='ltr'><strong>osse</strong></span> <span class='ocrx_word' id='word_1_154' title='bbox 302 1680 591 1750; x_wconf 89' lang='lat' dir='ltr'><strong>imperare.</strong></span> <span class='ocrx_word' id='word_1_155' title='bbox 640 1679 793 1731; x_wconf 91' lang='lat' dir='ltr'><strong>cuius</strong></span> <span class='ocrx_word' id='word_1_156' title='bbox 817 1679 1032 1732; x_wconf 89' lang='lat' dir='ltr'><strong>timoris</strong></span> <span class='ocrx_word' id='word_1_157' title='bbox 1062 1679 1251 1732; x_wconf 89' lang='lat' dir='ltr'><strong>eadem</strong></span> <span class='ocrx_word' id='word_1_158' title='bbox 1275 1687 1328 1731; x_wconf 90' lang='lat' dir='ltr'><strong>et</strong></span> <span class='ocrx_word' id='word_1_159' title='bbox 1348 1698 1516 1731; x_wconf 91' lang='lat' dir='ltr'><strong>causa</strong></span> <span class='ocrx_word' id='word_1_160' title='bbox 1535 1689 1589 1732; x_wconf 92' lang='lat' dir='ltr'><strong>et</strong></span> <span class='ocrx_word' id='word_1_161' title='bbox 1610 1680 1732 1731; x_wconf 89' lang='lat' dir='ltr'><strong>finis</strong></span> 
     </span>
     <span class='ocr_line' id='line_1_24' title="bbox 112 1699 1734 1820; baseline 0 -18"><span class='ocrx_word' id='word_1_162' title='bbox 112 1699 245 1802; x_wconf 50' lang='lat' dir='ltr'><strong>Fuit:</strong></span> <span class='ocrx_word' id='word_1_163' title='bbox 296 1749 676 1802; x_wconf 80' lang='lat' dir='ltr'><strong>Alexandrum</strong></span> <span class='ocrx_word' id='word_1_164' title='bbox 716 1749 858 1801; x_wconf 89' lang='lat' dir='ltr'><strong>enim</strong></span> <span class='ocrx_word' id='word_1_165' title='bbox 897 1749 1087 1803; x_wconf 87' lang='lat' dir='ltr'><strong>Thebe</strong></span> <span class='ocrx_word' id='word_1_166' title='bbox 1123 1748 1426 1820; x_wconf 87' lang='lat' dir='ltr'><strong>paelicatus</strong></span> <span class='ocrx_word' id='word_1_167' title='bbox 1466 1751 1550 1802; x_wconf 86' lang='lat' dir='ltr'><strong>ira</strong></span> <span class='ocrx_word' id='word_1_168' title='bbox 1585 1758 1734 1802; x_wconf 87' lang='lat' dir='ltr'><strong>mota</strong></span> 
     </span>
     <span class='ocr_line' id='line_1_25' title="bbox 117 1821 410 1875; baseline 0.007 -3"><span class='ocrx_word' id='word_1_169' title='bbox 117 1821 410 1875; x_wconf 81' lang='lat' dir='ltr'><strong>interemit.</strong></span> 
     </span>
    </p>

    <p class='ocr_par' dir='ltr' id='par_1_8' title="bbox 107 1890 1798 2172">
     <span class='ocr_line' id='line_1_26' title="bbox 220 1890 1731 1960; baseline -0.001 -18"><span class='ocrx_word' id='word_1_170' title='bbox 220 1890 272 1942; x_wconf 89' lang='grc'><strong>4.</strong></span> <span class='ocrx_word' id='word_1_171' title='bbox 313 1891 452 1959; x_wconf 81' lang='lat' dir='ltr'><strong>Age,</strong></span> <span class='ocrx_word' id='word_1_172' title='bbox 474 1890 797 1960; x_wconf 79' lang='lat' dir='ltr'><strong>DionysiuS,</strong></span> <span class='ocrx_word' id='word_1_173' title='bbox 824 1890 1293 1960; x_wconf 83' lang='lat' dir='ltr'><strong>Syracusanorum</strong></span> <span class='ocrx_word' id='word_1_174' title='bbox 1325 1898 1612 1960; x_wconf 88' lang='lat' dir='ltr'><strong>tyrannus,</strong></span> <span class='ocrx_word' id='word_1_175' title='bbox 1635 1890 1731 1942; x_wconf 94' lang='lat' dir='ltr'><strong>hu-</strong></span> 
     </span>
     <span class='ocr_line' id='line_1_27' title="bbox 115 1959 1798 2031; baseline 0.001 -19"><span class='ocrx_word' id='word_1_176' title='bbox 115 1962 265 2013; x_wconf 91' lang='lat' dir='ltr'><strong>iusce</strong></span> <span class='ocrx_word' id='word_1_177' title='bbox 300 1960 560 2014; x_wconf 88' lang='lat' dir='ltr'><strong>tormenti</strong></span> <span class='ocrx_word' id='word_1_178' title='bbox 597 1979 760 2030; x_wconf 89' lang='lat' dir='ltr'><strong>quam</strong></span> <span class='ocrx_word' id='word_1_179' title='bbox 804 1959 969 2029; x_wconf 89' lang='lat' dir='ltr'><strong>longa</strong></span> <span class='ocrx_word' id='word_1_180' title='bbox 1012 1960 1228 2013; x_wconf 84' lang='lat' dir='ltr'><strong>fabula!</strong></span> <span class='ocrx_word' id='word_1_181' title='bbox 1282 1961 1373 2031; x_wconf 88' lang='lat' dir='ltr'><strong>qui</strong></span> <span class='ocrx_word' id='word_1_182' title='bbox 1420 1960 1731 2031; x_wconf 88' lang='lat' dir='ltr'><strong>duodequa-</strong></span> <span class='ocrx_word' id='word_1_183' title='bbox 1755 1974 1798 2007; x_wconf 79' lang='lat'><strong>25</strong></span> 
     </span>
     <span class='ocr_line' id='line_1_28' title="bbox 107 2030 1734 2102; baseline -0.001 -18"><span class='ocrx_word' id='word_1_184' title='bbox 107 2031 374 2099; x_wconf 81' lang='lat' dir='ltr'><strong>draginta</strong></span> <span class='ocrx_word' id='word_1_185' title='bbox 394 2049 659 2084; x_wconf 89' lang='lat' dir='ltr'><strong>annorum</strong></span> <span class='ocrx_word' id='word_1_186' title='bbox 682 2030 1109 2085; x_wconf 86' lang='lat' dir='ltr'><strong>dominationem</strong></span> <span class='ocrx_word' id='word_1_187' title='bbox 1128 2034 1185 2083; x_wconf 89' lang='lat' dir='ltr'><strong>in</strong></span> <span class='ocrx_word' id='word_1_188' title='bbox 1205 2030 1347 2082; x_wconf 90' lang='lat' dir='ltr'><strong>hunc</strong></span> <span class='ocrx_word' id='word_1_189' title='bbox 1368 2031 1591 2084; x_wconf 90' lang='lat' dir='ltr'><strong>modum</strong></span> <span class='ocrx_word' id='word_1_190' title='bbox 1617 2050 1734 2102; x_wconf 89' lang='lat' dir='ltr'><strong>per-</strong></span> 
     </span>
     <span class='ocr_line' id='line_1_29' title="bbox 123 2101 1733 2172; baseline 0 -18"><span class='ocrx_word' id='word_1_191' title='bbox 123 2103 252 2172; x_wconf 84' lang='lat' dir='ltr'><strong>egit.</strong></span> <span class='ocrx_word' id='word_1_192' title='bbox 333 2101 617 2155; x_wconf 88' lang='lat' dir='ltr'><strong>summotis</strong></span> <span class='ocrx_word' id='word_1_193' title='bbox 647 2102 838 2153; x_wconf 88' lang='lat' dir='ltr'><strong>amicis</strong></span> <span class='ocrx_word' id='word_1_194' title='bbox 865 2103 922 2153; x_wconf 93' lang='lat' dir='ltr'><strong>in</strong></span> <span class='ocrx_word' id='word_1_195' title='bbox 950 2120 1137 2154; x_wconf 90' lang='lat' dir='ltr'><strong>eorum</strong></span> <span class='ocrx_word' id='word_1_196' title='bbox 1162 2101 1343 2156; x_wconf 90' lang='lat' dir='ltr'><strong>locum</strong></span> <span class='ocrx_word' id='word_1_197' title='bbox 1370 2101 1733 2154; x_wconf 86' lang='lat' dir='ltr'><strong>ferocissima-</strong></span> 
     </span>
    </p>
   </div>
   <div class='ocr_carea' id='block_1_4' title="bbox 116 2197 1849 2289">
    <p class='ocr_par' dir='ltr' id='par_1_9' title="bbox 116 2197 1849 2289">
     <span class='ocr_line' id='line_1_30' title="bbox 116 2197 1849 2289; baseline -0.002 -10"><span class='ocrx_word' id='word_1_198' title='bbox 116 2234 354 2280; x_wconf 78' lang='lat' dir='ltr'><strong>subtraxit.</strong></span> <span class='ocrx_word' id='word_1_199' title='bbox 418 2240 458 2279; x_wconf 81' lang='lat'><strong>2.</strong></span> <span class='ocrx_word' id='word_1_200' title='bbox 500 2234 690 2289; x_wconf 89' lang='lat' dir='ltr'><em>QVAM</em></span> <span class='ocrx_word' id='word_1_201' title='bbox 714 2234 1083 2289; x_wconf 83' lang='lat' dir='ltr'><em>EXQVISITA</em></span> <span class='ocrx_word' id='word_1_202' title='bbox 1110 2197 1380 2289; x_wconf 83' lang='lat' dir='ltr'><em>QVIDAM</em></span> <span class='ocrx_word' id='word_1_203' title='bbox 1405 2235 1734 2281; x_wconf 85' lang='lat' dir='ltr'><strong>CVSTODIA</strong></span> <span class='ocrx_word' id='word_1_204' title='bbox 1759 2241 1849 2276; x_wconf 86' lang='lat' dir='ltr'><strong>Par.</strong></span> 
     </span>
    </p>
   </div>
   <div class='ocr_carea' id='block_1_5' title="bbox 117 2303 1800 2506">
    <p class='ocr_par' dir='ltr' id='par_1_10' title="bbox 117 2303 1800 2506">
     <span class='ocr_line' id='line_1_31' title="bbox 129 2303 1734 2367; baseline 0.001 -18"><span class='ocrx_word' id='word_1_205' title='bbox 129 2303 237 2349; x_wconf 91' lang='lat' dir='ltr'><em>VSI</em></span> <span class='ocrx_word' id='word_1_206' title='bbox 272 2303 441 2367; x_wconf 58' lang='lat' dir='ltr'><em>SINT,</em></span> <span class='ocrx_word' id='word_1_207' title='bbox 501 2306 734 2350; x_wconf 81' lang='lat' dir='ltr'><strong>Masinissa</strong></span> <span class='ocrx_word' id='word_1_208' title='bbox 770 2319 870 2355; x_wconf 84' lang='lat' dir='ltr'><strong>rex,</strong></span> <span class='ocrx_word' id='word_1_209' title='bbox 908 2319 1066 2365; x_wconf 81' lang='lat' dir='ltr'><strong>parum</strong></span> <span class='ocrx_word' id='word_1_210' title='bbox 1095 2305 1197 2350; x_wconf 69' lang='lat' dir='ltr'><strong>fidei</strong></span> <span class='ocrx_word' id='word_1_211' title='bbox 1224 2307 1270 2350; x_wconf 92' lang='lat' dir='ltr'><strong>in</strong></span> <span class='ocrx_word' id='word_1_212' title='bbox 1298 2306 1560 2366; x_wconf 83' lang='lat' dir='ltr'><strong>pectoribus</strong></span> <span class='ocrx_word' id='word_1_213' title='bbox 1590 2306 1734 2352; x_wconf 85' lang='lat' dir='ltr'><strong>horni-</strong></span> 
     </span>
     <span class='ocr_line' id='line_1_32' title="bbox 117 2375 1800 2436; baseline 0.002 -18"><span class='ocrx_word' id='word_1_214' title='bbox 117 2388 224 2418; x_wconf 91' lang='lat' dir='ltr'><strong>num</strong></span> <span class='ocrx_word' id='word_1_215' title='bbox 252 2388 503 2434; x_wconf 86' lang='lat' dir='ltr'><strong>reponens,</strong></span> <span class='ocrx_word' id='word_1_216' title='bbox 539 2375 744 2419; x_wconf 82' lang='lat' dir='ltr'><strong>custodia</strong></span> <span class='ocrx_word' id='word_1_217' title='bbox 775 2389 822 2420; x_wconf 90' lang='lat' dir='ltr'><strong>se</strong></span> <span class='ocrx_word' id='word_1_218' title='bbox 849 2390 1010 2420; x_wconf 82' lang='lat' dir='ltr'><strong>canum</strong></span> <span class='ocrx_word' id='word_1_219' title='bbox 1040 2376 1241 2420; x_wconf 77' lang='lat' dir='ltr'><strong>uallauit.</strong></span> <span class='ocrx_word' id='word_1_220' title='bbox 1318 2380 1359 2422; x_wconf 87' lang='lat'><strong>4.</strong></span> <span class='ocrx_word' id='word_1_221' title='bbox 1396 2377 1638 2436; x_wconf 82' lang='lat' dir='ltr'><strong>Dionysius</strong></span> <span class='ocrx_word' id='word_1_222' title='bbox 1667 2383 1734 2436; x_wconf 82' lang='lat' dir='ltr'><strong>ty·</strong></span> <span class='ocrx_word' id='word_1_223' title='bbox 1759 2382 1800 2413; x_wconf 83' lang='lat'><strong>30</strong></span> 
     </span>
     <span class='ocr_line' id='line_1_33' title="bbox 119 2431 1736 2506; baseline 0.002 -18"><span class='ocrx_word' id='word_1_224' title='bbox 119 2458 290 2489; x_wconf 81' lang='lat' dir='ltr'><strong>rannus</strong></span> <span class='ocrx_word' id='word_1_225' title='bbox 334 2451 456 2489; x_wconf 79' lang='lat' dir='ltr'><strong>metu</strong></span> <span class='ocrx_word' id='word_1_226' title='bbox 504 2451 741 2489; x_wconf 84' lang='lat' dir='ltr'><strong>tonsorum</strong></span> <span class='ocrx_word' id='word_1_227' title='bbox 786 2431 902 2490; x_wconf 64' lang='lat' dir='ltr'><strong>filias</strong></span> <span class='ocrx_word' id='word_1_228' title='bbox 942 2460 1048 2490; x_wconf 84' lang='lat' dir='ltr'><strong>suas</strong></span> <span class='ocrx_word' id='word_1_229' title='bbox 1088 2445 1336 2490; x_wconf 81' lang='lat' dir='ltr'><strong>detondere</strong></span> <span class='ocrx_word' id='word_1_230' title='bbox 1375 2446 1543 2491; x_wconf 84' lang='lat' dir='ltr'><strong>docuit.</strong></span> <span class='ocrx_word' id='word_1_231' title='bbox 1624 2461 1736 2506; x_wconf 79' lang='lat' dir='ltr'><strong>quas</strong></span> 
     </span>
    </p>
   </div>
   <div class='ocr_carea' id='block_1_6' title="bbox 119 2565 1741 3017">
    <p class='ocr_par' dir='ltr' id='par_1_11' title="bbox 119 2565 1741 2958">
     <span class='ocr_line' id='line_1_34' title="bbox 233 2565 1738 2621; baseline 0.001 -14"><span class='ocrx_word' id='word_1_232' title='bbox 233 2570 258 2607; x_wconf 90' lang='lat'><strong>3</strong></span> <span class='ocrx_word' id='word_1_233' title='bbox 282 2567 399 2606; x_wconf 86' lang='lat' dir='ltr'><strong>alios</strong></span> <span class='ocrx_word' id='word_1_234' title='bbox 422 2570 662 2618; x_wconf 88' lang='lat' dir='ltr'><strong>suspectos</strong></span> <span class='ocrx_word' id='word_1_235' title='bbox 685 2572 725 2607; x_wconf 84' lang='lat' dir='ltr'><strong>et</strong></span> <span class='ocrx_word' id='word_1_236' title='bbox 749 2568 963 2617; x_wconf 82' lang='lat' dir='ltr'><strong>quaesita</strong></span> <span class='ocrx_word' id='word_1_237' title='bbox 985 2581 1093 2607; x_wconf 83' lang='lat' dir='ltr'><strong>nunc</strong></span> <span class='ocrx_word' id='word_1_238' title='bbox 1114 2570 1234 2608; x_wconf 80' lang='lat' dir='ltr'><strong>deest</strong></span> <span class='ocrx_word' id='word_1_239' title='bbox 1254 2569 1297 2608; x_wconf 79' lang='lat' dir='ltr'><strong>in</strong></span> <span class='ocrx_word' id='word_1_240' title='bbox 1319 2568 1360 2607; x_wconf 91' lang='lat' dir='ltr'><em>B</em></span> <span class='ocrx_word' id='word_1_241' title='bbox 1381 2565 1400 2621; x_wconf 82' lang='grc' dir='ltr'>Η</span> <span class='ocrx_word' id='word_1_242' title='bbox 1431 2569 1547 2608; x_wconf 84' lang='lat' dir='ltr'><strong>alios</strong></span> <span class='ocrx_word' id='word_1_243' title='bbox 1571 2571 1738 2609; x_wconf 81' lang='lat' dir='ltr'><strong>Periz.:</strong></span> 
     </span>
     <span class='ocr_line' id='line_1_35' title="bbox 121 2623 1740 2675; baseline 0.001 -12"><span class='ocrx_word' id='word_1_244' title='bbox 121 2623 299 2675; x_wconf 82' lang='lat' dir='ltr'><strong>aliquos</strong></span> <span class='ocrx_word' id='word_1_245' title='bbox 321 2623 421 2662; x_wconf 82' lang='lat' dir='ltr'><strong>libri</strong></span> <span class='ocrx_word' id='word_1_246' title='bbox 496 2626 521 2664; x_wconf 88' lang='lat'><em>8</em></span> <span class='ocrx_word' id='word_1_247' title='bbox 545 2623 776 2663; x_wconf 71' lang='lat' dir='ltr'><strong>custodia&#39;*</strong></span> <span class='ocrx_word' id='word_1_248' title='bbox 802 2623 841 2663; x_wconf 88' lang='lat' dir='ltr'><em>B</em></span> <span class='ocrx_word' id='word_1_249' title='bbox 910 2626 935 2664; x_wconf 88' lang='grc'>9</span> <span class='ocrx_word' id='word_1_250' title='bbox 959 2629 1115 2664; x_wconf 85' lang='lat' dir='ltr'><strong>tantus</strong></span> <span class='ocrx_word' id='word_1_251' title='bbox 1137 2645 1188 2651; x_wconf 84' lang='lat'><strong>——</strong></span> <span class='ocrx_word' id='word_1_252' title='bbox 1213 2637 1427 2664; x_wconf 85' lang='lat' dir='ltr'><strong>numerus</strong></span> <span class='ocrx_word' id='word_1_253' title='bbox 1452 2626 1490 2664; x_wconf 87' lang='lat' dir='ltr'><em>D</em></span> <span class='ocrx_word' id='word_1_254' title='bbox 1562 2627 1613 2665; x_wconf 90' lang='lat'><strong>10</strong></span> <span class='ocrx_word' id='word_1_255' title='bbox 1636 2629 1740 2665; x_wconf 85' lang='lat' dir='ltr'><strong>arta</strong></span> 
     </span>
     <span class='ocr_line' id='line_1_36' title="bbox 119 2680 1738 2726; baseline 0.001 -6"><span class='ocrx_word' id='word_1_256' title='bbox 119 2680 175 2726; x_wconf 87' lang='lat' dir='ltr'><strong>B,</strong></span> <span class='ocrx_word' id='word_1_257' title='bbox 197 2681 277 2719; x_wconf 82' lang='lat' dir='ltr'><strong>sed</strong></span> <span class='ocrx_word' id='word_1_258' title='bbox 299 2686 344 2719; x_wconf 76' lang='lat' dir='ltr'><strong>ta</strong></span> <span class='ocrx_word' id='word_1_259' title='bbox 367 2682 408 2719; x_wconf 80' lang='lat' dir='ltr'><strong>in</strong></span> <span class='ocrx_word' id='word_1_260' title='bbox 429 2693 517 2720; x_wconf 81' lang='lat' dir='ltr'><strong>ras.</strong></span> <span class='ocrx_word' id='word_1_261' title='bbox 539 2681 696 2719; x_wconf 81' lang='lat' dir='ltr'><strong>maiore</strong></span> <span class='ocrx_word' id='word_1_262' title='bbox 767 2682 816 2719; x_wconf 88' lang='grc'><strong>11</strong></span> <span class='ocrx_word' id='word_1_263' title='bbox 842 2680 1096 2719; x_wconf 83' lang='lat' dir='ltr'><strong>constricta</strong></span> <span class='ocrx_word' id='word_1_264' title='bbox 1118 2692 1308 2720; x_wconf 83' lang='lat' dir='ltr'><strong>romana</strong></span> <span class='ocrx_word' id='word_1_265' title='bbox 1331 2682 1540 2720; x_wconf 86' lang='lat' dir='ltr'><strong>amicitia</strong></span> <span class='ocrx_word' id='word_1_266' title='bbox 1563 2681 1604 2720; x_wconf 92' lang='lat' dir='ltr'><em>B</em></span> <span class='ocrx_word' id='word_1_267' title='bbox 1688 2683 1738 2722; x_wconf 85' lang='lat'><strong>15</strong></span> 
     </span>
     <span class='ocr_line' id='line_1_37' title="bbox 119 2730 1736 2791; baseline 0.002 -16"><span class='ocrx_word' id='word_1_268' title='bbox 119 2735 273 2776; x_wconf 82' lang='lat' dir='ltr'><strong>thebis</strong></span> <span class='ocrx_word' id='word_1_269' title='bbox 296 2736 319 2775; x_wconf 80' lang='lat' dir='ltr'><em>b</em></span> <span class='ocrx_word' id='word_1_270' title='bbox 403 2737 453 2775; x_wconf 88' lang='grc'><strong>16</strong></span> <span class='ocrx_word' id='word_1_271' title='bbox 477 2736 769 2776; x_wconf 85' lang='lat' dir='ltr'><strong>coniunctum</strong></span> <span class='ocrx_word' id='word_1_272' title='bbox 791 2736 946 2776; x_wconf 84' lang='lat' dir='ltr'><strong>nothis</strong></span> <span class='ocrx_word' id='word_1_273' title='bbox 972 2730 1023 2775; x_wconf 87' lang='lat' dir='ltr'><strong>B&#39;</strong></span> <span class='ocrx_word' id='word_1_274' title='bbox 1101 2738 1150 2776; x_wconf 87' lang='grc'><strong>17</strong></span> <span class='ocrx_word' id='word_1_275' title='bbox 1175 2737 1349 2777; x_wconf 82' lang='lat' dir='ltr'><strong>thracis</strong></span> <span class='ocrx_word' id='word_1_276' title='bbox 1374 2737 1426 2780; x_wconf 82' lang='grc' dir='ltr'><strong>Β,</strong></span> <span class='ocrx_word' id='word_1_277' title='bbox 1450 2737 1645 2777; x_wconf 80' lang='lat' dir='ltr'><strong>thraicis</strong></span> <span class='ocrx_word' id='word_1_278' title='bbox 1668 2738 1691 2778; x_wconf 90' lang='lat' dir='ltr'><em>b</em></span> <span class='ocrx_word' id='word_1_279' title='bbox 1716 2735 1736 2791; x_wconf 89' lang='grc' dir='ltr'><strong>ΙΙ</strong></span> 
     </span>
     <span class='ocr_line' id='line_1_38' title="bbox 123 2789 1741 2847; baseline 0.001 -15"><span class='ocrx_word' id='word_1_280' title='bbox 123 2789 327 2845; x_wconf 78' lang='lat' dir='ltr'><strong>ante[ire</strong></span> <span class='ocrx_word' id='word_1_281' title='bbox 354 2815 399 2820; x_wconf 83' lang='lat'>—</span> <span class='ocrx_word' id='word_1_282' title='bbox 426 2790 613 2843; x_wconf 68' lang='lat' dir='ltr'><strong>ibildem</strong></span> <span class='ocrx_word' id='word_1_283' title='bbox 635 2791 757 2833; x_wconf 78' lang='lat' dir='ltr'><strong>lecto</strong></span> <span class='ocrx_word' id='word_1_284' title='bbox 782 2792 1100 2833; x_wconf 84' lang='lat' dir='ltr'><strong>committebat</strong></span> <span class='ocrx_word' id='word_1_285' title='bbox 1125 2789 1425 2845; x_wconf 85' lang='lat' dir='ltr'><strong>[quamastip</strong></span> <span class='ocrx_word' id='word_1_286' title='bbox 1449 2790 1465 2847; x_wconf 95' lang='lat'>]</span> <span class='ocrx_word' id='word_1_287' title='bbox 1491 2794 1741 2847; x_wconf 83' lang='lat' dir='ltr'><strong>diligenter</strong></span> 
     </span>
     <span class='ocr_line' id='line_1_39' title="bbox 122 2845 1736 2903; baseline 0.001 -15"><span class='ocrx_word' id='word_1_288' title='bbox 122 2853 245 2888; x_wconf 84' lang='lat' dir='ltr'><strong>esset</strong></span> <span class='ocrx_word' id='word_1_289' title='bbox 283 2845 541 2901; x_wconf 82' lang='lat' dir='ltr'><strong>scru[tatus</strong></span> <span class='ocrx_word' id='word_1_290' title='bbox 572 2871 624 2877; x_wconf 90' lang='lat'><strong>—</strong></span> <span class='ocrx_word' id='word_1_291' title='bbox 654 2847 794 2899; x_wconf 66' lang='lat' dir='ltr'><strong>iraito</strong></span> <span class='ocrx_word' id='word_1_292' title='bbox 832 2846 1034 2901; x_wconf 58' lang='lat' dir='ltr'><strong>decb-um</strong></span> <span class='ocrx_word' id='word_1_293' title='bbox 1074 2871 1131 2878; x_wconf 88' lang='lat'>—</span> <span class='ocrx_word' id='word_1_294' title='bbox 1161 2872 1212 2877; x_wconf 93' lang='lat'>—</span> <span class='ocrx_word' id='word_1_295' title='bbox 1254 2848 1736 2903; x_wconf 78' lang='lat' dir='ltr'><strong>duodequadraginta]</strong></span> 
     </span>
     <span class='ocr_line' id='line_1_40' title="bbox 122 2904 1581 2958; baseline 0.002 -15"><span class='ocrx_word' id='word_1_296' title='bbox 122 2916 342 2945; x_wconf 81' lang='lat' dir='ltr'><strong>annorum</strong></span> <span class='ocrx_word' id='word_1_297' title='bbox 367 2905 408 2944; x_wconf 91' lang='lat' dir='ltr'><em>B</em></span> <span class='ocrx_word' id='word_1_298' title='bbox 471 2906 521 2945; x_wconf 88' lang='grc'><strong>18</strong></span> <span class='ocrx_word' id='word_1_299' title='bbox 545 2904 662 2945; x_wconf 90' lang='lat' dir='ltr'><strong>idem</strong></span> <span class='ocrx_word' id='word_1_300' title='bbox 685 2905 795 2956; x_wconf 82' lang='lat' dir='ltr'><strong>libri,</strong></span> <span class='ocrx_word' id='word_1_301' title='bbox 818 2918 893 2945; x_wconf 84' lang='lat' dir='ltr'><strong>em.</strong></span> <span class='ocrx_word' id='word_1_302' title='bbox 918 2906 1092 2957; x_wconf 65' lang='lat' dir='ltr'><strong>Pighius</strong></span> <span class='ocrx_word' id='word_1_303' title='bbox 1152 2907 1206 2945; x_wconf 80' lang='lat'><strong>22</strong></span> <span class='ocrx_word' id='word_1_304' title='bbox 1227 2906 1459 2958; x_wconf 85' lang='lat' dir='ltr'><strong>pelicatus</strong></span> <span class='ocrx_word' id='word_1_305' title='bbox 1482 2907 1581 2946; x_wconf 84' lang='lat' dir='ltr'><strong>libri</strong></span> 
     </span>
    </p>

    <p class='ocr_par' dir='ltr' id='par_1_12' title="bbox 233 2961 903 3017">
     <span class='ocr_line' id='line_1_41' title="bbox 233 2961 903 3017; baseline 0.003 -17"><span class='ocrx_word' id='word_1_306' title='bbox 233 2962 289 3001; x_wconf 83' lang='lat'><strong>29</strong></span> <span class='ocrx_word' id='word_1_307' title='bbox 310 2961 591 3017; x_wconf 85' lang='lat' dir='ltr'><strong>Masinnissa</strong></span> <span class='ocrx_word' id='word_1_308' title='bbox 614 2974 647 3000; x_wconf 88' lang='lat' dir='ltr'><strong>r.</strong></span> <span class='ocrx_word' id='word_1_309' title='bbox 672 2975 715 3014; x_wconf 85' lang='lat' dir='ltr'><strong>p.</strong></span> <span class='ocrx_word' id='word_1_310' title='bbox 740 2961 828 3001; x_wconf 89' lang='lat' dir='ltr'><strong>fide</strong></span> <span class='ocrx_word' id='word_1_311' title='bbox 858 2963 903 3002; x_wconf 94' lang='lat' dir='ltr'><em>V</em></span> 
     </span>
    </p>
   </div>
  </div>
 </body>
</html>
