1878 3132
208 147 278 199 30
921 150 1020 194 LIB.
1060 149 1091 192 l.

318 259 399 309 11.
448 256 572 309 Non
599 257 729 308 sinit
754 274 852 308 nos
879 255 952 306 M.
983 254 1243 320 CraSSUS,
1272 254 1424 322 ¹inter
1455 256 1815 324 grauissimas

208 328 440 380 Romani
476 325 687 396 imperii
721 326 962 377 iacturas
989 323 1359 376 numerandus
1385 323 1490 378 hoc
1514 324 1632 378 loco
1660 325 1727 379 de
1754 346 1815 379 se

210 397 482 449 silentium
509 414 694 464 agere,
732 394 979 465 plurimis
1008 402 1062 446 et
1089 392 1513 448 euidentissimis
1545 403 1669 449 ante
1695 406 1812 450 tan-

206 476 318 519 tam
353 466 564 517 ruinam
599 473 966 518 monstrorum
1000 462 1246 533 pulsatus
1281 463 1498 517 ictibus.
1550 465 1812 520 ducturus

166 562 185 592 5
208 545 324 589 erat
361 555 392 586 a
430 535 614 587 Carris
656 535 917 587 aduersus
955 533 1189 586 Parthos
1229 534 1544 588 exercitum.
1603 536 1811 606 pullum

208 608 257 658 ei
305 605 567 658 traditum
618 613 701 656 est
750 603 1222 674 paludamentum,
1273 622 1394 655 cum
1442 605 1498 658 in
1547 605 1811 676 proelium

207 676 532 728 exeuntibus
561 674 744 727 album
772 682 864 726 aut
886 692 1221 743 purpureum
1241 673 1361 726 dari
1388 675 1577 728 soleat.
1616 677 1813 729 maesti

207 755 260 798 et
284 747 435 797 taciti
460 745 658 797 milites
686 745 757 796 ad
782 744 1051 814 principia
1076 753 1472 813 conuenerunt,
1546 746 1603 797 ui
1625 756 1811 800 uetere

204 817 452 868 instituto
503 835 625 868 cum
675 814 909 867 clamore
958 813 1127 867 alacri
1176 813 1466 867 adcurrere
1556 816 1808 873 ebebant.

144 910 183 940 10
207 885 508 956 aquilarum
536 885 706 938 altera
730 886 827 936 uix
852 883 1087 936 conuelli
1113 902 1145 935 a
1169 885 1343 954 primo
1369 885 1480 955 pilo
1508 887 1709 956 potuit,
1737 885 1810 938 al—

205 965 326 1008 tera
361 956 656 1024 aegerrime
694 962 941 1007 extracta
974 955 1031 1005 in
1068 956 1395 1006 contrariam
1431 973 1496 1007 ac
1531 955 1835 1009 ferebatur*

205 1035 416 1091 partem
443 1044 499 1076 se
534 1026 653 1094 ipsa
679 1024 966 1077 conuertit.
1016 1043 1216 1093 magna
1241 1024 1374 1077 haec
1437 1025 1676 1095 rodigia,
1715 1026 1810 1078 sed

206 1093 330 1147 illae
367 1095 547 1147 clades
586 1096 861 1164 aliquanto
898 1094 1158 1159 maiores,
1209 1102 1288 1147 tot
1361 1044 1810 1148 ufcherrimarum

206 1166 480 1234 legionum
505 1165 753 1216 interitus
769 1205 783 1231 ,
811 1173 925 1216 tam
951 1165 1122 1216 multa
1148 1165 1304 1233 signa
1368 1164 1619 1219 ostilibus
1645 1166 1810 1218 inter-

145 1257 184 1288 15
208 1244 364 1305 cepta
388 1235 637 1287 manibus
653 1275 666 1299 ,
704 1242 913 1286 tantum
940 1235 1217 1287 Romanae
1242 1233 1469 1288 militiae
1496 1235 1661 1288 decus
1686 1236 1809 1288 bar-

204 1307 461 1358 barorum
521 1306 781 1358 obtritum
830 1305 1102 1374 equitatii,
1172 1306 1405 1374 optimae
1462 1305 1662 1358 indolis
1713 1304 1812 1357 filii

207 1394 394 1427 cruore
419 1376 630 1444 paterni
654 1377 892 1444 respersi
918 1374 1080 1440 oculi,
1123 1392 1318 1444 corpus
1353 1375 1696 1445 imperatoris
1731 1375 1811 1426 in-

207 1454 290 1497 ter
314 1446 648 1514 promiscuas
686 1445 1015 1497 cadauerum
1043 1453 1214 1496 strues
1252 1445 1437 1497 auium
1464 1445 1810 1516 ferarumque

207 1515 501 1567 laniatibus
539 1516 828 1568 obiectum.
903 1514 1099 1567 uellem
1127 1515 1345 1584 quidem
1380 1514 1648 1585 placidius
1659 1555 1673 1581 ,
1715 1514 1812 1567 sed

146 1606 186 1636 20
209 1585 355 1654 quod
379 1584 609 1637 relatum
642 1604 834 1637 uerum
861 1594 961 1637 est.
1013 1585 1090 1636 sic
1119 1585 1343 1637 deorum
1370 1585 1540 1655 spreti
1574 1586 1809 1636 monitus

210 1655 637 1721 excandescunt,
676 1657 752 1708 sic
776 1655 1015 1707 humana
1050 1654 1278 1708 consilia
1315 1654 1681 1723 castigantur,
1716 1655 1812 1708 ubi

210 1743 266 1776 se
293 1725 613 1777 caelestibus
641 1725 974 1795 praeferunt.

316 1795 396 1846 12.
446 1795 692 1848 Gnaeum
728 1797 893 1848 etiam
927 1795 1247 1864 Pompeium
1283 1794 1532 1864 Iuppiter
1567 1795 1817 1864 omnipo-

207 1872 325 1916 tens
374 1865 590 1918 abunde
625 1874 910 1919 monuerat
942 1883 1010 1917 ne
1047 1883 1167 1915 cum
1204 1863 1263 1917 C.
1302 1864 1533 1917 Caesare
1565 1863 1813 1916 ultimam

143 1954 183 1984 <25
206 1934 335 1986 belli
370 1937 644 1986 fortunam
679 1936 916 2004 experiri
951 1934 1326 2000 contenderet,
1365 1952 1582 2002 egresso
1610 1953 1644 1986 a
1667 1934 1811 2005 Dyr-

208 2004 391 2056 rachio
427 2005 660 2056 aduersa
695 2006 898 2074 agmini
924 2005 1037 2057 eius
1073 2004 1303 2056 fulmina
1335 2004 1565 2071 iaciens,
1611 2005 1812 2055 exami-

210 2073 369 2124 nibus
406 2076 588 2142 apium
623 2076 779 2143 signa
814 2074 1156 2127 obscurando
1168 2116 1183 2142 ,
1236 2075 1419 2128 subita
1452 2073 1677 2126 tristitia
1714 2074 1810 2124 im-

96 2214 188 2247 par.
213 2204 441 2263 nequiret,
470 2207 605 2250 armis
631 2220 731 2250 cum
759 2205 933 2266 collega
962 2221 1044 2252 suo
1073 2204 1480 2256 dissidens'Cinna,
1509 2206 1814 2266 praesumpsit

212 2276 358 2318 animo
387 2288 434 2318 ea
472 2289 518 2319 re
546 2275 787 2334 significari
814 2277 996 2321 exitium
1025 2291 1171 2321 suum.
1230 2279 1297 2321 11.
1335 2276 1389 2320 M.
1417 2277 1579 2321 Crasso
1617 2274 1812 2320 ducturo

150 2354 189 2384 30
213 2358 236 2388 a
264 2343 441 2388 Charris
479 2345 694 2389 aduersus
729 2346 918 2391 Parthos
956 2348 1200 2391 exercitum
1238 2346 1602 2406 paludamentum
1637 2344 1813 2404 pullum

214 2413 423 2458 traditum
462 2420 530 2458 est
556 2429 638 2474 pro
678 2415 778 2459 albo
806 2423 883 2460 aut
910 2430 1165 2476 purpureo:
1202 2416 1369 2461 milites
1396 2415 1520 2461 taciti
1556 2414 1611 2460 ad
1644 2415 1813 2474 princi-

158 2487 164 2491 '
211 2484 283 2541 pia
319 2491 655 2528 conuenerunt:
693 2484 943 2543 aquilarum
981 2486 1119 2531 altera
1154 2488 1229 2531 uix
1257 2485 1452 2532 conuelli
1489 2499 1511 2530 a
1537 2486 1684 2545 primo
1718 2484 1812 2543 pilo

211 2555 373 2610 potuit,
415 2554 552 2598 altera
591 2555 839 2613 aegerrime
877 2562 1072 2600 extracta
1110 2558 1153 2600 in
1192 2557 1462 2601 contrariam
1498 2569 1549 2600 ac
1584 2554 1814 2599 serebatur

212 2628 385 2679 partem
414 2637 461 2666 se
488 2623 583 2682 ipsa
610 2626 850 2669 conuertit.
903 2628 968 2669 12.
997 2626 1074 2670 Cn.
1101 2625 1315 2685 Pompeio
1338 2624 1544 2669 ultimam
1571 2622 1676 2668 belli
1701 2622 1813 2668 ciui-

324 2757 349 2795 5
390 2757 570 2796 Charris
600 2760 663 2797 Pb
734 2762 785 2799 10
820 2760 963 2810 primo
993 2760 1086 2811 pilo
1117 2761 1184 2800 B:
1221 2759 1452 2813 primipilo
1485 2760 1582 2800 edd.
1652 2759 1703 2797 12
1733 2757 1812 2797 sed

214 2811 319 2852 ΓΕ.·
353 2812 431 2852 sed
463 2816 508 2851 et
534 2813 575 2851 B
644 2816 695 2853 14
723 2815 934 2854 hostibus
963 2809 1019 2854 B'
1048 2830 1160 2856 corr.
1189 2830 1259 2867 pr.
1280 2830 1332 2855 m.
1395 2818 1446 2856 16
1476 2814 1741 2866 aequitatu*
1769 2813 1811 2853 B

213 2871 312 2919 (non
335 2868 569 2918 equitatu*
589 2867 655 2919 in)
715 2871 768 2909 20
789 2869 940 2912 relatu
960 2871 1026 2921 B,
1059 2885 1132 2914 em.
1161 2872 1390 2912 Torrenius
1448 2873 1500 2911 27
1525 2882 1659 2922 apum
1680 2871 1783 2911 dett.

325 2925 378 2963 32
399 2923 628 2975 primipilo
658 2925 829 2964 Veorr.
