1924 3152
715 126 835 173 CAP.
860 125 949 177 1111,
977 124 1006 184 g
1035 127 1175 170 1—3.
1553 135 1563 143 1
1656 118 1764 172 295

79 251 82 254 ’
139 234 319 290 tentia
353 233 710 286 inclinaretur
744 232 1190 303 expectantibuS,
1239 234 1549 284 ‘neutrum'
1586 231 1767 313 inquit

140 305 300 358 ‘mihi
325 305 470 358 mitti
495 302 700 375 placet,
729 304 858 375 quia
885 301 1023 355 alter
1048 301 1186 354 nihil
1211 301 1406 368 habet,
1445 301 1766 355 alteri‘mhil

140 384 228 429 est
265 375 444 441 satis',
484 392 656 445 aeque
692 373 896 427 malam
930 372 1144 433 licentis
1182 372 1405 443 imperii
1440 373 1767 443 magistram

142 446 392 513 iudicans
418 445 666 515 inopiam
692 452 855 515 atque
883 443 1189 498 auaritiam.
1242 462 1348 514 quo
1378 444 1526 499 dicto
1550 451 1612 496 ut
1637 462 1766 496 neu-

140 526 227 571 ter
250 516 310 568 in
373 515 674 568 rouinciam
700 515 1007 568 mitteretur
1033 514 1289 568 obtinuit.
1352 577 1353 580 ¹
1789 531 1810 565 5

249 587 300 640 3.
379 604 535 640 .uero
552 584 798 657 Popilius
827 603 860 638 a
887 592 1080 638 senatu
1105 583 1321 654 legatus
1344 585 1415 638 ad
1428 584 1769 639 Antiochum

140 657 374 723 missus„
400 664 462 709 ut
487 655 630 710 bello
660 675 743 724 se,
771 674 877 727 quo
904 654 1285 710 Ptolemaeum
1310 655 1637 723 lacessebat,
1675 656 1768 709 ab·

141 727 389 787 stineret,
418 745 542 779 cum
565 726 636 779 ad
658 745 780 780 eum
798 727 1042 780 uenisset
1061 734 1224 798 atque
1246 726 1292 778 is
1311 736 1566 798 prompto
1588 727 1768 780 animo

143 806 201 851 et
227 797 560 851 amicissimo
586 796 746 851 uultu
768 797 1052 851 dexteram
1074 798 1125 850 ei
1143 797 1503 868 porrexisset,
1532 797 1768 859 inuicem

144 867 226 921 illi
263 886 418 921 suam
451 868 736 939 porrigere
761 866 964 934 noluit,
1006 868 1104 921 sed
1129 867 1361 921 tabellas
1391 876 1614 921 senatus
1644 886 1768 920 con·
1793 885 1834 916 10

141 938 351 992 sultum
378 939 703 991 continentis
731 938 984 991 tradidit:
1028 957 1162 1010 quas
1190 947 1251 991 ut
1278 937 1414 1006 legit
1439 938 1767 1004 AntiochUS,

145 1010 290 1063 dixit
316 1028 373 1062 se
399 1027 525 1062 cum
552 1009 739 1062 amicis
768 1008 1198 1063 conlocuturum.
1261 1008 1580 1078 indignatus
1608 1010 1769 1080 Popi-

143 1081 265 1147 lius,
295 1080 441 1151 quod
460 1079 700 1151 aliquam
721 1098 930 1132 moram.
948 1080 1388 1150 interposuisset,
1415 1080 1574 1150 uirga
1595 1078 1772 1133 solum

143 1168 252 1221 quo
279 1150 572 1204 insistebat
599 1150 901 1217 denotauit,
941 1158 996 1204 et
1024 1152 1217 1222 ‘prius'
1245 1152 1424 1222 inquit
1454 1155 1643 1222 ‘quam
1669 1153 1770 1204 hoc

142 1219 350 1274 circulo
371 1220 605 1274 excedas
627 1221 697 1274 da
715 1233 1058 1292 responsum,
1088 1221 1237 1292 quod
1258 1223 1477 1274 senatui
1493 1221 1769 1274 referam'.
1796 1237 1837 1269 15

146 1309 255 1344 non
279 1290 525 1361 legatum
550 1292 821 1358 locutum,
863 1291 960 1344 sed
987 1292 1167 1363 ipsam
1193 1292 1405 1344 curiam
1431 1299 1555 1345 ante
1584 1292 1771 1346 oculos

143 1363 382 1433 positam
407 1362 675 1416 credereS.
726 1363 986 1416 continuo
1014 1362 1161 1415 enim
1187 1380 1288 1415 rex
1307 1362 1627 1435 adfirmauit
1653 1362 1771 1416 fore

145 1451 213 1486 ne
240 1451 328 1485 am
370 1431 475 1485 lius
503 1433 571 1486 de
599 1452 657 1486 se
683 1433 1030 1486 Ptolemaeus
1060 1441 1403 1504 quereretur,
1442 1452 1506 1487 ac
1533 1441 1646 1486 tum
1677 1433 1768 1486 de-

143 1521 293 1554 mum
367 1503 563 1574 opilius
590 1523 813 1557 manum
840 1505 956 1556 eius
985 1512 1268 1575 tamquam
1306 1504 1441 1557 socii
1469 1503 1771 1575 adprehen-

145 1573 245 1626 dit.
322 1592 487 1644 quam
537 1574 742 1627 efficax
790 1583 874 1627 est
919 1576 1089 1627 animi
1135 1575 1508 1645 sermonisque
1554 1574 1772 1628 abscisa
1795 1591 1837 1623 20

74 1688 78 1692 t
145 1643 422 1712 grauitas!
496 1644 687 1698 eodem
730 1652 1004 1698 momento
1043 1644 1237 1715 Syriae
1282 1662 1512 1714 regnum
1556 1645 1769 1712 terruit,

148 1713 396 1784 Aegypti
420 1715 576 1767 texit.
1499 1746 1502 1748 v

149 1860 195 1909 in
224 1867 386 1906 senatu
413 1860 765 1918 contenderent,
803 1867 907 1906 uter
934 1860 1152 1906 aduersus
1179 1861 1399 1906 Viriatum
1436 1862 1482 1906 in
1507 1861 1769 1921 Hispaniam
1794 1877 1887 1912 Par.

149 1931 424 1981 mitteretur,
453 1930 708 1977 ‘neutrum'
738 1931 889 1992 inquit
914 1927 1045 1976 ‘mihi
1065 1931 1212 1991 placet
1233 1931 1368 1982 mitti,
1398 1931 1505 1991 quia
1523 1931 1639 1977 alter
1657 1931 1773 1978 nihil

149 2000 312 2052 habet,
352 2001 485 2047 alteri
511 2001 624 2046 nihil
653 2003 763 2047 satis
791 2003 897 2047 est'.
973 2004 1013 2047 3.
1053 2001 1098 2047 C.
1124 2002 1328 2062 Popilius
1356 2016 1379 2048 a
1408 2008 1568 2048 senatu
1594 2002 1771 2062 legatus
1797 2020 1838 2052 25

146 2071 205 2118 ad
230 2071 507 2118 Antiochum
531 2071 713 2124 missus,
741 2079 792 2118 ut
817 2071 938 2118 bello
967 2086 1029 2123 se,
1058 2086 1149 2133 quo
1166 2071 1479 2119 Ptolemaeum
1504 2073 1773 2123 lacessebat,

148 2141 415 2193 abstineret,
445 2157 546 2189 cum
573 2142 628 2188 ad
654 2157 758 2189 eum
784 2144 991 2189 uenisset
1017 2150 1154 2204 atque
1182 2144 1219 2188 is
1246 2150 1462 2204 prompto
1491 2144 1640 2190 animo
1670 2144 1775 2191 dex·

150 2219 294 2257 teram
321 2212 361 2257 ei
388 2215 698 2273 porrexisset,
728 2214 923 2259 inuicem
950 2212 1017 2259 illi
1046 2228 1171 2260 suam
1197 2214 1304 2260 dare
1332 2214 1482 2261 noluit
1509 2222 1554 2260 et
1583 2213 1772 2261 tabellas

150 2289 342 2328 senatus
380 2284 642 2329 consultum
681 2284 968 2329 continentes
1000 2284 1205 2331 tradidit:
1258 2299 1370 2345 quas
1396 2292 1448 2330 ut
1475 2285 1589 2346 legit
1613 2286 1773 2331 Antio-

150 2352 290 2406 chus,
334 2353 443 2398 dixit
469 2366 518 2398 se
545 2368 647 2399 cum
674 2356 830 2400 amicis
857 2353 1226 2401 conlocuturum.
1279 2355 1539 2416 indignatus
1566 2355 1773 2416 Popilius
1797 2370 1838 2402 30

151 2423 284 2481 uirga
313 2422 484 2473 solum,
525 2424 616 2482 quo
644 2423 863 2474 instabat,
893 2425 1131 2470 denotauit
1158 2431 1203 2471 et
1241 2425 1410 2485 ‘prius'
1440 2426 1590 2486 inquit
1617 2427 1774 2486 ‘quam

105 2542 110 2548 .
151 2491 241 2537 hoc
277 2491 451 2537 circulo
490 2493 678 2539 excedas
715 2494 770 2540 da
815 2506 1110 2553 responsum,
1155 2495 1279 2555 quod
1322 2498 1497 2541 senatui
1543 2495 1772 2542 reseram’.

151 2562 372 2607 continuo
409 2575 487 2607 rex
522 2561 789 2613 affirmauit,
832 2563 944 2622 fore
995 2577 1050 2609 ne
1086 2564 1278 2625 amplius
1314 2565 1368 2610 de
1404 2580 1452 2611 se
1487 2566 1774 2612 Ptolemaeus

267 2699 293 2738 2
316 2695 582 2750 quialterB'
630 2702 655 2740 6
679 2699 728 2743 C.
753 2702 813 2741 P:
838 2700 934 2741 O.N
954 2701 996 2740 B
1075 2703 1098 2741 7
1129 2713 1176 2742 se
1202 2715 1287 2754 quo
1311 2702 1353 2742 B
1375 2704 1418 2743 in
1439 2715 1529 2743 ras.
1551 2704 1712 2744 maiore
1750 2702 1769 2755 Η

151 2754 432 2814 ptolemeum
455 2756 497 2795 B
555 2757 581 2796 8
602 2756 674 2796 his
697 2756 738 2796 B
786 2759 836 2797 12
861 2757 1208 2798 conlocatarum
1229 2752 1284 2798 B'
1335 2759 1387 2799 14
1408 2759 1616 2800 instabat
1638 2760 1679 2799 P
1722 2760 1772 2799 18

151 2814 404 2862 quaeretur
424 2805 480 2852 B'
543 2813 595 2853 19
617 2811 835 2866 popillius
856 2809 912 2853 B'

274 2868 328 2908 25
370 2865 506 2922 satis]
541 2865 661 2909 lates
691 2863 748 2909 V'
809 2870 862 2910 28
905 2871 948 2909 ei
970 2868 1270 2925 porrexisset]
1305 2874 1351 2912 et
1372 2872 1700 2924 promississet-
1713 2864 1772 2911 V'

129 2966 134 2967 ⁷
155 2923 212 2963 30
234 2922 393 2975 dixitq.
424 2926 467 2964 V
484 2930 581 2965 ante
603 2939 810 2971 rasuram,
833 2931 878 2966 ut
898 2928 1069 2968 uidetur
1128 2929 1181 2969 33
1205 2926 1303 2969 for'e
1326 2929 1426 2971 add.
1451 2928 1546 2969 Mai
