1924 3152
622 137 743 184 cAP.
768 138 838 189 111,
863 137 960 184 Ext.
989 138 1019 197 g
1045 142 1186 182 4-7,
1610 132 1714 186 34⁴3

93 252 280 317 petere
317 246 535 315 coepit7¹
558 264 671 298 non
707 245 853 316 quod
888 254 1134 316 speraret
1170 265 1226 298 se
1263 245 1418 298 illum
1453 245 1715 316 consequi

93 335 281 388 posse,
320 315 418 369 sed
451 323 515 368 ut
537 315 805 370 haberent
829 316 1078 370 homines
1103 316 1199 369 ubi
1236 335 1558 387 procursum
1584 317 1714 383 irae,

94 389 188 458 qui
207 388 504 439 acerrimus
525 406 646 440 esse
667 386 824 453 solet,
846 387 1205 440 effunderent.
1239 406 1416 458 neque
1439 406 1562 440 eum
1580 386 1717 439 haec

95 467 211 511 tam
246 457 449 510 callida
483 456 698 512 consilii
732 458 873 511 ratio
911 457 1124 510 fefellit.
1177 458 1409 510 comitiis
1438 459 1584 510 enim
1609 457 1714 511 cla-

93 548 246 583 more
271 527 475 581 infesto
505 538 559 582 et
585 529 792 581 crebris
829 529 998 581 totius
1036 529 1303 582 contionis
1348 528 1522 582 sibilis
1549 546 1714 581 uexa-
1739 555 1760 588 5

95 607 201 665 ωε,
229 607 362 652 nota
389 599 555 651 etiam
578 599 839 668 denegati
857 599 1078 652 honoris
1101 600 1443 669 perstrictUS‚
1474 599 1717 651 eiusdem

94 669 271 741 plebis
308 669 470 739 paulo
507 678 633 740 post
668 670 725 721 in
762 670 1078 723 discrimine
1118 671 1265 723 uitae
1292 670 1717 724 clementissima

95 740 358 810 suffragia
385 750 643 811 expertus
672 750 770 793 est.
832 741 980 812 quod
1006 743 1053 792 si
1079 741 1255 794 adhuc
1284 743 1333 794 ei
1358 741 1620 795 ultionem
1648 740 1716 792 si-

94 812 255 865 tienti
281 811 474 881 capitis
503 813 590 864 sui
615 811 914 882 periculum
938 812 1248 879 obiecisset7
1277 812 1481 864 nullam
1508 819 1716 882 partem

96 881 432 935 defensionis
460 882 586 936 odio
615 883 902 935 obseratae
928 901 1087 936 aures
1115 884 1436 954 reciperent.
1742 906 1783 938 10

205 981 253 1033 7.
295 980 440 1043 Huic
466 982 810 1034 uaframento
838 981 1138 1034 consimilis
1160 981 1254 1034 illa
1275 981 1568 1034 calliditas.
1621 980 1718 1033 Su-

95 1051 281 1122 perior
307 1051 590 1105 Hannibal
618 1071 650 1104 a
675 1053 864 1104 Duilio
903 1051 1125 1105 consule
1163 1052 1350 1105 nauali
1376 1051 1580 1123 proelio
1607 1052 1717 1102 uic-

95 1130 206 1187 tus,
234 1122 432 1174 timens
458 1141 527 1174 ne
555 1122 744 1174 classis
768 1124 1002 1175 amissae
1063 1142 1226 1175 oenas
1251 1123 1425 1190 daret,
1454 1123 1719 1175 offensam

97 1193 304 1245 astutia
330 1194 466 1244 mire
494 1194 712 1246 auertit.
763 1213 887 1245 nam
908 1213 978 1245 ex
997 1142 1093 1246 illa
1113 1193 1319 1246 infelici
1338 1213 1525 1264 pugna
1543 1193 1719 1264 prius—

95 1281 258 1335 quam
286 1263 458 1315 cladis
486 1265 709 1316 nuntius
747 1265 966 1317 domum
1002 1266 1315 1334 perueniret
1350 1264 1624 1335 quendam
1650 1282 1721 1315 ex
1743 1286 1785 1320 15

94 1334 286 1387 amicis
324 1335 672 1405 conpositum
709 1343 763 1386 et
799 1336 1160 1388 subornatum
1186 1336 1587 1403 Karthaginem
1624 1334 1719 1384 mi·
1783 1373 1789 1381 ,

82 1404 186 1457 sit.
237 1405 331 1476 qui
349 1414 641 1476 postquam
663 1406 903 1461 ciuitatis
927 1409 1042 1457 eius
1066 1407 1274 1458 curiam
1296 1405 1546 1471 intrauit,
1577 1409 1720 1456 econ-

97 1474 229 1527 sulit
263 1480 383 1528 uos'
427 1475 606 1546 inquit
648 1476 949 1528 eHannibal
963 1518 976 1543 ,
1024 1496 1147 1529 cum
1194 1477 1309 1529 dux
1346 1477 1721 1529 Romanorum

96 1564 324 1615 magnas
363 1564 547 1598 secum
585 1548 886 1599 maritimas
924 1547 1144 1599 trahens
1184 1547 1370 1617 copias
1414 1546 1719 1611 aduenerit‚

100 1706 219 1767 apud
247 1720 349 1751 eum
376 1706 583 1766 capitalis
611 1708 809 1752 criminis
838 1707 1068 1758 dicturus,
1108 1709 1327 1753 honorem
1366 1715 1523 1767 petere
1550 1707 1718 1765 coepit,
1742 1722 1785 1753 20

100 1792 191 1823 non
230 1776 352 1836 quod
390 1777 602 1838 sperabat
638 1780 859 1838 consequi
887 1791 935 1822 se
963 1779 1089 1823 illum
1118 1793 1277 1837 posse,
1316 1779 1394 1822 sed
1421 1785 1471 1821 ut
1499 1777 1721 1821 haberent
1744 1762 1837 1794 Par.

101 1849 310 1893 homines
346 1847 422 1892 ubi
460 1861 732 1907 procursum
770 1849 861 1892 irae
899 1847 1200 1892 effunderent.
1275 1861 1424 1907 neque
1463 1861 1564 1891 eum
1610 1846 1723 1891 haec

101 1919 221 1963 ratio
249 1917 435 1963 fefellit:
476 1918 671 1963 comitiis
700 1919 818 1963 enim
848 1919 1044 1964 clamore
1072 1918 1240 1963 infesto
1269 1925 1315 1962 et
1342 1918 1514 1962 crebris
1544 1917 1723 1962 contio-

103 1990 174 2034 nis
202 1988 346 2034 sibilis
373 1995 500 2034 actus
528 1988 730 2034 eiusdem
757 1989 904 2049 plebis
933 1989 1068 2048 paulo
1107 1996 1212 2049 post
1238 1990 1283 2033 in
1312 1988 1572 2033 discrimine
1600 1987 1722 2031 uitae

103 2059 456 2104 clementissima
496 2059 711 2119 suffragia
750 2067 965 2119 expertus
1003 2067 1086 2104 est.
1163 2064 1203 2102 7.
1243 2058 1489 2108 Hannibal,
1526 2072 1550 2102 a
1575 2057 1721 2101 Duilio
1746 2065 1788 2098 25

104 2144 196 2176 cos.
226 2130 376 2175 nauali
413 2130 590 2190 proelio
619 2132 793 2181 uictus,
833 2133 993 2175 timens
1034 2144 1089 2174 ne
1126 2130 1285 2175 classis
1322 2130 1514 2174 amissae
1552 2142 1723 2188 poenas

102 2200 245 2252 daret,
273 2201 571 2246 offensionem
599 2201 779 2255 astutia,
794 2201 904 2246 mire
932 2202 1084 2246 uertit.
1136 2203 1291 2260 itaque
1319 2215 1370 2245 cx
1398 2200 1554 2244 amicis
1584 2212 1725 2258 quen-

103 2270 205 2316 dam
232 2271 531 2316 subornatum
559 2271 879 2332 Carthaginem
907 2273 1053 2334 misit:
1093 2273 1171 2332 qui
1199 2285 1300 2316 cum
1335 2272 1540 2315 uenisset
1578 2272 1621 2313 in
1649 2283 1724 2314 cu-

106 2342 242 2391 riam,
283 2341 521 2386 ‘consulit'
563 2342 711 2401 inquit
748 2343 852 2387 ‘uos
880 2342 1127 2392 Hannibal,
1168 2356 1223 2386 an
1251 2356 1353 2386 cum
1382 2342 1494 2386 duce
1521 2341 1724 2385 Romano

220 2493 248 2530 4
269 2492 452 2531 comitis
475 2485 530 2531 B'
590 2493 615 2531 5
639 2493 944 2532 contentionis
967 2492 1008 2530 B
1079 2494 1131 2532 10
1153 2492 1429 2531 obseruatae
1452 2491 1493 2530 B
1516 2496 1614 2530 ante
1636 2502 1723 2529 ras.

109 2549 162 2587 12
202 2547 442 2587 Hannibal
461 2569 520 2576 —
539 2547 698 2586 nauali
740 2549 835 2597 (om.
870 2547 1092 2600 su'perior)
1134 2547 1175 2586 Β
1196 2550 1238 2587 in
1260 2560 1348 2588 ras.
1373 2548 1527 2586 litteris
1549 2547 1608 2585 ad
1627 2559 1726 2596 spa-

107 2606 206 2644 tium
227 2605 482 2656 eaeplendum
511 2605 719 2649 diductis,-
759 2605 882 2646 codd.
911 2606 1007 2644 rell.
1038 2605 1247 2655 superior
1277 2602 1358 2654 (sic
1380 2617 1417 2642 m
1438 2601 1622 2656 quoque)
1655 2608 1730 2640 aut

107 2661 359 2713 superiori3
400 2660 442 2700 B
471 2673 529 2700 ex
559 2662 735 2700 Paridis
764 2662 962 2712 epitome,
998 2662 1068 2712 qui
1089 2661 1298 2711 superior
1319 2661 1475 2705 omisit,
1509 2664 1728 2698 correctus

108 2723 175 2758 est
201 2713 221 2771 ss
249 2730 277 2756 a
299 2717 412 2756 iulio
435 2718 538 2758 dett.
565 2723 606 2756 ec
627 2731 663 2755 m
725 2719 775 2757 13
799 2718 963 2757 timens
986 2729 1043 2756 ne
1067 2738 1118 2743 —-
1142 2715 1274 2755 daret
1296 2717 1357 2755 P.-
1391 2716 1649 2766 timensque
1672 2737 1726 2741 -—

109 2772 220 2813 dare
243 2773 285 2813 B
293 2789 309 2819 ,·
340 2786 509 2813 causam
537 2775 882 2825 interpolationis
911 2774 1028 2812 dedit
1058 2774 1315 2812 antecedens
1333 2773 1608 2824 participium
1630 2771 1727 2810 uic-

109 2831 184 2868 tus
245 2831 297 2870 14
320 2834 406 2872 ast.
430 2830 542 2869 mire
565 2829 654 2869 Pb:
687 2831 908 2869 astutiam
931 2828 972 2867 B
992 2825 1010 2879 {l
1040 2828 1121 2868 illo
1145 2828 1327 2869 infelici
1351 2841 1535 2881 pugnae
1559 2822 1613 2867 B'
1676 2828 1728 2866 16

110 2885 413 2926 subornatum
434 2886 476 2926 B
497 2888 540 2926 in
560 2899 649 2927 ras.
674 2899 731 2926 ex
753 2886 814 2925 P.-
847 2886 1093 2925 formatum
1116 2886 1219 2927 dect.
1313 2886 1364 2925 18
1387 2885 1536 2936 inquit
1559 2897 1641 2924 uos
1665 2883 1728 2923 Pb

225 2944 279 2983 27
301 2957 357 2983 an
378 2943 550 2983 auertit
572 2944 591 2981 ἶ)
1655 2945 1672 2959 ⁰
