1924 3152
718 174 839 221 CAP.
865 174 924 226 Π,
963 173 994 234 g
1019 177 1160 221 1-4,
1643 168 1750 222 229

117 284 244 351 tuit,
272 291 329 354 et
356 282 403 336 si
465 282 563 336 uid
591 281 827 354 amplius
853 281 1086 353 praemii
1110 281 1397 353 petissent,
1425 281 1661 343 libenter
1687 300 1745 334 se

119 354 380 408 daturum
405 372 439 406 a
481 355 774 407 seuerauit.
830 370 1061 406 uacasse
1084 360 1239 406 tanto
1265 351 1471 421 gaudio
1498 353 1747 423 patribus

120 425 450 496 conscriptis
490 422 1061 478 duabushumillimis
1105 423 1327 476 feminis
1374 424 1582 476 referre
1621 442 1744 494 gra-

118 498 271 562 tiam,
296 494 503 548 nedum
528 502 640 547 tam
665 501 916 566 prompte
941 492 1219 547 rettulisse
1244 494 1575 547 mirandum.

223 566 275 619 2.
318 565 467 632 Quid
500 564 599 617 illa
667 583 849 636 uoque
884 565 1180 618 'iuuentute
1212 565 1463 618 Romana
1512 567 1740 635 gratim,
1764 586 1786 619 5

117 654 255 708 quae
279 634 487 689 Nautio
515 643 570 688 et
653 635 834 688 inucio
862 635 1182 690 consulibus
1219 636 1364 689 ultro
1391 638 1616 690 nomina
1642 656 1744 690 sua

117 706 349 761 militari
376 715 717 760 sacramento
755 705 984 774 obtulit,
1035 715 1098 760 ut
1123 708 1451 760 Tusculanis
1466 748 1481 775 ‚
1510 727 1742 779 quorum

116 778 253 831 fines
280 777 463 849 Aequi
490 785 923 848 occupauerant,
950 778 1294 849 praesidium
1338 779 1576 845 ferrent,
1612 779 1743 850 quia

114 849 307 920 paucis
334 856 461 901 ante
482 849 763 903 mensibus
782 850 1223 902 constantissime
1244 858 1298 903 et
1317 850 1619 902 fortissime
1644 850 1742 901 im-

114 919 332 991 perium
365 919 556 990 populi
589 919 828 974 Romani
864 919 1262 973 defenderant?
1304 939 1434 990 ergo
1473 919 1622 991 quod
1647 939 1740 972 au-
1765 940 1807 972 ιο

35 1050 39 1053 s
117 990 239 1043 ditu
274 1009 478 1044 nouum
515 999 624 1057 est,
659 1010 729 1044 ne
754 991 965 1062 patriae
1006 1001 1167 1062 grata
1199 991 1455 1044 uoluntas
1494 1010 1742 1044 cessasse

114 1061 418 1129 uideretur,
446 1062 720 1114 exercitus
750 1081 806 1114 se
831 1063 951 1132 ipse
978 1063 1326 1133 conscripsit.

222 1133 275 1185 3.
313 1131 579 1202 Magnum
625 1133 772 1202 grati
815 1132 1005 1204 populi
1047 1134 1323 1204 specimen
1366 1133 1423 1184 in
1459 1133 1526 1200 Q.
1565 1133 1741 1186 Fabio

112 1202 359 1255 Maximo
390 1203 612 1272 enituit.
673 1222 803 1257 nam
837 1223 960 1257 cum
986 1205 1221 1275 quinque
1250 1203 1630 1258 consulatibus
1657 1222 1739 1256 sa-

112 1271 367 1326 lutariter
400 1293 460 1327 re
486 1273 710 1345 publica
745 1274 1134 1328 administrata
1171 1274 1527 1341 decessisset,
1567 1282 1738 1327 certa·
1762 1292 1805 1326 15

112 1344 214 1397 tim
238 1362 332 1397 aes
359 1344 609 1413 contulit,
638 1365 745 1418 quo
771 1347 947 1400 maior
973 1365 1037 1399 ac
1064 1347 1365 1417 speciosior
1384 1346 1593 1398 funeris
1622 1346 1738 1398 eius
1760 1406 1763 1407 ⁷

93 1433 318 1486 -pompa
363 1414 671 1469 duceretur.
747 1417 923 1471 eleuet
960 1417 1159 1488 aliquis
1203 1417 1450 1487 praemia
1493 1415 1736 1482 uirtutis,

114 1503 238 1568 cum
265 1485 672 1568 animaduertat
707 1488 880 1541 fortes
907 1489 1057 1541 uiros
1084 1487 1299 1541 felicius
1329 1487 1547 1558 sepeliri
1573 1504 1739 1557 quam

111 1574 303 1608 uiuere
329 1575 583 1626 lgnaUOS.

219 1627 272 1678 4.
310 1627 486 1680 Fabio
514 1635 696 1679 autem
724 1629 889 1679 etiam
923 1628 1189 1680 incolumi
1226 1647 1439 1680 summa
1475 1647 1596 1680 cum
1622 1627 1735 1697 glo·
1758 1647 1801 1678 20

111 1695 195 1748 rio
221 1698 402 1765 gratia
434 1696 610 1749 relata
646 1707 746 1750 est.
811 1698 1071 1751 dictatori
1108 1700 1157 1750 ei
1192 1699 1458 1767 magister
1493 1717 1521 1750 e
1562 1698 1739 1750 uitum

111 1765 387 1819 Minucius
416 1767 554 1820 scito
580 1767 785 1837 plebis,
823 1767 971 1838 quod
1008 1787 1306 1838 numquam
1341 1776 1504 1820 antea
1555 1775 1738 1819 actum

111 1836 311 1903 fuerat,
350 1855 413 1889 ae
452 1845 615 1889 uatus
692 1837 857 1889 artito
886 1838 1129 1890 exercitu
1168 1838 1463 1908 separatim
1499 1838 1559 1889 in
1585 1837 1735 1890 Sam-

111 1908 203 1960 nio
231 1926 355 1958 cum
439 1856 697 1960 annibaffa⁴
723 1907 1061 1960 conflixerat.
1108 1908 1206 1960 ubi
1231 1918 1438 1960 temere
1463 1908 1596 1960 inito
1624 1925 1733 1959 cer-

112 1979 344 2044 tamine,
380 1978 702 2049 pestiferum
736 1977 1024 2030 habiturus
1062 1980 1272 2030 exitum
1313 1978 1563 2031 subsidio
1590 1978 1734 2030 Fabi
1755 1996 1799 2029 25

112 2058 494 2115 conseruatUS,
522 2057 577 2101 et
603 2050 722 2120 ipse
750 2067 872 2100 eum
898 2057 1112 2120 patrem
1147 2047 1448 2120 appellauit
1483 2056 1538 2101 et
1563 2049 1634 2101 ab
1659 2046 1732 2100 le-

112 2181 312 2235 destitit,
350 2182 463 2228 urbe
489 2182 566 2227 illa
593 2197 816 2243 oppressa
844 2189 1029 2228 senatus
1066 2184 1130 2227 eis
1168 2189 1213 2227 et
1246 2182 1503 2229 libertatem
1542 2187 1587 2227 et
1612 2180 1730 2227 bona
1752 2189 1844 2224 Par.

110 2253 334 2300 restituit.
384 2257 426 2298 2.
454 2253 643 2299 Nautius
672 2261 716 2298 et
737 2253 960 2299 Minucius
987 2268 1121 2305 coss„
1150 2267 1251 2298 cum
1278 2267 1451 2313 paucos
1478 2259 1582 2297 ante
1608 2265 1732 2296 men-

111 2335 184 2367 ses
210 2322 435 2384 populum
460 2323 709 2369 Romanum
737 2324 1044 2370 defendissent
1071 2324 1341 2375 Tusculani,
1382 2323 1519 2373 bello,
1556 2337 1647 2383 quo
1685 2323 1730 2367 hi

9 2418 17 2427 ·
54 2396 56 2398 ’
110 2391 167 2437 ab
186 2393 356 2453 Aequis
376 2394 774 2453 oppugnabantur,
797 2395 851 2441 ad
873 2401 1203 2440 sacramentum
1226 2401 1533 2454 prouocantes
1555 2406 1731 2438 omnem
1753 2403 1796 2435 30

114 2461 199 2507 sihi
238 2462 525 2508 iuuentutem
553 2464 727 2509 facilem
755 2471 800 2509 et
826 2465 1130 2510 uoluntariam
1159 2466 1331 2525 experti
1359 2471 1479 2509 sunt.
1542 2466 1581 2508 3.
1621 2463 1730 2508 Cum

111 2531 161 2587 Q.
190 2531 357 2578 Fabius
385 2533 584 2594 quinque
610 2534 924 2580 consulatibus
964 2535 1226 2580 salutariter
1259 2549 1309 2579 re
1336 2549 1381 2594 p.
1418 2534 1728 2579 administrata

223 2656 251 2695 4
278 2659 486 2709 prompte
507 2657 724 2697 retulisse
752 2657 1005 2698 Torrenius:
1036 2660 1224 2710 propter
1245 2669 1294 2696 se
1316 2655 1505 2695 tudisse
1527 2655 1582 2702 B,
1614 2667 1727 2708 prae

108 2724 159 2752 se
180 2711 265 2752 tul.
289 2712 314 2752 b
373 2713 398 2751 6
429 2725 515 2771 qur}
544 2714 713 2753 naucio
734 2713 777 2753 B
805 2715 848 2753 in
868 2726 957 2755 ras.
1019 2715 1072 2753 10
1102 2712 1407 2753 defenderent
1435 2705 1490 2751 B'
1517 2708 1538 2765 Ι]
1567 2710 1727 2752 auditu

107 2761 165 2808 B'
234 2770 286 2808 12
318 2769 593 2822 conscripsit
614 2771 716 2810 dett.
737 2773 868 2822 pauci
875 2783 889 2809 .·
923 2769 1140 2810 conduxit
1160 2769 1203 2808 B
1223 2770 1266 2808 in
1287 2781 1376 2808 ras.
1397 2770 1578 2814 maiore,
1613 2781 1727 2808 com.

108 2824 172 2865 sit
192 2821 292 2877 (sic)
320 2825 371 2874 C,
405 2827 646 2867 conbussit
668 2826 713 2867 Γ
787 2827 839 2866 15
862 2826 912 2879 ἡ)
937 2825 1273 2866 administratis
1294 2825 1380 2874 Βς,
1413 2837 1489 2865 em.
1512 2838 1535 2864 e
1556 2825 1599 2864 P
1672 2826 1726 2863 22

21 2920 30 2942 .-
106 2881 328 2978 minuttiuBs
349 2882 393 2923 B
471 2885 525 2923 23
550 2886 747 2935 equatus
770 2883 825 2931 B,
849 2896 962 2924 corr.
988 2883 1223 2934 equitatus
1302 2883 1357 2922 25
1386 2882 1590 2932 exitium,
1613 2882 1692 2921 sed
1713 2881 1728 2919 i

105 2950 219 2990 punc
242 2970 253 2980 .
1695 2949 1716 2967 ⁰

223 2995 278 3035 27
299 2994 450 3036 defuit
467 2995 510 3035 V
550 2997 605 3036 29
627 2994 947 3037 defendissent
961 2996 1086 3038 bello
1106 3007 1193 3048 quo
1205 2995 1461 3037 Tusculani
1477 2994 1528 3044 V,
1548 3007 1621 3035 em.
1634 2992 1731 3032 Mai
