1878 3132
696 125 816 172 CAP.
843 125 921 178 lx,
963 125 993 184 g
1021 127 1160 170 1—5.
1638 120 1738 172 101

118 254 182 290 eo
216 235 394 305 magis
437 234 593 287 illum
620 234 934 288 notandum
969 234 1184 299 statuit,
1235 234 1382 304 quod
1416 232 1741 304 amplissimi

116 307 340 360 honoris
366 306 708 359 maiestatem
734 314 850 358 tam
876 313 1051 357 taetro
1078 304 1324 357 facinore
1349 305 1741 376 inquinauerat

116 395 219 430 nec
252 377 409 449 pensi
446 376 702 442 duxerat,
753 374 931 428 isdem
964 375 1300 444 imaginibus
1338 376 1544 429 ascribi
1569 394 1740 428 mere—

117 448 271 501 tricis
316 447 500 501 oculos
544 446 782 500 humano
830 447 1098 515 sanguine
1150 445 1450 499 delectatos
1503 453 1556 499 et
1591 446 1738 516 regis

116 518 358 589 Philippi
385 537 487 589 sup
528 516 658 570 lices
686 536 899 570 manus.
1759 539 1781 573 5

221 590 274 642 4.
314 589 463 655 Quid
490 537 559 641 ge
583 589 809 642 Fabrici
833 588 1059 641 Luscini
1087 592 1319 641 censura
1344 588 1576 659 loquar?
1614 605 1738 640 nar—

115 661 263 713 rauit
297 660 472 713 omnis
508 668 660 713 aetas
697 668 751 712 et
777 659 968 712 deince
1011 678 1035 711 s
1059 659 1314 712 narrabit
1349 659 1420 712 ab
1448 677 1511 711 eo
1539 658 1739 712 Corne-

114 730 248 783 lium
272 730 533 783 Rufinum
559 730 773 784 duobus
812 749 982 784 consu
1005 730 1187 784 atibus
1225 738 1279 783 et
1305 730 1582 783 dictatura
1620 748 1739 800 spe-

116 802 421 855 ciosissime
441 802 690 854 functum
696 842 710 868 ‚
736 801 885 873 quod
903 802 1091 854 decem
1110 801 1292 872 pondo
1317 819 1456 853 uasa
1475 810 1740 871 argentea

116 881 490 942 conparasset,
517 872 745 943 perinde
772 891 837 925 ac
862 872 1006 926 malo
1035 871 1283 943 exemplo
1308 871 1657 931 luxuriosum
1682 872 1738 924 in
1761 895 1805 927 10

116 942 307 996 ordine
345 944 618 997 senatorio
656 951 929 996 retentum
963 962 1076 997 non
1112 962 1248 996 esse.
1332 943 1487 1014 ipsae
1522 942 1737 995 medius

115 1013 279 1066 fidius
306 1014 442 1066 mihi
466 1013 682 1067 litterae
704 1014 907 1067 saeculi
932 1015 1108 1068 nostri
1134 1014 1521 1084 obstupescere
1547 1013 1737 1066 uiden-

114 1094 219 1151 tur,
246 1103 369 1136 cum
396 1085 469 1137 ad
494 1093 706 1138 tantam
733 1086 1083 1138 seueritatem
1108 1085 1458 1138 referendam
1492 1085 1738 1138 ministe-

111 1156 256 1207 rium
291 1154 716 1222 adcommodare
751 1164 1048 1225 coguntur,
1086 1174 1152 1208 ac
1183 1156 1366 1209 uereri
1400 1174 1470 1208 ne
1503 1174 1616 1209 non
1640 1174 1736 1209 no-

114 1235 261 1279 strae
308 1226 462 1279 urbis
514 1235 640 1279 acta
689 1244 1115 1281 commemorare
1165 1227 1563 1279 existimentur.
1640 1227 1737 1278 uix
1759 1247 1802 1282 15

113 1297 256 1349 enim
276 1296 540 1357 credibile
566 1306 651 1350 est
675 1298 822 1368 intra
846 1297 994 1351 idem
1013 1299 1319 1368 pomerium
1340 1298 1527 1350 decem
1552 1296 1737 1368 pondo

113 1368 328 1437 argenti
362 1376 417 1421 et
442 1367 780 1422 inuidiosum
805 1369 978 1421 fuisse
1007 1387 1231 1422 censum
1272 1378 1327 1422 et
1365 1369 1609 1439 inopiam
1642 1367 1736 1420 ha-

111 1438 231 1491 beri
255 1440 799 1509 contemptissimam.

218 1509 269 1562 5.
307 1508 383 1561 M.
406 1517 591 1562 autem
616 1511 893 1564 Antonius
922 1519 977 1564 et
996 1511 1060 1564 L.
1084 1510 1315 1564 Flaccus
1344 1528 1598 1563 censores
1618 1509 1735 1561 Du-

111 1580 325 1632 ronium
360 1588 553 1633 senatu
581 1590 898 1648 mouerunt,
936 1581 1084 1653 quod
1108 1581 1286 1651 legem
1313 1581 1382 1634 de
1417 1580 1734 1643 coercendis
1758 1604 1801 1638 20

113 1650 491 1704 conuiuiorum
530 1652 841 1722 sumptibus
882 1651 1052 1705 latam
1093 1653 1348 1706 tribunus
1383 1651 1534 1723 plebi
1567 1652 1734 1704 'abro-

111 1729 360 1788 gauerat.
410 1721 643 1774 mirifica
668 1731 832 1776 notae
858 1741 1042 1775 causa.
1130 1741 1259 1775 uam
1285 1723 1431 1776 enim
1466 1721 1734 1791 inpuden-

113 1798 195 1842 ter
221 1790 503 1844 Duronius
530 1801 712 1845 rostra
737 1793 1071 1860 conscendit,
1094 1742 1197 1845 ‘illa
1224 1793 1495 1845 dicturus:
1538 1792 1735 1844 ‘Freni

113 1868 240 1913 sunt
263 1861 452 1914 iniecti
476 1862 635 1915 uobis
649 1902 663 1929 ,
694 1861 965 1931 Quirites,
1001 1862 1151 1916 nullo
1178 1863 1344 1917 modo
1369 1861 1733 1934 perpetiendi,

110 1930 323 2000 alligati
358 1940 407 1984 et
442 1933 727 1986 constricti
771 1934 904 1987 estis
940 1952 1125 1988 amaro
1161 1932 1384 1987 uinculo
1420 1933 1728 1986 seruitutis:
1756 1955 1800 1989 25

108 2000 200 2054 lex
225 2002 372 2054 enim
398 2001 510 2055 lata
535 2011 635 2069 est,
664 2021 803 2073 quae
830 2023 929 2057 uos
957 2023 1077 2058 esse
1103 2005 1253 2075 frugi
1278 2004 1450 2058 iubet.
1503 2005 1731 2073 abroge-

108 2091 229 2125 mus
274 2073 444 2142 igitur
478 2073 629 2127 istud
662 2075 918 2128 horridae
962 2076 1254 2129 uetustatis
1290 2075 1545 2145 rubigine
1589 2074 1733 2128 obsi-

109 2151 226 2195 tum
250 2144 558 2214 imperium.
611 2147 814 2198 etenim
839 2146 974 2217 quid
1000 2165 1136 2218 opus
1163 2147 1447 2214 libertate,
1478 2147 1524 2198 si
1549 2144 1732 2199 uolen—

106 2212 258 2266 tibus
284 2213 420 2267 luxu
443 2216 624 2286 perire
649 2235 760 2270 non
783 2216 948 2270 licet?
964 2224 978 2246 ⁹
1055 2236 1058 2240 ·

108 2331 264 2363 corum
307 2318 499 2385 consilio
548 2320 764 2368 adhibito.
849 2323 891 2365 3.
942 2321 1135 2369 Porcius
1181 2323 1290 2370 Cato
1335 2324 1384 2369 L.
1428 2322 1729 2369 Flamininum
1751 2340 1795 2373 30

109 2394 268 2433 senatu
294 2387 464 2441 mouit,
502 2391 625 2450 quod
651 2392 705 2437 ad
732 2391 972 2438 arbitrium
998 2394 1203 2440 mulieris
1228 2395 1277 2439 in
1303 2395 1519 2441 conuiuio
1547 2394 1728 2439 damna·
1750 2382 1843 2416 Par.

110 2463 206 2502 tum
226 2459 377 2504 securi
396 2464 636 2518 percussit.
674 2466 716 2505 4.
740 2462 975 2509 Fabricius
994 2464 1217 2511 Luscinus
1237 2464 1498 2511 Cornelium
1518 2463 1730 2509 Rufinum

108 2534 270 2573 senatu
294 2528 455 2579 mouit,
484 2531 607 2588 quod
634 2531 786 2578 decem
812 2534 966 2593 pondo
994 2536 1175 2594 argenti
1201 2535 1406 2582 haberet.
1465 2539 1507 2582 5.
1550 2534 1606 2578 Μ.
1635 2535 1728 2579 An-

109 2598 262 2644 tonius
305 2606 351 2644 et
385 2599 432 2644 L.
471 2599 658 2646 Flaccus
702 2616 920 2649 censores
965 2605 1213 2651 Duronium
1257 2611 1420 2651 senatu
1464 2611 1727 2654 mouerunt,

107 2668 229 2727 quod
248 2668 411 2730 legem,
440 2684 556 2730 quae
577 2672 840 2718 coercendis
867 2675 1186 2721 conuiuiorum
1213 2674 1472 2737 sumptibus
1497 2673 1588 2721 lata
1613 2681 1725 2726 erat,
1749 2692 1793 2726 35

221 2765 246 2806 3
267 2765 401 2817 pensi
420 2765 464 2805 B
483 2767 526 2806 in
547 2779 636 2809 ras.
697 2769 723 2807 9
755 2767 876 2819 quod
896 2782 940 2812 x.
961 2782 1006 2822 p.
1028 2782 1144 2811 uasa
1165 2770 1208 2810 B
1270 2768 1323 2811 10
1350 2769 1543 2824 perinde
1563 2770 1664 2823 (per
1683 2772 1726 2810 in

104 2817 213 2871 ras.)
235 2819 296 2869 B,
327 2821 523 2874 proinde
552 2823 597 2864 Γ
653 2825 703 2863 11
735 2824 835 2877 ipse
863 2825 906 2865 B
966 2827 1019 2868 19
1041 2826 1300 2869 durionium
1323 2831 1534 2870 senatum
1555 2820 1610 2867 B'
1670 2827 1726 2867 25

45 2880 52 2899 *
107 2873 309 2973 ει11ε>ς3ισι11ιίἰ
310 2870 424 2976 ῃΒζῃη
438 2880 514 2974 29V
514 2879 656 2932 periri
674 2879 718 2921 B
