1936 3120
689 145 809 191 CAP.
836 145 940 197 vm,
969 126 999 204 §s
1025 147 1178 192 1-6:
1637 139 1744 192 369

117 271 230 323 gna
266 271 336 305 ex
371 260 528 322 parte
565 253 722 305 heres
761 252 934 304 frater
969 260 1086 304 erat
1122 252 1356 322 scriptus
1383 251 1740 322 praelegaba-

119 333 209 377 tur
248 341 316 375 ue
342 324 392 376 ei
419 323 623 375 centies
653 331 706 374 et
731 323 1092 394 quinquagies
1131 302 1742 389 sestertiumffmultum

120 413 185 446 ac
212 342 318 446 (diu
351 395 495 446 inter
539 393 914 445 adsentientes
962 393 1333 462 indignationi
1371 411 1499 460 suae
1537 394 1740 446 amicos

156 471 372 529 uestuS,
409 462 557 533 quod
592 463 662 515 ad
697 462 891 515 hastae
926 463 1190 515 iudicium
1227 463 1491 530 adtinuit,
1530 464 1739 516 cineres

119 483 308 591 &ratris
335 534 548 604 quietos
577 552 696 586 esse
722 552 918 604 passus
947 542 1047 586 est.
1125 543 1179 586 et
1206 542 1361 586 erant
1397 534 1466 587 ab
1495 553 1557 587 eo
1584 535 1739 587 insti·
1763 549 1784 582 5

119 604 225 658 tuti
250 603 477 656 heredes
505 622 681 674 neque
709 605 975 673 sanguine
996 604 1206 673 Begino
1235 623 1396 674 pares
1420 615 1595 675 neque
1617 624 1741 676 pro—

118 675 275 742 ximi,
305 674 401 726 sed
429 674 595 727 alieni
621 682 675 727 et
700 674 951 740 humiles,
980 683 1040 727 ut
1067 694 1173 727 non
1202 674 1377 726 solum
1404 674 1742 744 flagitiosum

122 744 425 812 silentium,
474 745 573 796 sed
608 745 773 797 etiam
808 745 1073 815 praelatio
1121 744 1516 799 contumeliosa
1562 745 1743 798 uideri

119 824 327 887 posset.
681 827 684 830 '
1273 859 1277 865 .

228 886 279 939 ἴ).
321 886 513 956 Aeque
540 884 718 937 felicis
746 886 1092 955 inpunitatis,
1123 885 1220 937 sed
1247 887 1429 938 nescio
1458 905 1526 937 an
1554 886 1739 938 taetri·
1765 902 1805 934 10

124 957 234 1010 oris
264 957 397 1008 haec
424 955 610 1008 delicti
635 965 981 1008 testamenta.

232 1026 300 1092 Q.
328 1026 621 1091 Caecilius,
648 1027 711 1077 L.
740 1027 958 1078 Luculli
984 1027 1394 1097 promptissimo
1425 1027 1608 1085 studio
1631 1045 1742 1078 ma-

123 1098 385 1168 ximaque
420 1096 752 1149 liberalitate
781 1106 833 1149 et
860 1096 1151 1149 honestum
1188 1097 1474 1166 dignitatis
1511 1096 1743 1165 gradum

125 1175 179 1219 et
205 1166 604 1237 amplissimum
639 1168 1026 1237 patrimonium
1065 1175 1388 1219 consecutus
1400 1207 1413 1231 ,
1452 1186 1575 1219 cum
1649 1186 1743 1219 rae

127 1257 184 1290 se
230 1256 443 1308 semper
486 1237 705 1290 tulisset
748 1257 916 1289 unum
961 1237 1110 1288 illum
1157 1238 1263 1290 sibi
1307 1257 1426 1289 esse
1465 1187 1740 1303 heredbm,
1767 1252 1808 1285 15

123 1309 362 1361 moriens
391 1309 555 1360 etiam
582 1309 770 1361 anulos
796 1310 844 1360 ei
865 1326 989 1360 suos
1016 1308 1351 1373 tradidisset7
1381 1309 1744 1377 Pomponium

125 1379 372 1432 Atticum
406 1386 731 1431 testamento
768 1378 1054 1449 adoptauit
1092 1378 1439 1448 omniumque
1474 1379 1743 1430 bonorum

124 1449 380 1502 heredem
415 1448 651 1519 reliquit.
732 1449 828 1501 sed
864 1448 1076 1501 fallacis
1123 1457 1176 1501 et
1211 1449 1466 1500 insidiosi
1508 1449 1745 1500 cadauer

124 1518 358 1590 populus
387 1520 664 1572 Romanus
703 1521 1007 1572 ceruicibus
1044 1528 1189 1571 reste
1225 1518 1619 1572 circumdatum
1646 1537 1745 1589 per

125 1590 244 1640 uias
282 1590 471 1642 traxit.
523 1590 706 1659 itaque
740 1590 985 1642 nefarius
1023 1591 1182 1642 homo
1219 1589 1391 1641 filium
1431 1589 1650 1659 quidem
1688 1598 1742 1641 et
1766 1604 1807 1636 20

126 1659 380 1711 heredem
402 1660 595 1712 habuit
616 1679 776 1730 quem
798 1660 988 1724 uoluit,
1016 1660 1181 1712 funus
1204 1669 1384 1712 autem
1409 1668 1462 1711 et
1482 1659 1741 1729 exequias

128 1729 314 1800 quales
343 1730 556 1781 meruit.

234 1800 283 1852 6.
324 1800 514 1870 Neque
540 1799 658 1851 aliis
689 1801 886 1868 dignus
914 1801 1020 1851 fuit
1047 1801 1111 1851 T.
1135 1800 1342 1851 Marius
1357 1798 1618 1864 Vruinas,
1648 1798 1743 1868 qui

130 1871 199 1922 ab
225 1871 412 1922 infimo
439 1870 665 1922 militiae
696 1870 813 1923 loco
849 1870 1128 1922 beneficiis
1169 1870 1282 1921 diui
1310 1870 1549 1937 Augusti
1576 1869 1742 1937 impe-

128 1941 326 1993 ratoris
355 1941 425 1993 ad
454 1959 693 1993 summos
732 1941 1024 1992 castrensis
1060 1940 1293 1992 honores
1332 1939 1629 2010 perductus
1657 1957 1741 1990 eo·
1765 1953 1808 1986 25

128 2075 173 2119 in
210 2088 301 2134 quo
338 2074 525 2119 fratrem
566 2088 697 2120 suum
735 2089 785 2119 ex
825 2075 1014 2119 maxima
1059 2079 1187 2133 parte
1231 2072 1468 2131 linquebat
1512 2071 1740 2117 heredem.
1767 2079 1856 2112 Par.

128 2147 170 2187 ὃ.
210 2143 260 2200 Q.
287 2145 525 2195 Caecilius,
553 2146 600 2190 L.
626 2145 803 2190 Luculli
829 2145 1016 2199 amicus,
1046 2145 1176 2189 cuius
1205 2149 1250 2188 et
1276 2142 1495 2188 beneficio
1525 2142 1577 2186 ad
1604 2143 1744 2186 maio-

131 2228 224 2259 rem
252 2216 440 2274 gradum
469 2223 774 2275 processerat,
804 2229 904 2260 cum
933 2229 1032 2260 eum
1061 2214 1206 2274 palam
1234 2220 1365 2259 suum
1395 2213 1588 2258 dictaret
1615 2213 1744 2256 here-

130 2284 254 2336 dem,
283 2285 593 2345 ‘Pomponium
628 2287 828 2330 Atticum
867 2287 910 2330 in
950 2291 1223 2331 testamento
1262 2284 1510 2343 adoptauit.
1587 2284 1742 2341 itaque

130 2355 328 2414 populus
355 2355 583 2400 Romanus
611 2356 805 2400 cadauer
842 2370 924 2414 per
957 2357 1053 2400 uias
1092 2357 1201 2399 resti
1239 2354 1564 2399 circumdatum
1592 2353 1739 2396 traxit.
1767 2359 1808 2390 30

130 2427 171 2468 6.
211 2423 254 2468 C.
284 2425 451 2468 Marius
481 2425 695 2475 Vruinas,
734 2425 954 2470 beneficio
983 2425 1177 2483 Augusti
1214 2424 1267 2468 ad
1308 2437 1508 2468 summos
1544 2423 1742 2466 honores

250 2548 268 2584 1
299 2545 750 2598 praelegabaturque
774 2547 815 2586 B
837 2560 873 2585 m
952 2548 975 2585 2
1007 2547 1279 2586 sextertium
1302 2539 1359 2585 B'
1437 2547 1463 2584 6
1493 2544 1662 2596 pagino
1685 2543 1740 2590 B,

131 2615 315 2654 pagano
339 2604 406 2642 uel
425 2603 577 2653 patrio
599 2604 717 2648 dett„
743 2603 919 2655 Regino
944 2603 1042 2643 edd.
1066 2607 1165 2643 uelt.
1231 2603 1282 2641 10
1303 2601 1470 2640 felices
1494 2593 1548 2638 B'
1603 2601 1650 2638 11
1675 2602 1741 2638 te-

132 2662 379 2699 stamenta.
424 2659 583 2708 QVAE
615 2657 930 2698 ADVERSVS
963 2657 1291 2697 OPINIONES
1323 2656 1615 2695 HOMINVM
1637 2655 1744 2695 HE-

133 2714 332 2755 REDES
354 2715 727 2755 HABVERVNT
750 2715 791 2754 B
853 2716 903 2755 16
927 2715 1183 2767 pompeium
1208 2707 1262 2752 B'
1323 2713 1373 2752 17
1395 2713 1442 2751 in
1464 2715 1742 2752 testamento

134 2772 175 2810 P
251 2772 302 2811 18
343 2770 555 2811 heredem
580 2785 656 2812 om.
679 2771 734 2816 B,
758 2773 859 2813 add.
883 2785 932 2812 m.
958 2773 982 2809 2
1012 2772 1055 2809 in
1076 2776 1266 2810 eoetremo
1290 2782 1416 2809 uersu
1435 2774 1532 2820 post
1555 2767 1744 2819 reliquit

135 2829 188 2867 19
210 2831 334 2867 reste
358 2827 406 2867 b:
428 2825 553 2867 recte
571 2828 624 2875 B,
650 2827 737 2867 reti
749 2829 798 2874 P,
818 2828 923 2877 fort.
948 2827 1063 2865 resti
1102 2828 1156 2866 20
1179 2826 1299 2865 uiam
1312 2825 1365 2873 B,
1389 2839 1463 2866 em.
1488 2826 1598 2865 exP
1615 2821 1633 2877 ΙΙ
1654 2827 1744 2863 tra-

133 2882 201 2922 hit
221 2880 278 2922 B'
317 2885 370 2924 23
391 2884 546 2924 urinas
557 2884 611 2930 B,
635 2884 811 2923 uirinas
825 2883 901 2929 Pb,
925 2883 1123 2922 Vrbinas
1145 2883 1319 2934 Piylzius
1358 2883 1412 2922 25
1434 2881 1676 2934 perductos
1690 2872 1744 2918 B'

247 2940 301 2979 28
326 2940 566 2979 dictitaret
589 2941 684 2979 Mai
741 2942 794 2980 30
815 2941 904 2979 reti
934 2941 975 2978 V
1030 2941 1081 2980 31
1105 2939 1280 2978 uirinas
1310 2939 1350 2977 V
1694 2943 1715 2959 ·

218 3021 322 3052 VAL.
347 3022 455 3053 MAx.
1421 3004 1493 3056 24
