1872 3132
672 119 788 182 eff.
818 135 892 186 v1‚
931 135 960 194 3
988 138 1128 180 3—7.
1309 190 1317 197 Α
1551 125 1554 129 ·
1644 127 1712 178 27

88 244 427 315 triumphum
464 250 732 306 clamasse,
777 242 946 295 alium
982 261 1105 294 cum
1149 240 1498 311 elephantino
1534 240 1714 311 capite

84 324 309 383 natum,
337 315 395 366 in
420 315 620 367 Piceno
647 313 926 383 lapidibus
955 312 1189 383 pluisse,
1226 313 1284 363 in
1310 310 1497 365 Gallia
1522 310 1715 381 lupum

89 386 249 456 uigili
279 405 308 438 e
333 385 535 454 uagina
559 383 806 454 gladium
833 382 1156 449 abstulisse,
1191 384 1249 434 in
1276 382 1534 435 Sardinia
1560 391 1716 435 scuta

93 458 203 510 duo
241 455 559 526 sanguinem
596 454 851 518 sudasse,
901 453 1057 507 Antii
1092 453 1423 506 metentibus
1461 460 1713 505 cruentas

93 528 274 598 spicas
302 527 360 578 in
386 526 606 579 corbem
633 525 928 592 decidisse,
966 524 1215 576 Caerites
1245 543 1415 594 aquas
1444 524 1714 593 sanguine
1738 543 1757 576 5

92 599 294 650 mixtas
320 596 564 649 fluxisse.
603 595 747 650 bello
775 597 942 648 etiam
968 595 1172 647 Punico
1203 594 1443 647 secundo
1471 594 1719 648 constitit

84 669 192 721 On.
220 667 430 720 Domiti
455 667 655 719 bouem
683 666 892 719 dixisse
920 672 1082 729 ‘cane
1110 666 1239 737 tibi²
1268 666 1490 718 Roma'.

195 738 245 791 6.
287 738 346 790 C.
369 746 551 790 autem
569 737 868 789 Flaminius
896 736 1236 806 inauspicato
1266 748 1435 789 consu
1477 746 1715 802 creatus,

82 828 216 861 -cum
251 809 399 879 apud
424 807 605 860 lacum
631 810 1071 879 Trasymennum
1105 825 1237 859 cumv
1253 806 1567 860 Hannibale
1593 826 1716 860 con-

93 878 338 931 flicturus
385 878 620 932 conuelli
656 879 813 949 signa
850 878 1129 943 iussisset⁷
1175 877 1330 948 lapso
1375 897 1512 948 equo
1554 896 1717 948 super
1742 898 1781 928 10

94 968 159 1002 ca
201 957 260 1002 ut
286 951 400 1002 eius
427 949 579 1000 humi
605 959 914 1020 prostratus
943 956 1050 1014 est,
1089 947 1332 1020 nihilque
1369 968 1432 1002 eo
1460 948 1715 1020 prodigio

94 1020 151 1071 in
192 1020 388 1087 ibstus,
443 1019 720 1088 signiferis
772 1019 1103 1090 negantibus
1155 1021 1309 1088 signa
1358 1020 1568 1072 moueri
1619 1038 1718 1071 sua

96 1090 224 1142 sede
251 1109 439 1161 posse,
466 1090 689 1157 malum,
717 1093 773 1142 ni
799 1110 863 1144 ea
891 1090 1147 1143 continuo
1175 1089 1518 1158 effodissent,
1546 1091 1716 1142 mina-

98 1169 184 1213 tus
214 1170 315 1214 est.
364 1178 558 1212 uerum
582 1161 742 1214 huius
771 1160 1092 1214 temeritatis
1120 1161 1330 1212 utinam
1359 1180 1458 1213 sua
1484 1169 1715 1227 tantum,

93 1250 204 1284 non
240 1232 406 1284 etiam
441 1232 631 1302 populi
657 1232 891 1285 Romani
925 1231 1167 1283 maxima
1202 1231 1356 1284 clade
1382 1250 1586 1302 poenas
1624 1251 1715 1303 pe·
1741 1248 1780 1281 15

95 1302 401 1373 pendisset!
441 1301 497 1352 in
523 1322 588 1355 ea
612 1322 848 1374 namque
875 1303 990 1355 acie
1017 1305 1103 1355 {3⁷
1126 1303 1499 1356 Romanorum
1536 1321 1717 1369 caesa7

94 1376 156 1427 ἦ
189 1380 377 1444 capta,
425 1374 468 1427 {i
501 1373 698 1444 fugata
736 1382 880 1427 sunt.
964 1373 1204 1426 consulis
1253 1374 1566 1426 obtruncati
1603 1392 1717 1426 cor-

95 1463 196 1517 pus
242 1444 314 1496 ad
349 1444 715 1498 funerandum
763 1445 832 1498 ab
870 1444 1183 1497 Hannibale
1228 1444 1563 1513 quaesitum,
1623 1444 1719 1514 qui

84 1522 357 1596 ›qua-ntum
398 1516 457 1568 in
500 1515 621 1586 ipso
667 1514 897 1583 fuerat.
929 1515 1238 1568 Romanum
1282 1514 1576 1586 sepelierat
1621 1516 1716 1566 im-

95 1604 330 1656 perium.
1741 1605 1781 1635 20

204 1657 252 1708 7.
302 1655 539 1709 Flamini
573 1657 1145 1727 autem‘praecipitem
1182 1655 1472 1708 audaciam
1508 1656 1567 1709 C.
1607 1656 1718 1708 Ho-

98 1725 274 1778 stilius
300 1726 587 1779 Mancinus
622 1746 867 1780 uaesana
900 1727 1312 1797 perseuerantia
1348 1727 1718 1797 subsequitur.

98 1796 186 1847 cui
212 1796 425 1848 consuli
449 1798 507 1848 in
532 1797 862 1867 Hispaniam
888 1799 1032 1850 ituro
1058 1796 1194 1849 haec
1220 1797 1475 1867 prodigia
1509 1797 1717 1849 accide-

97 1873 242 1918 runt.
316 1885 439 1917 cum
481 1867 702 1919 Lauinii
742 1868 1071 1919 sacrificium
1114 1868 1296 1919 facere
1340 1866 1531 1933 uellet,
1584 1866 1719 1937 pulli
1797 1927 1803 1931 ,

87 1954 269 1988 cauea
304 1937 490 1989 emissi
524 1938 582 1988 in
617 1938 922 2008 proximam
960 1936 1155 1990 siluam
1189 1937 1450 2007 fugerunt
1485 1957 1717 1990 summa-
1741 1954 1782 1987 25

11 2043 15 2050 -
90 2025 203 2076 >que
228 2006 512 2077 diligentia
538 2009 773 2079 quaesiti
802 2008 1030 2079 reperiri
1065 2009 1454 2079 nequiuerunt:
1497 2028 1620 2061 cum
1647 2009 1717 2064 ab

89 2139 139 2184 6.
177 2138 221 2183 C.
248 2138 493 2186 Flaminius
530 2141 812 2202 inauspicato
854 2141 1013 2187 consul
1051 2148 1254 2192 creatus,
1295 2157 1396 2188 cum
1423 2143 1544 2203 apud
1569 2142 1718 2188 lacum
1743 2149 1832 2183 Par.

91 2209 443 2256 Thrasimenum
468 2225 570 2256 cum
598 2211 844 2257 Hannibale
872 2211 1171 2258 conflicturus
1198 2219 1333 2267 esset,
1363 2213 1562 2259 conuelli
1591 2215 1718 2272 signa

90 2279 260 2331 iussit,
305 2289 350 2325 et
384 2281 514 2341 lapso
552 2296 670 2342 equo
710 2297 848 2343 super
887 2290 1024 2343 caput
1063 2284 1158 2328 eius
1199 2284 1298 2343 ipse
1334 2290 1596 2343 prostratus
1634 2290 1718 2328 est.

99 2350 252 2410 itaque
287 2365 466 2411 pugnae
503 2352 600 2398 eius
638 2354 785 2398 exitus
823 2354 1122 2398 saeuissimus
1159 2354 1260 2400 suit.
1338 2357 1379 2399 7.
1427 2355 1472 2399 C.
1511 2355 1715 2400 Mancino
1741 2363 1781 2394 30

14 2445 25 2483 i»
93 2433 196 2464 cos.
240 2422 287 2466 in
327 2421 588 2483 Hispaniam
640 2424 761 2468 ituro
798 2423 912 2484 pulli
957 2437 980 2468 e
1017 2438 1154 2470 cauea
1190 2424 1355 2484 pullari
1400 2425 1719 2471 auolauerunt.

216 2543 237 2582 1
282 2542 509 2584 clamasse
550 2547 652 2586 add.
681 2547 704 2586 b
741 2560 777 2587 s,
818 2549 844 2586 l.
886 2546 1069 2597 (infans
1098 2569 1155 2575 —-
1184 2548 1463 2600 triumphum
1496 2547 1721 2587 clamauit

15 2611 18 2613 ·
43 2614 47 2616 ·
96 2598 370 2650 quieuitque
394 2601 569 2651 Nepet.)
600 2599 618 2654 Η
647 2602 740 2642 alio
764 2624 816 2631 —
838 2606 948 2642 nato
971 2603 994 2642 b
1054 2605 1079 2642 2
1110 2606 1220 2643 nato
1244 2603 1286 2642 B
1346 2606 1371 2644 3
1395 2602 1613 2643 Sardinia
1636 2603 1720 2643 Ne-

10 2702 18 2709 :
97 2659 217 2705 pot..⁹
256 2655 413 2696 sicilia
442 2656 510 2704 B‚·
548 2658 814 2709 Nepotianus
838 2659 1161 2711 paragraphum
1190 2664 1321 2699 totam
1349 2659 1495 2709 habet,
1535 2660 1720 2700 dictione

19 2724 21 2726 ·
95 2713 267 2762 ‚paulum
294 2719 474 2760 mutata,
508 2727 566 2754 ex
588 2728 670 2767 qua
695 2715 826 2765 facile
849 2721 1037 2766 apparet
1058 2728 1145 2754 eum
1168 2728 1251 2756 non
1274 2716 1439 2755 Liuium
1468 2717 1603 2768 ipsum
1625 2714 1719 2768 (22,

10 2775 25 2818 ζ’
102 2767 142 2816 1,
164 2766 211 2818 8)
242 2767 293 2809 ob
321 2766 464 2811 oculos
491 2770 685 2811 habuisse
763 2772 791 2810 4
828 2770 958 2810 Antii
999 2769 1091 2821 (uel
1119 2770 1243 2822 apud
1271 2771 1485 2824 Antium)
1518 2772 1720 2825 Pighius:

102 2821 244 2863 etiam
263 2824 320 2876 B,
353 2825 475 2878 apud
495 2826 683 2871 Antium
706 2827 817 2879 Nep.
878 2828 904 2866 5
928 2839 1109 2866 coruem
1130 2826 1173 2866 B
1233 2830 1256 2868 7
1279 2841 1468 2869 romane
1490 2829 1578 2880 Pb,
1612 2835 1659 2869 at
1679 2844 1718 2872 u.

7 2885 38 2925 ;;
103 2877 199 2920 Liv.
223 2882 293 2929 35,
317 2883 387 2932 21,
411 2886 438 2922 5
504 2884 529 2923 9
557 2886 872 2936 trasymenum
905 2881 1008 2931 (thr.
1038 2882 1174 2935 corr.)
1206 2884 1249 2924 B
1279 2881 1298 2939 {l
1337 2885 1633 2926 confecturus
1665 2879 1721 2925 B'

6 2930 34 2975 ἶ
82 2933 156 2994 ,17
177 2935 218 2979 ’Ξ
243 2937 397 2989 Nepot.
420 2937 486 2989 (ut
507 2946 573 2979 est
593 2941 713 2992 apud
731 2940 828 2979 [Δία.
851 2942 923 2990 22,
951 2943 986 2986 7,
1010 2937 1058 2991 2)
1071 2954 1084 2979 .·
1116 2941 1181 2983 H
1202 2941 1245 2980 B
1305 2943 1360 2982 26
1381 2942 1607 2994 repperiri
1629 2935 1683 2981 B'
1709 2966 1726 2979 .
