<?xml version="1.0" encoding="UTF-8"?>
<!DOCTYPE html PUBLIC "-//W3C//DTD XHTML 1.0 Transitional//EN"
    "http://www.w3.org/TR/xhtml1/DTD/xhtml1-transitional.dtd">
<html xmlns="http://www.w3.org/1999/xhtml" xml:lang="en" lang="en">
 <head>
  <title>
</title>
<meta http-equiv="Content-Type" content="text/html;charset=utf-8" />
  <meta name='ocr-system' content='tesseract 3.04.00' />
  <meta name='ocr-capabilities' content='ocr_page ocr_carea ocr_par ocr_line ocrx_word'/>
</head>
<body>
  <div class='ocr_page' id='page_1' title='image "./factorumetdictor00valeuoft_0513.png"; bbox 0 0 1936 3120; ppageno 0'>
   <div class='ocr_carea' id='block_1_1' title="bbox 19 0 527 114">
    <p class='ocr_par' dir='ltr' id='par_1_1' title="bbox 19 0 527 114">
     <span class='ocr_line' id='line_1_1' title="bbox 19 0 527 114; baseline 0 3006"><span class='ocrx_word' id='word_1_1' title='bbox 19 0 527 114; x_wconf 95' lang='lat' dir='ltr'><strong> </strong></span> 
     </span>
    </p>
   </div>
   <div class='ocr_carea' id='block_1_2' title="bbox 0 2816 59 3120">
    <p class='ocr_par' dir='ltr' id='par_1_2' title="bbox 0 2816 59 3120">
     <span class='ocr_line' id='line_1_2' title="bbox 0 2816 59 3120; baseline 0 0"><span class='ocrx_word' id='word_1_2' title='bbox 0 2816 59 3120; x_wconf 95' lang='lat' dir='ltr'><strong> </strong></span> 
     </span>
    </p>
   </div>
   <div class='ocr_carea' id='block_1_3' title="bbox 684 0 1158 26">
    <p class='ocr_par' dir='ltr' id='par_1_3' title="bbox 684 0 1158 26">
     <span class='ocr_line' id='line_1_3' title="bbox 684 0 1158 26; baseline 0.002 -16"><span class='ocrx_word' id='word_1_3' title='bbox 684 0 701 10; x_wconf 51' lang='lat' dir='ltr'><strong>*r</strong></span> <span class='ocrx_word' id='word_1_4' title='bbox 724 0 734 13; x_wconf 66' lang='grc' dir='ltr'><strong><em>ἰ</em></strong></span> <span class='ocrx_word' id='word_1_5' title='bbox 747 0 974 26; x_wconf 34' lang='lat' dir='ltr'><strong>&#39;&#39;Vfssv‘ff&#39;fffl’ffff‘s</strong></span> <span class='ocrx_word' id='word_1_6' title='bbox 985 0 1006 11; x_wconf 72' lang='lat' dir='ltr'><strong>w</strong></span> <span class='ocrx_word' id='word_1_7' title='bbox 1018 0 1033 11; x_wconf 69' lang='grc' dir='ltr'><strong>γ·</strong></span> <span class='ocrx_word' id='word_1_8' title='bbox 1044 0 1074 23; x_wconf 43' lang='grc' dir='ltr'><strong>ἐξ.</strong></span> <span class='ocrx_word' id='word_1_9' title='bbox 1110 2 1139 14; x_wconf 43' lang='grc' dir='ltr'><strong>ω,</strong></span> <span class='ocrx_word' id='word_1_10' title='bbox 1156 7 1158 11; x_wconf 95' lang='grc'><strong>.</strong></span> 
     </span>
    </p>
   </div>
   <div class='ocr_carea' id='block_1_4' title="bbox 695 121 1778 182">
    <p class='ocr_par' dir='ltr' id='par_1_4' title="bbox 695 121 1778 182">
     <span class='ocr_line' id='line_1_4' title="bbox 695 121 1778 182; baseline -0.003 -5"><span class='ocrx_word' id='word_1_11' title='bbox 695 130 763 178; x_wconf 87' lang='lat' dir='ltr'><strong>DE</strong></span> <span class='ocrx_word' id='word_1_12' title='bbox 788 128 1240 182; x_wconf 85' lang='lat' dir='ltr'><strong>PRAENOMINIBVS.</strong></span> <span class='ocrx_word' id='word_1_13' title='bbox 1672 121 1778 175; x_wconf 85' lang='lat'><strong>485</strong></span> 
     </span>
    </p>
   </div>
   <div class='ocr_carea' id='block_1_5' title="bbox 158 235 1854 2371">
    <p class='ocr_par' dir='ltr' id='par_1_5' title="bbox 162 235 1776 438">
     <span class='ocr_line' id='line_1_5' title="bbox 202 235 1773 310; baseline -0.005 -15"><span class='ocrx_word' id='word_1_14' title='bbox 202 243 403 295; x_wconf 88' lang='lat' dir='ltr'><strong>rimum</strong></span> <span class='ocrx_word' id='word_1_15' title='bbox 426 258 613 310; x_wconf 91' lang='lat' dir='ltr'><strong>regem</strong></span> <span class='ocrx_word' id='word_1_16' title='bbox 639 258 853 306; x_wconf 84' lang='lat' dir='ltr'><strong>eorum,</strong></span> <span class='ocrx_word' id='word_1_17' title='bbox 893 246 946 292; x_wconf 89' lang='lat' dir='ltr'><strong>et</strong></span> <span class='ocrx_word' id='word_1_18' title='bbox 970 238 1254 291; x_wconf 84' lang='lat' dir='ltr'><strong>Fertorem</strong></span> <span class='ocrx_word' id='word_1_19' title='bbox 1280 235 1533 304; x_wconf 86' lang='lat' dir='ltr'><strong>Resium,</strong></span> <span class='ocrx_word' id='word_1_20' title='bbox 1571 235 1664 307; x_wconf 92' lang='lat' dir='ltr'><strong>qui</strong></span> <span class='ocrx_word' id='word_1_21' title='bbox 1688 235 1773 288; x_wconf 89' lang='lat' dir='ltr'><strong>ius</strong></span> 
     </span>
     <span class='ocr_line' id='line_1_6' title="bbox 191 307 1776 366; baseline -0.004 0"><span class='ocrx_word' id='word_1_22' title='bbox 191 311 354 366; x_wconf 91' lang='lat' dir='ltr'><strong>etiale</strong></span> <span class='ocrx_word' id='word_1_23' title='bbox 381 311 683 366; x_wconf 88' lang='lat' dir='ltr'><strong>constituit.</strong></span> <span class='ocrx_word' id='word_1_24' title='bbox 757 312 815 363; x_wconf 89' lang='lat' dir='ltr'><strong>in</strong></span> <span class='ocrx_word' id='word_1_25' title='bbox 850 310 995 362; x_wconf 91' lang='lat' dir='ltr'><strong>hunc</strong></span> <span class='ocrx_word' id='word_1_26' title='bbox 1020 309 1241 362; x_wconf 89' lang='lat' dir='ltr'><strong>modum</strong></span> <span class='ocrx_word' id='word_1_27' title='bbox 1268 307 1532 362; x_wconf 83' lang='lat' dir='ltr'>Varronis</span> <span class='ocrx_word' id='word_1_28' title='bbox 1563 314 1776 360; x_wconf 90' lang='lat' dir='ltr'><strong>senten-</strong></span> 
     </span>
     <span class='ocr_line' id='line_1_7' title="bbox 162 383 565 438; baseline -0.002 -1"><span class='ocrx_word' id='word_1_29' title='bbox 162 384 242 437; x_wconf 91' lang='lat' dir='ltr'><strong>tia</strong></span> <span class='ocrx_word' id='word_1_30' title='bbox 267 383 565 438; x_wconf 82' lang='lat' dir='ltr'><strong>subruitur.</strong></span> 
     </span>
    </p>

    <p class='ocr_par' dir='ltr' id='par_1_6' title="bbox 159 447 1854 1723">
     <span class='ocr_line' id='line_1_8' title="bbox 269 447 1776 507; baseline -0.003 0"><span class='ocrx_word' id='word_1_31' title='bbox 269 454 320 507; x_wconf 82' lang='lat'><strong>2.</strong></span> <span class='ocrx_word' id='word_1_32' title='bbox 360 454 635 507; x_wconf 89' lang='lat' dir='ltr'><strong>Romanos</strong></span> <span class='ocrx_word' id='word_1_33' title='bbox 670 460 853 505; x_wconf 91' lang='lat' dir='ltr'><strong>autem</strong></span> <span class='ocrx_word' id='word_1_34' title='bbox 897 450 1276 505; x_wconf 84' lang='lat' dir='ltr'><strong>arbitrandum</strong></span> <span class='ocrx_word' id='word_1_35' title='bbox 1313 459 1395 503; x_wconf 92' lang='lat' dir='ltr'><strong>est</strong></span> <span class='ocrx_word' id='word_1_36' title='bbox 1429 450 1671 502; x_wconf 80' lang='lat' dir='ltr'><strong>maxime</strong></span> <span class='ocrx_word' id='word_1_37' title='bbox 1706 447 1776 503; x_wconf 86' lang='lat' dir='ltr'><strong>ab</strong></span> 
     </span>
     <span class='ocr_line' id='line_1_9' title="bbox 162 522 1825 594; baseline -0.005 -16"><span class='ocrx_word' id='word_1_38' title='bbox 162 524 394 578; x_wconf 87' lang='lat' dir='ltr'><strong>Albanis</strong></span> <span class='ocrx_word' id='word_1_39' title='bbox 430 532 483 577; x_wconf 92' lang='lat' dir='ltr'><strong>et</strong></span> <span class='ocrx_word' id='word_1_40' title='bbox 509 524 727 578; x_wconf 84' lang='lat' dir='ltr'>Sabinis</span> <span class='ocrx_word' id='word_1_41' title='bbox 765 522 1303 594; x_wconf 83' lang='lat' dir='ltr'><strong>multiplicandorum</strong></span> <span class='ocrx_word' id='word_1_42' title='bbox 1337 523 1619 575; x_wconf 87' lang='lat' dir='ltr'><strong>nominum</strong></span> <span class='ocrx_word' id='word_1_43' title='bbox 1655 538 1778 574; x_wconf 91' lang='lat' dir='ltr'><strong>con·</strong></span> <span class='ocrx_word' id='word_1_44' title='bbox 1799 534 1825 569; x_wconf 76' lang='lat'>5</span> 
     </span>
     <span class='ocr_line' id='line_1_10' title="bbox 163 592 1779 666; baseline -0.002 -18"><span class='ocrx_word' id='word_1_45' title='bbox 163 595 512 649; x_wconf 82' lang='lat' dir='ltr'><strong>suetudinem</strong></span> <span class='ocrx_word' id='word_1_46' title='bbox 537 596 792 661; x_wconf 80' lang='lat' dir='ltr'><strong>traxisse,</strong></span> <span class='ocrx_word' id='word_1_47' title='bbox 821 595 1079 666; x_wconf 91' lang='lat' dir='ltr'><strong>quoniam</strong></span> <span class='ocrx_word' id='word_1_48' title='bbox 1100 595 1169 647; x_wconf 93' lang='lat' dir='ltr'><strong>ab</strong></span> <span class='ocrx_word' id='word_1_49' title='bbox 1195 592 1304 646; x_wconf 90' lang='lat' dir='ltr'><strong>illis</strong></span> <span class='ocrx_word' id='word_1_50' title='bbox 1336 594 1442 647; x_wconf 90' lang='lat' dir='ltr'><strong>orti</strong></span> <span class='ocrx_word' id='word_1_51' title='bbox 1471 601 1614 645; x_wconf 91' lang='lat' dir='ltr'><strong>sunt.</strong></span> <span class='ocrx_word' id='word_1_52' title='bbox 1669 610 1779 645; x_wconf 89' lang='lat' dir='ltr'><strong>om-</strong></span> 
     </span>
     <span class='ocr_line' id='line_1_11' title="bbox 161 663 1779 738; baseline -0.002 -20"><span class='ocrx_word' id='word_1_53' title='bbox 161 667 255 719; x_wconf 90' lang='lat' dir='ltr'><strong>nia</strong></span> <span class='ocrx_word' id='word_1_54' title='bbox 281 675 463 720; x_wconf 91' lang='lat' dir='ltr'><strong>autem</strong></span> <span class='ocrx_word' id='word_1_55' title='bbox 490 685 630 738; x_wconf 90' lang='lat' dir='ltr'><strong>quae</strong></span> <span class='ocrx_word' id='word_1_56' title='bbox 657 666 728 718; x_wconf 84' lang='lat' dir='ltr'><strong>ad</strong></span> <span class='ocrx_word' id='word_1_57' title='bbox 754 685 923 718; x_wconf 88' lang='lat' dir='ltr'><strong>unum</strong></span> <span class='ocrx_word' id='word_1_58' title='bbox 952 684 1219 736; x_wconf 88' lang='lat' dir='ltr'><strong>quemque</strong></span> <span class='ocrx_word' id='word_1_59' title='bbox 1245 673 1495 733; x_wconf 79' lang='lat' dir='ltr'><strong>nostrum</strong></span> <span class='ocrx_word' id='word_1_60' title='bbox 1521 663 1779 716; x_wconf 84' lang='lat' dir='ltr'><strong>definien-</strong></span> 
     </span>
     <span class='ocr_line' id='line_1_12' title="bbox 164 734 1777 807; baseline -0.002 -18"><span class='ocrx_word' id='word_1_61' title='bbox 164 737 295 790; x_wconf 89' lang='lat' dir='ltr'><strong>dum</strong></span> <span class='ocrx_word' id='word_1_62' title='bbox 311 738 624 807; x_wconf 79' lang='lat' dir='ltr'><strong>excogitata</strong></span> <span class='ocrx_word' id='word_1_63' title='bbox 640 746 781 804; x_wconf 87' lang='lat' dir='ltr'><strong>sunt,</strong></span> <span class='ocrx_word' id='word_1_64' title='bbox 809 737 1037 790; x_wconf 85' lang='lat' dir='ltr'><strong>eandem</strong></span> <span class='ocrx_word' id='word_1_65' title='bbox 1050 736 1162 788; x_wconf 90' lang='lat' dir='ltr'><strong>uim</strong></span> <span class='ocrx_word' id='word_1_66' title='bbox 1185 735 1530 805; x_wconf 87' lang='lat' dir='ltr'><strong>significandi</strong></span> <span class='ocrx_word' id='word_1_67' title='bbox 1543 734 1777 788; x_wconf 88' lang='lat' dir='ltr'><strong>hominis</strong></span> 
     </span>
     <span class='ocr_line' id='line_1_13' title="bbox 165 805 1778 879; baseline -0.002 -17"><span class='ocrx_word' id='word_1_68' title='bbox 165 809 431 879; x_wconf 81' lang='lat' dir='ltr'><strong>optinent.</strong></span> <span class='ocrx_word' id='word_1_69' title='bbox 475 808 632 879; x_wconf 50' lang='lat' dir='ltr'><strong>*quod</strong></span> <span class='ocrx_word' id='word_1_70' title='bbox 658 827 755 879; x_wconf 91' lang='lat' dir='ltr'><strong>per</strong></span> <span class='ocrx_word' id='word_1_71' title='bbox 779 810 1172 879; x_wconf 81' lang='lat' dir='ltr'><strong>proprietatem</strong></span> <span class='ocrx_word' id='word_1_72' title='bbox 1199 807 1427 875; x_wconf 88' lang='lat' dir='ltr'><strong>dicitur,</strong></span> <span class='ocrx_word' id='word_1_73' title='bbox 1462 806 1562 859; x_wconf 91' lang='lat' dir='ltr'><strong>hoc</strong></span> <span class='ocrx_word' id='word_1_74' title='bbox 1593 805 1778 872; x_wconf 88' lang='lat' dir='ltr'><strong>distat,</strong></span> 
     </span>
     <span class='ocr_line' id='line_1_14' title="bbox 163 876 1851 950; baseline -0.004 -19"><span class='ocrx_word' id='word_1_75' title='bbox 163 879 292 949; x_wconf 89' lang='lat' dir='ltr'><strong>quia</strong></span> <span class='ocrx_word' id='word_1_76' title='bbox 313 899 375 932; x_wconf 93' lang='lat' dir='ltr'><strong>eo</strong></span> <span class='ocrx_word' id='word_1_77' title='bbox 393 898 529 949; x_wconf 88' lang='lat' dir='ltr'><strong>gens</strong></span> <span class='ocrx_word' id='word_1_78' title='bbox 552 881 914 949; x_wconf 76' lang='lat' dir='ltr'><strong>cognoscitur,</strong></span> <span class='ocrx_word' id='word_1_79' title='bbox 938 879 1170 950; x_wconf 87' lang='lat' dir='ltr'><strong>ideoque</strong></span> <span class='ocrx_word' id='word_1_80' title='bbox 1192 879 1389 932; x_wconf 88' lang='lat' dir='ltr'><strong>dicitur</strong></span> <span class='ocrx_word' id='word_1_81' title='bbox 1409 876 1775 947; x_wconf 88' lang='lat' dir='ltr'><strong>gentilicium:</strong></span> <span class='ocrx_word' id='word_1_82' title='bbox 1802 891 1851 924; x_wconf 86' lang='lat'><strong>10·</strong></span> 
     </span>
     <span class='ocr_line' id='line_1_15' title="bbox 165 950 1781 1021; baseline -0.001 -19"><span class='ocrx_word' id='word_1_83' title='bbox 165 959 348 1004; x_wconf 91' lang='lat' dir='ltr'><strong>cetera</strong></span> <span class='ocrx_word' id='word_1_84' title='bbox 374 950 564 1003; x_wconf 90' lang='lat' dir='ltr'><strong>ordine</strong></span> <span class='ocrx_word' id='word_1_85' title='bbox 582 952 884 1003; x_wconf 89' lang='lat' dir='ltr'><strong>uariantur.</strong></span> <span class='ocrx_word' id='word_1_86' title='bbox 937 968 1064 1002; x_wconf 86' lang='lat' dir='ltr'><strong>nam</strong></span> <span class='ocrx_word' id='word_1_87' title='bbox 1086 950 1231 1021; x_wconf 88' lang='lat' dir='ltr'><strong>quod</strong></span> <span class='ocrx_word' id='word_1_88' title='bbox 1250 968 1381 1021; x_wconf 92' lang='lat' dir='ltr'><strong>prae</strong></span> <span class='ocrx_word' id='word_1_89' title='bbox 1425 950 1608 1002; x_wconf 90' lang='lat' dir='ltr'><strong>onitur</strong></span> <span class='ocrx_word' id='word_1_90' title='bbox 1626 966 1781 1019; x_wconf 89' lang='lat' dir='ltr'><strong>prae-</strong></span> 
     </span>
     <span class='ocr_line' id='line_1_16' title="bbox 161 969 1781 1092; baseline -0.002 -19"><span class='ocrx_word' id='word_1_91' title='bbox 161 1040 379 1088; x_wconf 80' lang='lat' dir='ltr'><strong>nomen,</strong></span> <span class='ocrx_word' id='word_1_92' title='bbox 409 1021 554 1092; x_wconf 86' lang='lat' dir='ltr'><strong>quod</strong></span> <span class='ocrx_word' id='word_1_93' title='bbox 579 1031 705 1092; x_wconf 92' lang='lat' dir='ltr'><strong>post</strong></span> <span class='ocrx_word' id='word_1_94' title='bbox 724 1022 901 1074; x_wconf 88' lang='lat' dir='ltr'><strong>fertur</strong></span> <span class='ocrx_word' id='word_1_95' title='bbox 920 1040 1239 1091; x_wconf 78' lang='lat' dir='ltr'><strong>cognomen,</strong></span> <span class='ocrx_word' id='word_1_96' title='bbox 1269 969 1418 1092; x_wconf 55' lang='lat' dir='ltr'><strong>quog</strong></span> <span class='ocrx_word' id='word_1_97' title='bbox 1436 1020 1507 1073; x_wconf 84' lang='lat' dir='ltr'><strong>ad</strong></span> <span class='ocrx_word' id='word_1_98' title='bbox 1526 1019 1781 1072; x_wconf 80' lang='lat' dir='ltr'><strong>ultimum</strong></span> 
     </span>
     <span class='ocr_line' id='line_1_17' title="bbox 164 1091 1781 1163; baseline -0.001 -19"><span class='ocrx_word' id='word_1_99' title='bbox 164 1092 368 1145; x_wconf 87' lang='lat' dir='ltr'><strong>dicitur</strong></span> <span class='ocrx_word' id='word_1_100' title='bbox 393 1111 679 1162; x_wconf 84' lang='lat' dir='ltr'><strong>agnomen.</strong></span> <span class='ocrx_word' id='word_1_101' title='bbox 758 1112 987 1163; x_wconf 89' lang='lat' dir='ltr'><strong>quorum</strong></span> <span class='ocrx_word' id='word_1_102' title='bbox 1022 1092 1190 1145; x_wconf 87' lang='lat' dir='ltr'><strong>series</strong></span> <span class='ocrx_word' id='word_1_103' title='bbox 1226 1112 1337 1145; x_wconf 92' lang='lat' dir='ltr'><strong>non</strong></span> <span class='ocrx_word' id='word_1_104' title='bbox 1363 1093 1441 1144; x_wconf 90' lang='lat' dir='ltr'><strong>ita</strong></span> <span class='ocrx_word' id='word_1_105' title='bbox 1467 1099 1526 1144; x_wconf 90' lang='lat' dir='ltr'><strong>ut</strong></span> <span class='ocrx_word' id='word_1_106' title='bbox 1551 1091 1781 1162; x_wconf 84' lang='lat' dir='ltr'><strong>exposui</strong></span> 
     </span>
     <span class='ocr_line' id='line_1_18' title="bbox 165 1161 1781 1234; baseline -0.001 -19"><span class='ocrx_word' id='word_1_107' title='bbox 165 1182 380 1234; x_wconf 88' lang='lat' dir='ltr'><strong>semper</strong></span> <span class='ocrx_word' id='word_1_108' title='bbox 406 1172 628 1216; x_wconf 89' lang='lat' dir='ltr'><strong>seruata</strong></span> <span class='ocrx_word' id='word_1_109' title='bbox 654 1172 754 1216; x_wconf 87' lang='lat' dir='ltr'><strong>est.</strong></span> <span class='ocrx_word' id='word_1_110' title='bbox 832 1164 1210 1216; x_wconf 85' lang='lat' dir='ltr'><strong>animaduerto</strong></span> <span class='ocrx_word' id='word_1_111' title='bbox 1240 1164 1385 1215; x_wconf 89' lang='lat' dir='ltr'><strong>enim</strong></span> <span class='ocrx_word' id='word_1_112' title='bbox 1412 1163 1469 1214; x_wconf 90' lang='lat' dir='ltr'><strong>in</strong></span> <span class='ocrx_word' id='word_1_113' title='bbox 1496 1161 1781 1216; x_wconf 89' lang='lat' dir='ltr'><strong>consulum</strong></span> 
     </span>
     <span class='ocr_line' id='line_1_19' title="bbox 164 1233 1854 1305; baseline -0.004 -19"><span class='ocrx_word' id='word_1_114' title='bbox 164 1235 327 1286; x_wconf 85' lang='lat' dir='ltr'><strong>fastis</strong></span> <span class='ocrx_word' id='word_1_115' title='bbox 354 1234 678 1305; x_wconf 81' lang='lat' dir='ltr'><strong>perplexum</strong></span> <span class='ocrx_word' id='word_1_116' title='bbox 704 1253 864 1287; x_wconf 91' lang='lat' dir='ltr'><strong>usum</strong></span> <span class='ocrx_word' id='word_1_117' title='bbox 890 1235 1303 1305; x_wconf 89' lang='lat' dir='ltr'><strong>praenominum</strong></span> <span class='ocrx_word' id='word_1_118' title='bbox 1325 1243 1378 1287; x_wconf 90' lang='lat' dir='ltr'><strong>et</strong></span> <span class='ocrx_word' id='word_1_119' title='bbox 1399 1233 1778 1304; x_wconf 90' lang='lat' dir='ltr'><strong>cognominum</strong></span> <span class='ocrx_word' id='word_1_120' title='bbox 1802 1247 1854 1280; x_wconf 63' lang='lat'><strong>15</strong></span> 
     </span>
     <span class='ocr_line' id='line_1_20' title="bbox 161 1303 1782 1370; baseline 0.001 -14"><span class='ocrx_word' id='word_1_121' title='bbox 161 1305 351 1357; x_wconf 90' lang='lat' dir='ltr'><strong>fuisse.</strong></span> <span class='ocrx_word' id='word_1_122' title='bbox 424 1303 631 1370; x_wconf 63' lang='lat' dir='ltr'><strong>dictum</strong></span> <span class='ocrx_word' id='word_1_123' title='bbox 667 1305 988 1359; x_wconf 79' lang='lat' dir='ltr'><strong>Postumum</strong></span> <span class='ocrx_word' id='word_1_124' title='bbox 1026 1305 1334 1359; x_wconf 81' lang='lat' dir='ltr'><strong>Cominium</strong></span> <span class='ocrx_word' id='word_1_125' title='bbox 1371 1307 1694 1358; x_wconf 88' lang='lat' dir='ltr'><strong>Auruncum</strong></span> <span class='ocrx_word' id='word_1_126' title='bbox 1728 1313 1782 1358; x_wconf 86' lang='lat' dir='ltr'><strong>et</strong></span> 
     </span>
     <span class='ocr_line' id='line_1_21' title="bbox 159 1375 1782 1446; baseline 0.001 -19"><span class='ocrx_word' id='word_1_127' title='bbox 159 1375 484 1429; x_wconf 85' lang='lat' dir='ltr'><strong>Postumum</strong></span> <span class='ocrx_word' id='word_1_128' title='bbox 505 1376 806 1429; x_wconf 89' lang='lat' dir='ltr'><strong>Aebutium</strong></span> <span class='ocrx_word' id='word_1_129' title='bbox 832 1376 1070 1428; x_wconf 89' lang='lat' dir='ltr'><strong>Heluam</strong></span> <span class='ocrx_word' id='word_1_130' title='bbox 1098 1385 1151 1429; x_wconf 90' lang='lat' dir='ltr'><strong>et</strong></span> <span class='ocrx_word' id='word_1_131' title='bbox 1173 1376 1474 1446; x_wconf 88' lang='lat' dir='ltr'><strong>Vopiscum</strong></span> <span class='ocrx_word' id='word_1_132' title='bbox 1500 1376 1701 1430; x_wconf 88' lang='lat' dir='ltr'><strong>Iulium</strong></span> <span class='ocrx_word' id='word_1_133' title='bbox 1727 1382 1782 1429; x_wconf 84' lang='lat' dir='ltr'><strong>et</strong></span> 
     </span>
     <span class='ocr_line' id='line_1_22' title="bbox 163 1445 1782 1517; baseline -0.001 -18"><span class='ocrx_word' id='word_1_134' title='bbox 163 1445 210 1499; x_wconf 94' lang='grc' dir='ltr'>Ο</span> <span class='ocrx_word' id='word_1_135' title='bbox 252 1446 410 1499; x_wconf 92' lang='lat' dir='ltr'><strong>itrem</strong></span> <span class='ocrx_word' id='word_1_136' title='bbox 449 1447 775 1517; x_wconf 90' lang='lat' dir='ltr'><strong>Verginium</strong></span> <span class='ocrx_word' id='word_1_137' title='bbox 821 1448 1134 1500; x_wconf 86' lang='lat' dir='ltr'><strong>Tricostum</strong></span> <span class='ocrx_word' id='word_1_138' title='bbox 1173 1455 1226 1500; x_wconf 91' lang='lat' dir='ltr'><strong>et</strong></span> <span class='ocrx_word' id='word_1_139' title='bbox 1269 1446 1503 1499; x_wconf 90' lang='lat' dir='ltr'><strong>Paulum</strong></span> <span class='ocrx_word' id='word_1_140' title='bbox 1547 1447 1782 1500; x_wconf 87' lang='lat' dir='ltr'><strong>Fabium</strong></span> 
     </span>
     <span class='ocr_line' id='line_1_23' title="bbox 159 1465 1780 1589; baseline 0.002 -21"><span class='ocrx_word' id='word_1_141' title='bbox 159 1465 483 1569; x_wconf 51' lang='lat' dir='ltr'><strong>ngimum.</strong></span> <span class='ocrx_word' id='word_1_142' title='bbox 559 1519 691 1588; x_wconf 91' lang='lat' dir='ltr'><strong>quin</strong></span> <span class='ocrx_word' id='word_1_143' title='bbox 727 1520 890 1571; x_wconf 88' lang='lat' dir='ltr'><strong>etiam</strong></span> <span class='ocrx_word' id='word_1_144' title='bbox 926 1519 1196 1589; x_wconf 87' lang='lat' dir='ltr'><strong>quaedam</strong></span> <span class='ocrx_word' id='word_1_145' title='bbox 1233 1519 1560 1588; x_wconf 90' lang='lat' dir='ltr'><strong>cognomina</strong></span> <span class='ocrx_word' id='word_1_146' title='bbox 1593 1519 1651 1570; x_wconf 89' lang='lat' dir='ltr'><strong>in</strong></span> <span class='ocrx_word' id='word_1_147' title='bbox 1688 1537 1780 1571; x_wconf 93' lang='lat' dir='ltr'><strong>no-</strong></span> 
     </span>
     <span class='ocr_line' id='line_1_24' title="bbox 162 1589 1849 1661; baseline 0.002 -22"><span class='ocrx_word' id='word_1_148' title='bbox 162 1605 290 1639; x_wconf 88' lang='lat' dir='ltr'><strong>men</strong></span> <span class='ocrx_word' id='word_1_149' title='bbox 322 1606 485 1640; x_wconf 91' lang='lat' dir='ltr'><strong>uersa</strong></span> <span class='ocrx_word' id='word_1_150' title='bbox 520 1597 671 1654; x_wconf 90' lang='lat' dir='ltr'><strong>sunt,</strong></span> <span class='ocrx_word' id='word_1_151' title='bbox 719 1597 782 1641; x_wconf 92' lang='lat' dir='ltr'><strong>ut</strong></span> <span class='ocrx_word' id='word_1_152' title='bbox 819 1589 1048 1660; x_wconf 84' lang='lat' dir='ltr'><strong>Caepio:</strong></span> <span class='ocrx_word' id='word_1_153' title='bbox 1102 1609 1335 1661; x_wconf 91' lang='lat' dir='ltr'><strong>namque</strong></span> <span class='ocrx_word' id='word_1_154' title='bbox 1370 1590 1473 1643; x_wconf 92' lang='lat' dir='ltr'><strong>hoc</strong></span> <span class='ocrx_word' id='word_1_155' title='bbox 1510 1591 1567 1641; x_wconf 89' lang='lat' dir='ltr'><strong>in</strong></span> <span class='ocrx_word' id='word_1_156' title='bbox 1602 1590 1774 1642; x_wconf 88' lang='lat' dir='ltr'><strong>Bruto</strong></span> <span class='ocrx_word' id='word_1_157' title='bbox 1801 1604 1849 1636; x_wconf 67' lang='lat'><strong>20</strong></span> 
     </span>
     <span class='ocr_line' id='line_1_25' title="bbox 162 1657 1296 1723; baseline 0.003 -13"><span class='ocrx_word' id='word_1_158' title='bbox 162 1658 398 1710; x_wconf 91' lang='lat' dir='ltr'><strong>nominis</strong></span> <span class='ocrx_word' id='word_1_159' title='bbox 425 1657 604 1711; x_wconf 92' lang='lat' dir='ltr'><strong>locum</strong></span> <span class='ocrx_word' id='word_1_160' title='bbox 633 1660 888 1713; x_wconf 87' lang='lat' dir='ltr'><strong>obtinuit.</strong></span> <span class='ocrx_word' id='word_1_161' title='bbox 1294 1720 1296 1723; x_wconf 13' lang='lat' dir='ltr'>y</span> 
     </span>
    </p>

    <p class='ocr_par' dir='ltr' id='par_1_7' title="bbox 158 1729 1846 2207">
     <span class='ocr_line' id='line_1_26' title="bbox 268 1729 1781 1801; baseline 0.001 -19"><span class='ocrx_word' id='word_1_162' title='bbox 268 1729 320 1782; x_wconf 84' lang='lat'><strong>3.</strong></span> <span class='ocrx_word' id='word_1_163' title='bbox 361 1729 660 1782; x_wconf 79' lang='lat' dir='ltr'><strong>Gentilicia</strong></span> <span class='ocrx_word' id='word_1_164' title='bbox 694 1732 914 1783; x_wconf 90' lang='lat' dir='ltr'><strong>nomina</strong></span> <span class='ocrx_word' id='word_1_165' title='bbox 939 1731 1115 1784; x_wconf 88' lang='lat' dir='ltr'><strong>Varro</strong></span> <span class='ocrx_word' id='word_1_166' title='bbox 1152 1739 1312 1801; x_wconf 91' lang='lat' dir='ltr'><strong>putat</strong></span> <span class='ocrx_word' id='word_1_167' title='bbox 1347 1731 1519 1784; x_wconf 84' lang='lat' dir='ltr'><strong>fuisse</strong></span> <span class='ocrx_word' id='word_1_168' title='bbox 1554 1749 1781 1784; x_wconf 91' lang='lat' dir='ltr'><strong>numero</strong></span> 
     </span>
     <span class='ocr_line' id='line_1_27' title="bbox 162 1801 1780 1874; baseline 0.002 -23"><span class='ocrx_word' id='word_1_169' title='bbox 162 1818 257 1867; x_wconf 89' lang='lat'><strong>00,</strong></span> <span class='ocrx_word' id='word_1_170' title='bbox 294 1801 651 1870; x_wconf 88' lang='lat' dir='ltr'><strong>praenomina</strong></span> <span class='ocrx_word' id='word_1_171' title='bbox 687 1803 831 1855; x_wconf 91' lang='lat' dir='ltr'><strong>circa</strong></span> <span class='ocrx_word' id='word_1_172' title='bbox 857 1817 998 1854; x_wconf 83' lang='lat' dir='ltr'><strong>XXX.</strong></span> <span class='ocrx_word' id='word_1_173' title='bbox 1075 1803 1259 1871; x_wconf 88' lang='lat' dir='ltr'><strong>pueris</strong></span> <span class='ocrx_word' id='word_1_174' title='bbox 1288 1821 1396 1855; x_wconf 92' lang='lat' dir='ltr'><strong>non</strong></span> <span class='ocrx_word' id='word_1_175' title='bbox 1432 1804 1585 1874; x_wconf 88' lang='lat' dir='ltr'><strong>prius</strong></span> <span class='ocrx_word' id='word_1_176' title='bbox 1615 1821 1780 1873; x_wconf 89' lang='lat' dir='ltr'><strong>quam</strong></span> 
     </span>
     <span class='ocr_line' id='line_1_28' title="bbox 162 1870 1778 1944; baseline 0.001 -20"><span class='ocrx_word' id='word_1_177' title='bbox 162 1880 349 1940; x_wconf 88' lang='lat' dir='ltr'><strong>togam</strong></span> <span class='ocrx_word' id='word_1_178' title='bbox 374 1870 591 1924; x_wconf 88' lang='lat' dir='ltr'><strong>uirilem</strong></span> <span class='ocrx_word' id='word_1_179' title='bbox 618 1880 915 1939; x_wconf 89' lang='lat' dir='ltr'><strong>sumerent,</strong></span> <span class='ocrx_word' id='word_1_180' title='bbox 953 1872 1148 1942; x_wconf 87' lang='lat' dir='ltr'><strong>puellis</strong></span> <span class='ocrx_word' id='word_1_181' title='bbox 1186 1892 1295 1926; x_wconf 94' lang='lat' dir='ltr'><strong>non</strong></span> <span class='ocrx_word' id='word_1_182' title='bbox 1332 1882 1457 1926; x_wconf 93' lang='lat' dir='ltr'><strong>ante</strong></span> <span class='ocrx_word' id='word_1_183' title='bbox 1493 1892 1657 1944; x_wconf 92' lang='lat' dir='ltr'><strong>quam</strong></span> <span class='ocrx_word' id='word_1_184' title='bbox 1682 1893 1778 1925; x_wconf 91' lang='lat' dir='ltr'><strong>nu-</strong></span> 
     </span>
     <span class='ocr_line' id='line_1_29' title="bbox 158 1942 1846 2014; baseline 0 -19"><span class='ocrx_word' id='word_1_185' title='bbox 158 1942 353 1995; x_wconf 89' lang='lat' dir='ltr'><strong>berent</strong></span> <span class='ocrx_word' id='word_1_186' title='bbox 387 1942 743 2013; x_wconf 89' lang='lat' dir='ltr'><strong>praenomina</strong></span> <span class='ocrx_word' id='word_1_187' title='bbox 777 1944 985 2014; x_wconf 90' lang='lat' dir='ltr'><strong>imponi</strong></span> <span class='ocrx_word' id='word_1_188' title='bbox 1018 1944 1181 1997; x_wconf 88' lang='lat' dir='ltr'><strong>moris</strong></span> <span class='ocrx_word' id='word_1_189' title='bbox 1217 1944 1389 1997; x_wconf 87' lang='lat' dir='ltr'><strong>fuisse</strong></span> <span class='ocrx_word' id='word_1_190' title='bbox 1418 1944 1485 2011; x_wconf 75' lang='lat' dir='ltr'><strong>Q.</strong></span> <span class='ocrx_word' id='word_1_191' title='bbox 1515 1943 1778 1998; x_wconf 83' lang='lat' dir='ltr'><strong>Scaeuola</strong></span> <span class='ocrx_word' id='word_1_192' title='bbox 1802 1958 1846 1992; x_wconf 85' lang='lat'><strong>25</strong></span> 
     </span>
     <span class='ocr_line' id='line_1_30' title="bbox 162 2013 1780 2086; baseline 0.001 -21"><span class='ocrx_word' id='word_1_193' title='bbox 162 2021 355 2066; x_wconf 90' lang='lat' dir='ltr'><strong>auctor</strong></span> <span class='ocrx_word' id='word_1_194' title='bbox 401 2021 503 2065; x_wconf 90' lang='lat' dir='ltr'><strong>est.</strong></span> <span class='ocrx_word' id='word_1_195' title='bbox 581 2032 720 2085; x_wconf 91' lang='lat' dir='ltr'><strong>quae</strong></span> <span class='ocrx_word' id='word_1_196' title='bbox 765 2013 895 2068; x_wconf 91' lang='lat' dir='ltr'><strong>olim</strong></span> <span class='ocrx_word' id='word_1_197' title='bbox 938 2015 1296 2086; x_wconf 88' lang='lat' dir='ltr'><strong>praenomina</strong></span> <span class='ocrx_word' id='word_1_198' title='bbox 1339 2015 1585 2083; x_wconf 89' lang='lat' dir='ltr'><strong>fuerunt,</strong></span> <span class='ocrx_word' id='word_1_199' title='bbox 1636 2034 1780 2068; x_wconf 87' lang='lat' dir='ltr'><strong>nunc</strong></span> 
     </span>
     <span class='ocr_line' id='line_1_31' title="bbox 159 2083 1778 2158; baseline 0.002 -23"><span class='ocrx_word' id='word_1_200' title='bbox 159 2083 484 2153; x_wconf 89' lang='lat' dir='ltr'><strong>cognomina</strong></span> <span class='ocrx_word' id='word_1_201' title='bbox 520 2094 672 2152; x_wconf 90' lang='lat' dir='ltr'><strong>sunt,</strong></span> <span class='ocrx_word' id='word_1_202' title='bbox 719 2093 780 2138; x_wconf 87' lang='lat' dir='ltr'><strong>ut</strong></span> <span class='ocrx_word' id='word_1_203' title='bbox 812 2086 1130 2153; x_wconf 89' lang='lat' dir='ltr'><strong>Postumus,</strong></span> <span class='ocrx_word' id='word_1_204' title='bbox 1169 2087 1448 2158; x_wconf 88' lang='lat' dir='ltr'><strong>Agrippa,</strong></span> <span class='ocrx_word' id='word_1_205' title='bbox 1489 2086 1778 2154; x_wconf 75' lang='lat' dir='ltr'><strong>ProcUIUS,</strong></span> 
     </span>
     <span class='ocr_line' id='line_1_32' title="bbox 167 2153 1780 2207; baseline 0 -1"><span class='ocrx_word' id='word_1_206' title='bbox 167 2153 390 2207; x_wconf 86' lang='lat' dir='ltr'><strong>Caesar.</strong></span> <span class='ocrx_word' id='word_1_207' title='bbox 1776 2167 1780 2170; x_wconf 79' lang='grc'><strong>’</strong></span> 
     </span>
    </p>

    <p class='ocr_par' dir='ltr' id='par_1_8' title="bbox 159 2225 1842 2371">
     <span class='ocr_line' id='line_1_33' title="bbox 264 2225 1775 2307; baseline 0.003 -31"><span class='ocrx_word' id='word_1_208' title='bbox 264 2225 316 2277; x_wconf 90' lang='grc'><strong>4.</strong></span> <span class='ocrx_word' id='word_1_209' title='bbox 356 2226 564 2296; x_wconf 89' lang='lat' dir='ltr'><strong>Opiter,</strong></span> <span class='ocrx_word' id='word_1_210' title='bbox 594 2227 686 2307; x_wconf 86' lang='lat' dir='ltr'><strong>qui</strong></span> <span class='ocrx_word' id='word_1_211' title='bbox 710 2236 867 2297; x_wconf 88' lang='lat' dir='ltr'><strong>patre</strong></span> <span class='ocrx_word' id='word_1_212' title='bbox 894 2236 1127 2295; x_wconf 90' lang='lat' dir='ltr'><strong>mortu0,</strong></span> <span class='ocrx_word' id='word_1_213' title='bbox 1157 2247 1259 2282; x_wconf 89' lang='lat' dir='ltr'><strong>auo</strong></span> <span class='ocrx_word' id='word_1_214' title='bbox 1279 2229 1407 2283; x_wconf 91' lang='lat' dir='ltr'><strong>uiuo</strong></span> <span class='ocrx_word' id='word_1_215' title='bbox 1429 2229 1775 2299; x_wconf 85' lang='lat' dir='ltr'><strong>gignebatur.</strong></span> 
     </span>
     <span class='ocr_line' id='line_1_34' title="bbox 159 2293 1842 2371; baseline 0.004 -25"><span class='ocrx_word' id='word_1_216' title='bbox 159 2293 453 2364; x_wconf 81' lang='lat' dir='ltr'><strong>VopiscuS,</strong></span> <span class='ocrx_word' id='word_1_217' title='bbox 482 2298 576 2367; x_wconf 91' lang='lat' dir='ltr'><strong>qui</strong></span> <span class='ocrx_word' id='word_1_218' title='bbox 602 2316 661 2349; x_wconf 92' lang='lat' dir='ltr'><strong>1n</strong></span> <span class='ocrx_word' id='word_1_219' title='bbox 685 2307 841 2352; x_wconf 87' lang='lat' dir='ltr'><strong>utero</strong></span> <span class='ocrx_word' id='word_1_220' title='bbox 870 2300 1059 2351; x_wconf 88' lang='lat' dir='ltr'><strong>matris</strong></span> <span class='ocrx_word' id='word_1_221' title='bbox 1088 2302 1337 2369; x_wconf 88' lang='lat' dir='ltr'><strong>geminus</strong></span> <span class='ocrx_word' id='word_1_222' title='bbox 1360 2309 1674 2371; x_wconf 78' lang='lat' dir='ltr'><strong>concethS,</strong></span> <span class='ocrx_word' id='word_1_223' title='bbox 1702 2300 1774 2354; x_wconf 91' lang='lat' dir='ltr'><strong>al·</strong></span> <span class='ocrx_word' id='word_1_224' title='bbox 1799 2316 1842 2348; x_wconf 83' lang='lat'><strong>30</strong></span> 
     </span>
    </p>
   </div>
   <div class='ocr_carea' id='block_1_6' title="bbox 158 2437 1787 3006">
    <p class='ocr_par' dir='ltr' id='par_1_9' title="bbox 158 2437 1787 3006">
     <span class='ocr_line' id='line_1_35' title="bbox 275 2437 1778 2495; baseline 0.005 -18"><span class='ocrx_word' id='word_1_225' title='bbox 275 2439 298 2477; x_wconf 88' lang='lat'>1</span> <span class='ocrx_word' id='word_1_226' title='bbox 320 2437 537 2478; x_wconf 85' lang='lat' dir='ltr'><strong>sertorem</strong></span> <span class='ocrx_word' id='word_1_227' title='bbox 565 2439 615 2485; x_wconf 89' lang='lat' dir='ltr'><strong>V,</strong></span> <span class='ocrx_word' id='word_1_228' title='bbox 638 2441 734 2480; x_wconf 80' lang='lat' dir='ltr'><strong>item</strong></span> <span class='ocrx_word' id='word_1_229' title='bbox 753 2440 795 2480; x_wconf 91' lang='lat' dir='ltr'><em>B</em></span> <span class='ocrx_word' id='word_1_230' title='bbox 818 2447 860 2480; x_wconf 80' lang='lat' dir='ltr'><strong>ut</strong></span> <span class='ocrx_word' id='word_1_231' title='bbox 880 2443 1062 2489; x_wconf 81' lang='lat' dir='ltr'><strong>uidetur,</strong></span> <span class='ocrx_word' id='word_1_232' title='bbox 1084 2445 1126 2482; x_wconf 87' lang='lat' dir='ltr'><strong>in</strong></span> <span class='ocrx_word' id='word_1_233' title='bbox 1149 2456 1228 2495; x_wconf 79' lang='lat' dir='ltr'><strong>qao</strong></span> <span class='ocrx_word' id='word_1_234' title='bbox 1250 2445 1390 2495; x_wconf 85' lang='lat' dir='ltr'><strong>prima</strong></span> <span class='ocrx_word' id='word_1_235' title='bbox 1408 2447 1556 2484; x_wconf 78' lang='lat' dir='ltr'><strong>saltem</strong></span> <span class='ocrx_word' id='word_1_236' title='bbox 1590 2446 1734 2485; x_wconf 80' lang='lat' dir='ltr'><strong>littera</strong></span> <span class='ocrx_word' id='word_1_237' title='bbox 1756 2444 1778 2484; x_wconf 89' lang='lat' dir='ltr'>f</span> 
     </span>
     <span class='ocr_line' id='line_1_36' title="bbox 158 2495 1775 2553; baseline 0.005 -19"><span class='ocrx_word' id='word_1_238' title='bbox 158 2495 266 2534; x_wconf 79' lang='lat' dir='ltr'><strong>satis</strong></span> <span class='ocrx_word' id='word_1_239' title='bbox 296 2495 494 2535; x_wconf 81' lang='lat' dir='ltr'><strong>distincte</strong></span> <span class='ocrx_word' id='word_1_240' title='bbox 524 2499 757 2536; x_wconf 77' lang='lat' dir='ltr'><strong>etiamnunc</strong></span> <span class='ocrx_word' id='word_1_241' title='bbox 787 2503 997 2549; x_wconf 84' lang='lat' dir='ltr'><strong>apparet:</strong></span> <span class='ocrx_word' id='word_1_242' title='bbox 1030 2498 1258 2539; x_wconf 88' lang='lat' dir='ltr'><strong>Sertorem</strong></span> <span class='ocrx_word' id='word_1_243' title='bbox 1281 2509 1326 2549; x_wconf 80' lang='lat'><strong>‘33</strong></span> <span class='ocrx_word' id='word_1_244' title='bbox 1368 2501 1427 2552; x_wconf 83' lang='lat' dir='ltr'><strong>cf.</strong></span> <span class='ocrx_word' id='word_1_245' title='bbox 1457 2503 1775 2553; x_wconf 77' lang='lat' dir='ltr'><strong>inscriptionem</strong></span> 
     </span>
     <span class='ocr_line' id='line_1_37' title="bbox 161 2553 1773 2606; baseline 0.005 -16"><span class='ocrx_word' id='word_1_246' title='bbox 161 2563 299 2603; x_wconf 83' lang='lat' dir='ltr'><strong>nuper</strong></span> <span class='ocrx_word' id='word_1_247' title='bbox 318 2557 534 2603; x_wconf 82' lang='lat' dir='ltr'><strong>repertam</strong></span> <span class='ocrx_word' id='word_1_248' title='bbox 555 2554 597 2592; x_wconf 83' lang='lat' dir='ltr'><strong>in</strong></span> <span class='ocrx_word' id='word_1_249' title='bbox 621 2553 666 2594; x_wconf 85' lang='lat' dir='ltr'><strong>C.</strong></span> <span class='ocrx_word' id='word_1_250' title='bbox 688 2553 728 2592; x_wconf 86' lang='lat' dir='ltr'><strong>J.</strong></span> <span class='ocrx_word' id='word_1_251' title='bbox 752 2554 805 2592; x_wconf 87' lang='lat' dir='ltr'><strong>L.</strong></span> <span class='ocrx_word' id='word_1_252' title='bbox 830 2553 869 2601; x_wconf 93' lang='lat' dir='ltr'><strong>I,</strong></span> <span class='ocrx_word' id='word_1_253' title='bbox 891 2568 934 2606; x_wconf 86' lang='lat' dir='ltr'><strong>p.</strong></span> <span class='ocrx_word' id='word_1_254' title='bbox 958 2556 1043 2594; x_wconf 83' lang='lat'><strong>564</strong></span> <span class='ocrx_word' id='word_1_255' title='bbox 1110 2556 1137 2594; x_wconf 85' lang='lat'>4</span> <span class='ocrx_word' id='word_1_256' title='bbox 1158 2556 1351 2596; x_wconf 88' lang='lat' dir='ltr'><strong>maxime</strong></span> <span class='ocrx_word' id='word_1_257' title='bbox 1375 2571 1455 2598; x_wconf 88' lang='lat' dir='ltr'><strong>om.</strong></span> <span class='ocrx_word' id='word_1_258' title='bbox 1475 2557 1518 2597; x_wconf 87' lang='lat' dir='ltr'><em>B</em></span> <span class='ocrx_word' id='word_1_259' title='bbox 1539 2563 1584 2597; x_wconf 82' lang='lat' dir='ltr'><strong>ut</strong></span> <span class='ocrx_word' id='word_1_260' title='bbox 1603 2559 1773 2598; x_wconf 81' lang='lat' dir='ltr'><strong>uidetur</strong></span> 
     </span>
     <span class='ocr_line' id='line_1_38' title="bbox 159 2605 1774 2671; baseline 0.004 -23"><span class='ocrx_word' id='word_1_261' title='bbox 159 2607 418 2671; x_wconf 54' lang='lat' dir='ltr'><strong>9,9ptinent</strong></span> <span class='ocrx_word' id='word_1_262' title='bbox 438 2607 505 2647; x_wconf 89' lang='lat' dir='ltr'><strong>B:</strong></span> <span class='ocrx_word' id='word_1_263' title='bbox 537 2608 628 2651; x_wconf 84' lang='lat' dir='ltr'><strong>obt.</strong></span> <span class='ocrx_word' id='word_1_264' title='bbox 658 2605 734 2662; x_wconf 72' lang='lat' dir='ltr'><strong>Vl]</strong></span> <span class='ocrx_word' id='word_1_265' title='bbox 755 2622 838 2662; x_wconf 89' lang='lat' dir='ltr'><strong>per</strong></span> <span class='ocrx_word' id='word_1_266' title='bbox 858 2611 1187 2664; x_wconf 85' lang='lat' dir='ltr'><strong>proprietatem</strong></span> <span class='ocrx_word' id='word_1_267' title='bbox 1215 2613 1414 2656; x_wconf 85' lang='lat' dir='ltr'><strong>Vcorr..·</strong></span> <span class='ocrx_word' id='word_1_268' title='bbox 1444 2614 1774 2666; x_wconf 85' lang='lat' dir='ltr'><strong>proprietatem</strong></span> 
     </span>
     <span class='ocr_line' id='line_1_39' title="bbox 167 2663 1776 2717; baseline 0.005 -13"><span class='ocrx_word' id='word_1_269' title='bbox 167 2665 209 2704; x_wconf 91' lang='lat' dir='ltr'><em>V</em></span> <span class='ocrx_word' id='word_1_270' title='bbox 229 2694 239 2711; x_wconf 95' lang='lat'><strong>,</strong></span> <span class='ocrx_word' id='word_1_271' title='bbox 273 2665 543 2717; x_wconf 79' lang='lat' dir='ltr'><strong>***prietate</strong></span> <span class='ocrx_word' id='word_1_272' title='bbox 564 2664 607 2704; x_wconf 90' lang='lat' dir='ltr'><em>B</em></span> <span class='ocrx_word' id='word_1_273' title='bbox 640 2663 874 2715; x_wconf 76' lang='lat' dir='ltr'><strong>(extremae</strong></span> <span class='ocrx_word' id='word_1_274' title='bbox 896 2670 1064 2708; x_wconf 82' lang='lat' dir='ltr'><strong>litterae</strong></span> <span class='ocrx_word' id='word_1_275' title='bbox 1086 2671 1232 2709; x_wconf 84' lang='lat' dir='ltr'><strong>clarae</strong></span> <span class='ocrx_word' id='word_1_276' title='bbox 1253 2676 1350 2710; x_wconf 81' lang='lat' dir='ltr'><strong>sunt</strong></span> <span class='ocrx_word' id='word_1_277' title='bbox 1370 2683 1446 2710; x_wconf 84' lang='lat' dir='ltr'><strong>nec</strong></span> <span class='ocrx_word' id='word_1_278' title='bbox 1467 2670 1671 2711; x_wconf 80' lang='lat' dir='ltr'><strong>obscurae</strong></span> <span class='ocrx_word' id='word_1_279' title='bbox 1693 2673 1776 2712; x_wconf 77' lang='lat' dir='ltr'><strong>nisi</strong></span> 
     </span>
     <span class='ocr_line' id='line_1_40' title="bbox 158 2721 1771 2781; baseline 0.005 -21"><span class='ocrx_word' id='word_1_280' title='bbox 158 2725 249 2761; x_wconf 80' lang='lat' dir='ltr'><strong>tres</strong></span> <span class='ocrx_word' id='word_1_281' title='bbox 265 2721 450 2773; x_wconf 84' lang='lat' dir='ltr'><strong>primae)</strong></span> <span class='ocrx_word' id='word_1_282' title='bbox 531 2723 583 2762; x_wconf 85' lang='lat'><strong>13</strong></span> <span class='ocrx_word' id='word_1_283' title='bbox 626 2735 851 2775; x_wconf 87' lang='lat' dir='ltr'><strong>agnomen</strong></span> <span class='ocrx_word' id='word_1_284' title='bbox 873 2723 984 2764; x_wconf 90' lang='lat' dir='ltr'><strong>BV:</strong></span> <span class='ocrx_word' id='word_1_285' title='bbox 1018 2737 1123 2777; x_wconf 89' lang='lat' dir='ltr'><strong>agn.</strong></span> <span class='ocrx_word' id='word_1_286' title='bbox 1149 2729 1218 2766; x_wconf 87' lang='lat' dir='ltr'><strong>est</strong></span> <span class='ocrx_word' id='word_1_287' title='bbox 1239 2727 1335 2767; x_wconf 81' lang='lat' dir='ltr'><strong>edd.</strong></span> <span class='ocrx_word' id='word_1_288' title='bbox 1419 2728 1471 2767; x_wconf 80' lang='lat'><strong>14</strong></span> <span class='ocrx_word' id='word_1_289' title='bbox 1514 2725 1771 2781; x_wconf 85' lang='lat' dir='ltr'><strong>consulum]</strong></span> 
     </span>
     <span class='ocr_line' id='line_1_41' title="bbox 160 2780 1774 2836; baseline 0.006 -20"><span class='ocrx_word' id='word_1_290' title='bbox 160 2790 269 2831; x_wconf 81' lang='lat' dir='ltr'><strong>quae</strong></span> <span class='ocrx_word' id='word_1_291' title='bbox 287 2783 520 2831; x_wconf 75' lang='lat' dir='ltr'><strong>sequuntur</strong></span> <span class='ocrx_word' id='word_1_292' title='bbox 540 2791 669 2831; x_wconf 77' lang='lat' dir='ltr'><strong>usque</strong></span> <span class='ocrx_word' id='word_1_293' title='bbox 690 2781 749 2819; x_wconf 87' lang='lat' dir='ltr'><strong>ad</strong></span> <span class='ocrx_word' id='word_1_294' title='bbox 769 2780 1007 2821; x_wconf 84' lang='lat' dir='ltr'><strong>celebrata</strong></span> <span class='ocrx_word' id='word_1_295' title='bbox 1030 2785 1100 2822; x_wconf 86' lang='lat' dir='ltr'><strong>est</strong></span> <span class='ocrx_word' id='word_1_296' title='bbox 1117 2796 1162 2834; x_wconf 89' lang='lat' dir='ltr'><strong>p.</strong></span> <span class='ocrx_word' id='word_1_297' title='bbox 1177 2783 1273 2831; x_wconf 80' lang='lat'><strong>487,</strong></span> <span class='ocrx_word' id='word_1_298' title='bbox 1289 2785 1341 2823; x_wconf 88' lang='grc'>19</span> <span class='ocrx_word' id='word_1_299' title='bbox 1358 2785 1509 2824; x_wconf 76' lang='lat' dir='ltr'><strong>desunt</strong></span> <span class='ocrx_word' id='word_1_300' title='bbox 1528 2787 1571 2824; x_wconf 86' lang='lat' dir='ltr'><strong>in</strong></span> <span class='ocrx_word' id='word_1_301' title='bbox 1592 2784 1645 2832; x_wconf 88' lang='lat' dir='ltr'><strong>B,</strong></span> <span class='ocrx_word' id='word_1_302' title='bbox 1665 2785 1774 2836; x_wconf 80' lang='lat' dir='ltr'><strong>folio</strong></span> 
     </span>
     <span class='ocr_line' id='line_1_42' title="bbox 158 2835 1787 2889; baseline 0.006 -16"><span class='ocrx_word' id='word_1_303' title='bbox 158 2835 299 2874; x_wconf 81' lang='lat' dir='ltr'><strong>mutilo</strong></span> <span class='ocrx_word' id='word_1_304' title='bbox 321 2840 362 2875; x_wconf 89' lang='lat' dir='ltr'><strong>et</strong></span> <span class='ocrx_word' id='word_1_305' title='bbox 380 2841 582 2888; x_wconf 81' lang='lat' dir='ltr'><strong>sequente</strong></span> <span class='ocrx_word' id='word_1_306' title='bbox 602 2836 801 2882; x_wconf 76' lang='lat' dir='ltr'><strong>schedula</strong></span> <span class='ocrx_word' id='word_1_307' title='bbox 818 2838 949 2889; x_wconf 88' lang='lat' dir='ltr'><strong>plane</strong></span> <span class='ocrx_word' id='word_1_308' title='bbox 971 2839 1125 2879; x_wconf 76' lang='lat' dir='ltr'><strong>amissa</strong></span> <span class='ocrx_word' id='word_1_309' title='bbox 1194 2841 1244 2879; x_wconf 83' lang='lat'><strong>17</strong></span> <span class='ocrx_word' id='word_1_310' title='bbox 1270 2840 1471 2880; x_wconf 87' lang='lat' dir='ltr'><strong>ebutium</strong></span> <span class='ocrx_word' id='word_1_311' title='bbox 1496 2842 1541 2881; x_wconf 95' lang='lat' dir='ltr'><em>V</em></span> <span class='ocrx_word' id='word_1_312' title='bbox 1594 2843 1647 2881; x_wconf 82' lang='lat'><strong>20</strong></span> <span class='ocrx_word' id='word_1_313' title='bbox 1670 2854 1787 2881; x_wconf 86' lang='lat' dir='ltr'><strong>cae--</strong></span> 
     </span>
     <span class='ocr_line' id='line_1_43' title="bbox 160 2890 1773 2947; baseline 0.004 -17"><span class='ocrx_word' id='word_1_314' title='bbox 160 2890 437 2943; x_wconf 89' lang='lat' dir='ltr'><strong>pionemque</strong></span> <span class='ocrx_word' id='word_1_315' title='bbox 459 2891 545 2932; x_wconf 92' lang='lat' dir='ltr'><strong>hoc</strong></span> <span class='ocrx_word' id='word_1_316' title='bbox 575 2893 619 2932; x_wconf 94' lang='lat' dir='ltr'><em>V</em></span> <span class='ocrx_word' id='word_1_317' title='bbox 662 2894 715 2933; x_wconf 83' lang='lat'><strong>27</strong></span> <span class='ocrx_word' id='word_1_318' title='bbox 735 2894 986 2945; x_wconf 87' lang='lat' dir='ltr'><strong>postumius</strong></span> <span class='ocrx_word' id='word_1_319' title='bbox 1014 2895 1066 2941; x_wconf 92' lang='lat' dir='ltr'><strong>V,</strong></span> <span class='ocrx_word' id='word_1_320' title='bbox 1089 2908 1162 2937; x_wconf 90' lang='lat' dir='ltr'><strong>em.</strong></span> <span class='ocrx_word' id='word_1_321' title='bbox 1186 2896 1363 2947; x_wconf 63' lang='lat' dir='ltr'><strong>Ptqlzius</strong></span> <span class='ocrx_word' id='word_1_322' title='bbox 1413 2897 1466 2937; x_wconf 79' lang='lat'><strong>28</strong></span> <span class='ocrx_word' id='word_1_323' title='bbox 1491 2896 1639 2939; x_wconf 85' lang='lat' dir='ltr'><strong>Caeso</strong></span> <span class='ocrx_word' id='word_1_324' title='bbox 1662 2899 1773 2940; x_wconf 81' lang='lat' dir='ltr'><strong>coni.</strong></span> 
     </span>
     <span class='ocr_line' id='line_1_44' title="bbox 160 2945 1692 3006; baseline 0.007 -20"><span class='ocrx_word' id='word_1_325' title='bbox 160 2945 336 3000; x_wconf 74' lang='lat' dir='ltr'><strong>Kampf,</strong></span> <span class='ocrx_word' id='word_1_326' title='bbox 360 2953 405 2988; x_wconf 87' lang='lat' dir='ltr'><strong>at</strong></span> <span class='ocrx_word' id='word_1_327' title='bbox 425 2962 465 2990; x_wconf 82' lang='lat' dir='ltr'><strong>a.</strong></span> <span class='ocrx_word' id='word_1_328' title='bbox 488 2948 730 2998; x_wconf 80' lang='lat' dir='ltr'><strong>Mommsen,</strong></span> <span class='ocrx_word' id='word_1_329' title='bbox 754 2963 881 2994; x_wconf 85' lang='lat' dir='ltr'><strong>roem.</strong></span> <span class='ocrx_word' id='word_1_330' title='bbox 909 2951 1204 3006; x_wconf 70' lang='lat' dir='ltr'><strong>Forsclzanyen</strong></span> <span class='ocrx_word' id='word_1_331' title='bbox 1225 2952 1264 3002; x_wconf 93' lang='lat' dir='ltr'><strong>I,</strong></span> <span class='ocrx_word' id='word_1_332' title='bbox 1290 2955 1345 2994; x_wconf 89' lang='lat'><strong>21</strong></span> <span class='ocrx_word' id='word_1_333' title='bbox 1671 2964 1692 2981; x_wconf 87' lang='lat'><strong>·</strong></span> 
     </span>
    </p>
   </div>
  </div>
 </body>
</html>
