1924 3152
644 119 763 166 CAP.
793 103 906 169 νικᾷ
937 118 966 177 g
994 121 1134 163 3—5.
1173 117 1242 175 ix,
1274 120 1311 162 1.
1682 110 1788 164 265

160 246 447 284 cursurum
472 246 638 299 quam
674 227 856 298 ipsum
890 235 1004 280 tam
1042 225 1306 278 deformis
1334 224 1501 295 fugae
1526 243 1680 278 reum
1705 225 1786 277 ui-

154 316 374 357 surum:
403 299 591 370 itaque
612 298 659 351 si
686 298 819 369 quid
839 296 1001 351 modo
1013 296 1113 349 reli
1152 316 1282 349 uum
1306 296 1364 348 in
1388 305 1610 367 pectore
1634 315 1787 349 uere-

159 370 391 424 cundiae
403 377 733 441 superesset,
756 377 1109 439 conspectum
1163 386 1451 437 egenerem
1462 367 1591 421 irati
1611 367 1786 439 patris

158 442 506 495 uitaturum.'
542 440 921 493 recordatione
957 438 1103 491 enim
1136 439 1396 491 iuuentae
1440 457 1572 492 suae
1607 437 1785 510 qualis

158 512 234 564 M.
266 511 470 565 Scauro
509 519 605 564 aut
638 510 928 564 habendus
967 517 1062 562 aut
1100 510 1438 580 spernendus
1467 508 1612 562 filius
1641 517 1788 563 esset
1808 528 1830 562 5

159 581 579 636 admonebatur?
638 599 742 653 quo
790 581 983 635 nuntio
1032 588 1256 651 accepto
1302 581 1518 633 iuuenis
1560 589 1782 634 coactus

159 661 243 706 est
268 653 465 706 fortius
494 653 758 706 aduersus
789 661 961 706 semet
985 653 1170 721 ipsum
1195 650 1378 722 gladio
1399 653 1481 704 uti
1502 671 1666 723 quam
1691 651 1786 704 ad—

156 742 351 777 uersus
378 723 563 777 hostes
591 743 722 777 usus
748 724 946 776 fuerat.

266 808 318 862 5.
366 809 481 862 Nec
517 809 694 861 minus
733 809 977 862 animose
1016 810 1085 861 A.
1130 808 1360 861 Fuluius
1397 810 1483 861 uir
1524 807 1787 860 senatorii

158 878 366 934 ordinis
405 888 623 933 euntem
657 880 716 931 in
752 881 923 932 aciem
965 879 1137 931 filium
1165 880 1397 932 retraxit
1424 897 1588 951 quam
1616 878 1782 932 Scau·
1807 896 1850 930 ιο

158 969 251 1002 rus
280 951 350 1002 ex
376 949 582 1021 proelio
609 950 914 1020 fugientem
940 950 1230 1021 increpuit.
1271 970 1396 1003 nam
1437 970 1504 1003 ue
1530 950 1782 1005 iuuenem

159 1028 214 1074 et
236 1021 457 1091 ingenio
485 1029 537 1074 et
560 1021 757 1074 litteris
786 1030 840 1074 et
865 1022 1044 1074 forma
1069 1022 1210 1074 inter
1231 1040 1404 1094 aequa
1428 1040 1483 1074 es
1506 1021 1784 1086 nitentem,

157 1109 330 1162 prauo
381 1090 605 1144 consilio
657 1092 957 1145 amicitiam
1001 1091 1272 1145 Catilinae
1323 1101 1571 1145 secutum
1620 1092 1785 1162 inque

158 1170 342 1215 castra
369 1164 484 1215 eius
513 1163 803 1216 temerario
830 1163 1040 1233 impetu
1064 1172 1340 1230 ruentem,
1378 1163 1558 1216 medio
1586 1163 1785 1215 itinere

156 1233 500 1287 abstractum
535 1233 803 1304 supplicio
841 1235 1030 1287 mortis
1069 1234 1303 1301 adfecit7
1354 1233 1638 1305 praefatus
1674 1252 1783 1286 non
1807 1247 1850 1281 15

158 1322 217 1357 se
246 1303 514 1357 Catilinae
540 1303 696 1356 illum
724 1305 990 1357 aduersus
1019 1306 1256 1375 patriam
1273 1345 1286 1371 ,
1328 1304 1425 1357 sed
1450 1305 1663 1375 patriae
1691 1304 1786 1356 ad-

155 1393 350 1428 uersus
379 1374 677 1427 Catilinam
703 1375 978 1444 genuisse.
1030 1375 1214 1442 licuit⁴7
1245 1375 1419 1428 donec
1447 1374 1578 1429 belli
1604 1374 1782 1427 ciuilis
1833 1410 1839 1415 ·

154 1445 338 1499 rabies
360 1447 701 1516 praeteriret,
729 1445 999 1498 inclusum
1021 1465 1232 1499 arcere:
1264 1466 1455 1498 uerum
1476 1445 1614 1498 illud
1635 1446 1784 1498 cauti

155 1517 674 1586 patris-“narraretur
704 1515 996 1587 opus,'hoc
1027 1518 1205 1570 seueri
1233 1517 1487 1570 refertur.
1550 1516 1656 1569 IX.
1686 1517 1784 1570 sed

155 1594 218 1638 ut
254 1586 396 1639 hanc
427 1587 714 1640 incitatam
750 1596 804 1639 et
851 1602 1104 1658 asperam
1149 1589 1503 1640 seueritatem
1538 1588 1781 1641 mitiores
1808 1601 1851 1634 2⁰

157 1655 318 1710 relati
343 1664 562 1727 patrum
590 1677 766 1711 mores
795 1657 1117 1711 clementiae
1154 1677 1286 1710 suae
1313 1659 1557 1711 mixtura
1581 1666 1783 1728 tempe-

155 1735 298 1794 rent,
328 1736 554 1780 exactae
580 1747 790 1798 poenae
816 1747 1077 1781 concessa
1103 1730 1266 1781 uenia
1291 1730 1567 1798 iungatur.

284 1873 383 1921 DE
415 1871 814 1922 PARENTVM
849 1874 941 1921 AD
955 1875 996 1922 V
999 1873 1134 1922 ΕΗΒ
1145 1873 1229 1923 VS
1263 1872 1657 1923 SVSPECTOS

534 1942 840 1992 LIBEROS
875 1943 1406 1993 MODERATIONE.

266 2039 314 2091 1.
352 2037 417 2091 L.
446 2037 658 2092 Gellius
685 2040 938 2093 omnibus
961 2040 1259 2093 honoribus
1282 2039 1354 2092 ad
1375 2058 1664 2092 censuram
1693 2039 1781 2092 de·
1807 2044 1849 2078 25

155 2109 402 2176 functUS,
442 2127 565 2162 cum
589 2110 919 2179 grauissima
945 2111 1173 2163 crimina
1200 2110 1267 2163 de
1293 2110 1434 2178 filio,
1463 2111 1520 2162 in
1546 2129 1785 2164 nouerca

155 2180 489 2232 conmissum
512 2178 770 2251 ‘stuprum
791 2187 845 2234 e't
863 2181 1222 2252 parricidium
1244 2181 1560 2251 cogitatum,
1589 2201 1782 2252 prope-

155 2250 380 2303 modum
415 2250 701 2322 explorata
735 2253 988 2320 haberet,
1027 2272 1136 2306 non
1171 2261 1355 2305 tamen
1381 2252 1452 2305 ad
1479 2252 1783 2305 uindictam

156 2322 416 2393 continuo
441 2323 811 2391 procucurrit,
838 2323 950 2376 *sed
976 2342 1150 2394 paene
1176 2323 1436 2376 uniuerso
1467 2331 1663 2376 senatu
1690 2323 1780 2376 ad-

158 2479 294 2526 quam
339 2466 475 2512 modo
514 2469 623 2512 uiuo
660 2475 749 2513 tam
795 2468 963 2515 infami.
1041 2483 1131 2529 quo
1168 2471 1328 2515 nuntio
1375 2476 1562 2530 accepto
1599 2471 1781 2516 iuuenis
1804 2438 1898 2516 ἐπ’

157 2536 478 2582 animaduertit
505 2536 550 2582 in
578 2551 640 2583 se.

266 2610 306 2651 1.
343 2607 389 2653 L.
419 2607 589 2653 Gellius
629 2608 840 2653 omnibus
876 2609 1128 2654 honoribus
1156 2609 1210 2654 ad
1246 2623 1483 2655 censuram
1521 2609 1779 2661 defunctus,

158 2691 261 2723 cum
297 2679 565 2738 grauissima
599 2679 788 2724 crimina
815 2679 868 2723 de
896 2678 1014 2730 filio,
1055 2679 1099 2724 in
1128 2693 1325 2725 nouerca
1363 2680 1655 2725 commissum
1683 2686 1782 2726 stu-

272 2818 297 2856 3
319 2814 595 2869 degenerem
619 2816 726 2856 irati
750 2829 850 2857 nos:
872 2815 1142 2869 degenerati
1163 2816 1205 2856 B
1284 2819 1308 2858 9
1331 2829 1419 2857 nec
1440 2817 1489 2858 b:
1521 2803 1576 2858 ne
1600 2818 1642 2858 B
1726 2820 1775 2858 11

159 2867 237 2924 ex]
263 2874 310 2912 et
331 2872 388 2924 B,
422 2886 446 2913 e
468 2872 491 2912 b
535 2874 587 2912 14
609 2875 770 2913 ruente
792 2872 834 2912 B
877 2874 928 2913 19
950 2876 1163 2914 narretur
1184 2868 1234 2912 B'
1254 2870 1274 2927 ss
1294 2873 1375 2915 sed
1400 2877 1447 2914 et
1469 2878 1520 2914 ut
1536 2875 1577 2914 B
1619 2876 1673 2915 20
1695 2875 1779 2914 mi-

158 2926 288 2967 tioris
309 2921 367 2967 B'
425 2930 478 2969 26
501 2941 749 2970 nouercam
773 2929 825 2977 B,
850 2943 923 2972 em.
949 2942 970 2970 e
993 2930 1034 2969 P
1557 2958 1566 2971 ,η
1696 2941 1714 2958 ·
