1924 3152
87 0 162 11 *nw
181 0 223 9 ἢν,

243 89 353 144 216
959 96 1057 142 LIB.
1097 97 1146 143 V.

250 203 392 257 dono
418 202 679 255 honorem
706 201 1022 272 sepulturae
1049 204 1307 258 adiceret.
1359 205 1732 278 consimilique
1760 209 1865 261 cle*

249 272 454 326 mentia
480 272 538 323 in
562 273 735 324 Persa
758 291 892 326 usus
920 281 1019 327 est.
1081 293 1210 327 nam
1237 294 1360 328 cum
1386 275 1593 344 Albae,
1620 277 1678 329 in
1702 296 1863 348 quam

252 342 538 396 custodiae
565 361 733 395 causa
757 342 1032 412 relegatus
1061 354 1205 412 erat,
1236 345 1586 414 decessisset,
1615 355 1865 418 quaesto-

251 432 369 466 rem
395 412 562 478 misit,
592 413 686 484 qui
714 431 836 466 eum
861 413 1079 484 publico
1106 415 1299 469 funere
1327 418 1563 485 efferret,
1589 436 1658 470 ne
1683 417 1865 487 regias

205 498 227 530 5
250 483 347 536 reli
387 483 506 535 uias
533 483 713 536 iacere
738 484 1092 539 inhonoratas
1119 495 1419 558 pateretur.

415 553 626 606 ostibus
653 553 790 606 haec
824 562 878 607 et
922 555 1136 608 miseris
1179 566 1233 611 et
1276 557 1388 611 fato
1434 557 1638 613 functis
1683 556 1868 613 officia

251 624 525 694 [regibus]
554 633 798 694 erogata,
826 624 921 677 illa
946 627 1135 678 amicis
1163 635 1216 680 et
1240 627 1494 681 felicibus
1523 635 1577 682 et
1601 627 1744 680 uiuis
1772 627 1866 683 tri-

249 696 387 749 buta
437 702 583 749 sunt.
646 695 895 749 confecto
935 696 1288 749 Macedonico
1332 697 1476 751 bello
1502 697 1866 751 Musochanes

250 764 581 818 Masinissae
607 765 751 818 filius
790 785 911 819 cum
939 767 1215 838 equitibus
1229 807 1244 834 ,
1283 787 1418 838 quos
1452 768 1510 820 in
1534 767 1867 836 praesidium

188 851 229 882 10
251 836 622 889 Romanorum
650 836 987 904 adduxerat,
1030 838 1101 891 ab
1127 837 1456 908 imperatore
1481 836 1653 891 Paulo
1680 837 1752 890 ad
1776 856 1868 908 pa-

252 916 393 961 trem
428 906 720 972 remiSSUS‚
761 914 1091 977 tempestate
1135 907 1311 961 classe
1350 908 1601 980 dispersa
1632 907 1870 962 Brundi-

254 979 395 1031 sium
432 995 596 1047 aeger
632 977 845 1031 delatus
883 987 983 1032 est.
1048 978 1195 1050 quod
1218 979 1317 1032 ubi
1343 987 1565 1032 senatus
1594 978 1871 1048 cognouit,

255 1048 512 1100 continuo
538 1047 632 1100 illo
659 1056 1002 1119 quaestorem
1027 1048 1107 1102 ire
1133 1049 1311 1116 iussit,
1351 1049 1504 1103 cuius
1539 1068 1670 1103 cura
1696 1055 1750 1102 et
1777 1047 1872 1101 ho-

257 1118 486 1188 spitium
522 1117 863 1171 adulescenti
898 1119 1250 1190 expediretur
1284 1128 1339 1174 et
1375 1119 1588 1190 omnia,
1624 1137 1764 1190 quae
1799 1118 1872 1170 ad

193 1201 234 1234 15
258 1188 623 1241 ualitudinem
660 1208 796 1260 opus
834 1198 1041 1257 essent,
1078 1190 1478 1261 praeberentur
1502 1190 1875 1262 inpensaeque

257 1258 562 1313 liberaliter
588 1278 710 1312 cum
734 1259 842 1332 ipsi
868 1268 984 1313 tum
1009 1261 1112 1313 toti
1139 1261 1420 1314 comitatui
1441 1268 1873 1332 praestarentur,

253 1348 424 1382 naues
452 1330 618 1383 etiam
636 1338 698 1383 ut
756 1331 1177 1401 rospicerentur,
1207 1330 1401 1401 quibus
1431 1350 1488 1383 se
1507 1331 1645 1384 bene
1671 1348 1736 1381 ac
1755 1336 1874 1383 tuto

257 1419 379 1453 eum
417 1401 528 1452 suis
565 1400 623 1451 in
660 1402 713 1452 A
740 1400 910 1452 ricam
953 1400 1230 1454 traiceret.
1303 1401 1580 1472 equitibus
1628 1398 1874 1469 singulas

256 1470 427 1524 libras
456 1470 670 1540 argenti
698 1479 751 1523 et
777 1472 1077 1542 quingenos
1113 1471 1394 1524 sestertios
1423 1470 1542 1523 dari
1565 1469 1875 1540 imperauit.

194 1553 236 1586 20
259 1559 397 1612 quae
422 1548 536 1594 tam
560 1549 812 1614 prompta
838 1549 892 1593 et
918 1549 1032 1594 tam
1058 1541 1336 1613 exquisita
1360 1550 1579 1611 patrum
1604 1540 1875 1608 conscrip-

256 1621 439 1665 torum
456 1611 772 1664 humanitas
801 1610 1018 1664 efficere
1035 1611 1214 1693 potuit
1230 1619 1308 1678 ut,
1332 1610 1549 1664 etiamsi
1570 1610 1880 1681 expirasset

261 1682 580 1734 adulescens
596 1722 610 1750 ,
660 1683 916 1753 aequiore
961 1700 1140 1736 ammo
1194 1681 1528 1737 desiderium
1570 1681 1686 1733 eius
1720 1688 1880 1752 pater

262 1751 540 1806 toleraret.
1815 1782 1817 1784 ·

368 1822 524 1876 Idem
552 1831 772 1876 senatus
789 1863 802 1890 ,
831 1842 952 1876 cum
980 1823 1051 1875 ad
1078 1822 1465 1892 gratulandum
1492 1822 1598 1875 sibi
1623 1820 1878 1888 Prusian,

201 1955 243 1988 25
268 1941 426 1987 funere
452 1938 629 1988 censuit
655 1942 959 1988 ecferendum.
1011 1942 1153 1992 idem,
1180 1956 1282 1987 cum
1306 1942 1468 1987 Perses
1503 1955 1581 1986 rex
1617 1945 1775 1999 captus
1803 1938 1879 1982 Al-

124 1996 240 2031 >Pan
265 2011 351 2058 hae
375 2014 420 2057 in
436 2013 654 2059 'custodia
680 2012 976 2063 decessisset,
1004 2019 1264 2074 praetorem
1291 2013 1436 2062 misit,
1476 2011 1553 2071 qui
1579 2008 1811 2071 publicum
1837 2009 1878 2053 ei

264 2082 404 2128 funus
423 2089 624 2143 pararet.
652 2108 720 2116 -
747 2082 962 2128 Confecto
983 2083 1268 2127 Macedonico
1295 2082 1414 2127 bello
1434 2081 1736 2139 Musophanes
1758 2077 1881 2123 filius

265 2153 529 2198 Masinissae
555 2167 656 2198 cum
685 2153 941 2212 equitibus,
983 2166 1099 2212 quos
1126 2153 1171 2196 in
1199 2151 1476 2211 praesidium
1503 2150 1692 2195 duxerat
1717 2148 1881 2194 Roma-

265 2237 445 2273 norum,
473 2230 712 2278 reuertens
740 2237 764 2267 a
783 2222 920 2267 Paulo
950 2222 1003 2274 ad
1029 2228 1205 2282 patrem
1227 2221 1514 2267 Brundisium
1541 2233 1677 2279 aeger
1703 2218 1881 2264 delatus

201 2307 244 2339 30
268 2299 364 2339 est:
407 2293 529 2353 quod
553 2300 606 2339 ut
633 2299 817 2339 senatus
844 2294 1088 2352 cognouit,
1125 2293 1340 2339 continuo
1369 2297 1659 2351 quaestorem
1685 2289 1763 2334 illo
1790 2290 1884 2333 ius·

269 2365 329 2410 sit
354 2365 434 2414 ire,
479 2365 609 2410 cuius
636 2377 745 2410 cura
772 2370 816 2408 et
842 2363 1093 2423 hospitium
1121 2363 1275 2408 iuueni
1303 2362 1591 2422 expediretur
1617 2366 1662 2406 et
1686 2359 1884 2404 medico-

269 2449 371 2480 rum
399 2436 530 2495 copia
557 2434 748 2480 adesset.
788 2440 1026 2494 praeterea
1055 2433 1283 2493 equitibus
1311 2433 1513 2492 singulas
1538 2431 1677 2477 libras
1704 2430 1884 2490 argenti

271 2514 317 2551 et
344 2507 599 2566 quingenos
630 2505 867 2550 sestertios
896 2504 1033 2552 dedit.
1066 2529 1127 2546 -τ
1156 2504 1276 2549 Idem
1304 2509 1489 2549 senatus
1518 2516 1619 2548 cum
1647 2501 1702 2546 ad
1729 2508 1886 2561 gratu-

383 2617 408 2655 2
445 2614 587 2655 Perse
625 2615 750 2656 Torr.
819 2616 842 2654 7
872 2614 1058 2666 regibus
1088 2627 1177 2654 cum
1205 2613 1431 2653 Perizonio
1459 2613 1580 2662 incl„
1621 2623 1648 2650 a
1674 2608 1886 2662 patribus

269 2672 478 2713 Foertsclz
498 2671 537 2720 I,
563 2673 616 2713 18
677 2673 702 2714 8
723 2671 1032 2724 musophanes
1053 2669 1157 2716 BP,
1187 2670 1267 2710 sed
1289 2669 1496 2722 ophanes
1518 2667 1561 2707 B
1582 2668 1624 2706 in
1645 2678 1755 2711 ras„
1786 2675 1883 2702 mu-

270 2727 501 2769 sachanes
537 2730 606 2768 uel
640 2739 917 2768 musacanes
955 2727 1081 2774 dett„
1120 2725 1386 2778 Misagenes
1423 2725 1516 2765 cod.
1546 2723 1666 2762 Liuii
1697 2721 1742 2761 in
1777 2722 1805 2761 l.
1827 2721 1884 2758 42

270 2790 314 2826 et
342 2786 397 2825 45
465 2786 515 2825 17
544 2788 595 2824 ut
623 2785 665 2824 B
696 2783 759 2834 (ut
779 2782 966 2835 uidetur)
996 2789 1039 2823 et
1067 2784 1196 2825 dett..·
1225 2783 1269 2823 ei
1298 2781 1323 2822 b
1390 2782 1444 2821 20
1471 2783 1612 2820 tamn
1633 2777 1675 2817 B
1742 2777 1798 2816 24
1826 2774 1886 2816 ad

269 2839 595 2894 gratulandum
615 2841 697 2880 PD
719 2846 757 2881 et
778 2840 821 2880 B
842 2852 947 2892 m9.:
977 2853 1053 2880 om.
1077 2838 1119 2878 B

386 2900 440 2940 27
462 2899 648 2950 pareret
675 2897 715 2935 V
774 2898 825 2936 31
851 2895 1120 2948 expedirent
1148 2896 1192 2934 V
