1936 3120
530 117 649 164 CAP.
676 117 746 170 111,
771 117 870 164 Ext.
898 118 928 178 s
955 121 1096 166 2-4.
1133 119 1221 171 1111,
1249 119 1278 179 S
1307 121 1346 166 1.
1376 124 1418 166 2.
1672 115 1780 169 449

639 297 775 350 IIII.
817 300 917 349 DE
948 301 1311 351 AVARITIA.

278 394 640 449 Protrahatur
665 395 833 448 etiam
860 396 1120 464 auaritia,
1148 396 1433 451 latentium
1460 397 1782 468 indagatrix

164 465 462 533 lucrorum,
489 465 815 519 manifestae
874 465 1071 519 raedae
1094 467 1416 521 auidissima
1435 487 1661 539 uorago,
1687 488 1779 522 ne·

165 555 273 609 que
290 535 539 618 ‚habendi
565 536 750 590 fructu
775 485 910 590 felix
937 545 990 590 et
1025 539 1324 609 cupiditate
1359 539 1656 611 quaerendi
1680 541 1779 592 mi-

169 625 416 661 serrima.
1800 628 1822 662 5

278 678 326 731 1.
366 677 503 732 Cum
552 678 846 732 admodum
893 678 1153 751 locupleti
1195 680 1260 732 L.
1306 680 1546 733 Minucio
1590 681 1776 736 Basilo

165 748 370 802 falsum
404 756 794 802 testamentum
828 749 1051 821 quidam
1085 751 1143 802 in
1177 752 1412 804 Graecia
1457 751 1779 806 subiecisset

169 819 522 891 eiusdemque
548 820 908 874 confirmandi
942 822 1118 891 gratia
1147 822 1558 892 potentissimos
1587 823 1778 876 ciuita-

166 890 238 944 tis
264 898 484 944 nostrae
509 891 676 958 uirOS,
703 892 778 944 M.
803 891 1063 944 Crassum
1090 900 1143 944 et
1170 892 1237 958 Q.
1259 893 1634 961 Hortensium,
1663 894 1777 964 qui-

166 961 270 1015 bus
294 961 568 1014 Minucius
594 962 812 1032 ignotus
850 963 1054 1029 fuerat,
1090 963 1292 1017 tabulis
1319 963 1544 1017 heredes
1571 965 1776 1017 inseru-
1799 982 1842 1016 10
1889 986 1895 1013 x

165 1033 330 1101 isset,
369 1051 699 1105 quamquam
735 1033 959 1086 euidens
987 1034 1139 1086 fraus
1168 1043 1307 1101 erat,
1345 1042 1526 1087 tamen
1550 1042 1778 1106 uterque

210 1105 431 1158 ecuniae
465 1104 696 1175 cupidus
733 1103 991 1158 facinoris
1031 1104 1194 1157 alieni
1239 1124 1434 1158 munus
1469 1124 1577 1158 non
1620 1125 1776 1177 repu-

168 1123 357 1228 giauit.
432 1183 695 1246 quantam
730 1174 945 1246 culpam
982 1194 1146 1246 quam
1177 1175 1371 1230 leuiter
1412 1177 1622 1230 rettuli!
1697 1175 1777 1228 lu-

168 1247 317 1298 mina
352 1247 566 1312 curiae,
604 1253 922 1299 ornamenta
956 1246 1064 1299 fori
1101 1246 1249 1317 quod
1285 1246 1458 1300 scelus
1496 1246 1778 1300 uindicare

167 1316 463 1383 debebant*⁷
489 1316 766 1370 inhonesti
791 1316 929 1369 lucri
955 1326 1185 1388 captura
1203 1318 1421 1371 inuitati
1439 1318 1776 1371 auctoritati·
1799 1334 1843 1368 15

168 1387 273 1442 bus
301 1388 414 1440 suis
442 1395 718 1441 texerunt.

275 1458 327 1511 2.
364 1458 573 1511 Verum
610 1457 684 1511 ali
723 1466 888 1510 uanto
928 1459 1162 1511 maiores
1206 1459 1351 1511 uires
1386 1459 1444 1510 in
1480 1458 1548 1525 Q.
1585 1457 1776 1511 Cassio

169 1528 449 1596 exhibuit,
484 1529 577 1600 qui
602 1530 660 1581 in
744 1529 957 1599 ispania
982 1529 1177 1582 Silium
1202 1537 1256 1582 et
1283 1528 1666 1599 Calpurnium,
1694 1546 1778 1583 oc—

169 1598 392 1652 cidendi
417 1601 503 1652 sui
521 1600 699 1668 gratia
718 1619 843 1652 cum
862 1600 1193 1670 pugionibus
1215 1600 1578 1670 deprehensos
1585 1639 1599 1667 ,
1627 1601 1777 1670 quin-

206 1669 394 1740 uagies
431 1670 743 1723 sestertium
778 1670 847 1722 ab
883 1669 1004 1737 illo,
1050 1671 1120 1724 ab
1156 1670 1259 1723 hoc
1294 1671 1544 1740 sexagies
1582 1677 1773 1740 pactus
1798 1688 1840 1721 20

210 1741 398 1794 imisit.
464 1741 617 1811 atqui
652 1741 896 1805 dubites,
939 1742 985 1792 si
1020 1740 1251 1793 alterum
1286 1748 1500 1793 tantum
1535 1740 1774 1805 daretur,

168 1810 419 1881 iugulum
444 1830 656 1882 quoque
683 1830 840 1864 suum
867 1830 1039 1882 aequo
1078 1811 1258 1863 animo
1292 1810 1400 1863 illis
1427 1811 1598 1863 fuisse
1625 1828 1775 1881 prae-

168 1882 451 1937 biturum‘?

273 2017 370 2063 DE
391 2015 733 2063 AVARITIA.
787 2019 826 2060 1.
865 2015 973 2061 Cum
999 2016 1238 2062 admodum
1265 2015 1483 2076 locupleti
1507 2015 1555 2060 L.
1582 2014 1775 2060 Minucio
1799 2024 1892 2058 Par.

171 2088 320 2135 Basilo
357 2087 523 2135 falsum
562 2092 884 2132 testamentum
921 2087 1099 2147 quidam
1138 2086 1407 2132 subiecisset
1447 2087 1636 2145 eiusque
1671 2099 1777 2130 con·
1800 2097 1840 2130 25

169 2158 376 2205 firmandi
412 2160 558 2219 gratia
594 2158 806 2204 Crassum
842 2164 887 2203 et
921 2158 969 2214 Q.
1007 2158 1323 2208 Hortensium,
1361 2157 1524 2218 quibus
1558 2156 1778 2201 Minucius

169 2230 357 2290 ignotus
395 2237 514 2280 erat,
556 2229 746 2275 heredes
783 2230 1075 2280 inseruisset,
1126 2242 1395 2289 quamquam
1431 2227 1617 2272 euidens
1653 2219 1778 2271 fraus

169 2306 291 2351 erat,
329 2307 480 2346 tamen
515 2306 710 2360 uterque
735 2300 952 2359 pecuniae
990 2300 1178 2359 cupidus
1215 2298 1428 2344 facinoris
1457 2298 1590 2342 alieni
1617 2310 1778 2342 munus

169 2384 263 2416 non
288 2370 562 2430 repudiauit.
621 2374 661 2413 2.
690 2370 883 2426 Quintus
910 2370 1087 2415 Cassius
1115 2371 1159 2414 in
1184 2369 1396 2428 Hispania
1424 2368 1579 2413 Silium
1609 2376 1654 2412 et
1680 2366 1778 2412 Cal-

169 2442 409 2502 purnium,
448 2440 678 2486 occidendi
720 2440 791 2484 sui
829 2440 971 2500 gratia
1011 2453 1111 2484 cum
1147 2438 1424 2498 pugionibus
1452 2438 1774 2497 deprehensos,
1799 2449 1839 2481 30

170 2511 474 2573 quinquagies
501 2510 555 2556 ab
581 2511 668 2556 hoc
693 2510 968 2561 sestertium,
995 2509 1197 2569 sexagies
1223 2508 1278 2554 ab
1305 2509 1382 2554 illo
1410 2515 1569 2568 pactus
1590 2507 1774 2552 dimisit.

283 2652 309 2691 6
330 2650 529 2690 minucio
552 2649 613 2688 P:
644 2648 844 2688 municio
866 2647 908 2687 B
946 2644 965 2701 ΙΙ
1006 2646 1175 2688 basilio
1197 2645 1292 2694 BP,
1314 2645 1484 2686 basillo
1508 2644 1554 2690 b,·
1596 2644 1654 2695 ef.
1693 2644 1776 2684 Cic.

167 2708 246 2760 off.
273 2709 314 2755 3,
336 2707 360 2756 ἕ
384 2708 440 2746 73
501 2707 553 2746 10
574 2705 800 2744 municius
821 2703 863 2743 B
884 2700 903 2757 Η
923 2704 1245 2744 inseruissent*
1265 2703 1307 2742 B
1368 2704 1418 2744 13
1440 2701 1606 2742 leniter
1627 2701 1666 2740 D
1726 2701 1777 2739 15

171 2763 374 2805 debeant
393 2755 450 2803 B'
531 2762 582 2802 18
611 2761 850 2814 hispania*
871 2760 1056 2812 syllium
1078 2759 1262 2812 (sylium
1285 2759 1326 2807 b)
1357 2759 1399 2798 B
1476 2759 1530 2798 21
1560 2768 1715 2808 *ηιμ*
1736 2755 1778 2795 Β

170 2818 364 2872 (litterae
386 2824 627 2872 expunctae
645 2829 826 2870 prorsus
847 2816 1150 2866 euanuerunt),
1183 2816 1346 2868 atquin
1367 2815 1414 2866 b,
1439 2827 1499 2855 an
1526 2815 1568 2854 V
1567 2819 1647 2858 at„
1671 2813 1777 2863 fort.

171 2875 340 2928 ecquid
361 2875 543 2916 dubites
563 2872 581 2927 ΙΙ
602 2876 680 2917 litt.
703 2878 830 2915 retur
850 2873 1055 2926 iugulum
1077 2872 1118 2913 B
1140 2875 1182 2913 in
1201 2886 1290 2913 ras.
1315 2869 1460 2923 (habet
1487 2871 1528 2912 V
1528 2876 1584 2910 at.
1587 2869 1607 2922 )

285 2934 341 2974 25
362 2931 531 2973 basilio
559 2932 603 2972 V
619 2944 677 2972 ex
698 2943 812 2973 corr.
873 2932 927 2972 29
951 2929 1162 2982 Quintius
1192 2929 1238 2970 V

255 3013 364 3045 vu..
388 3015 500 3044 iux.
1457 2995 1526 3048 29
