1924 3152
11 297 31 455 '⁸7⁹⁷'qu

12 1032 30 1233 ''mnu-³
12 995 21 1023 -¹·
12 942 19 975 ·-’“
14 912 21 932 ·“

17 2909 31 3003 taz-mr>
19 2894 23 2896 ⁴
17 2875 22 2879 ⁴

104 1903 109 1904 ’
182 1914 291 1949 non
317 1894 387 1948 ad

704 158 900 208 GAP.11,
935 157 1034 203 Exi.
1059 157 1091 216 g
1118 158 1288 203 8—14.
1705 150 1814 204 335

290 267 449 321 Idem
476 265 804 320 Aristoteles
844 265 912 319 de
948 273 1119 319 semet
1154 265 1273 335 ipso
1308 265 1366 315 in
1401 270 1654 316 neutram
1685 282 1809 335 par-

185 347 297 393 tem
330 337 493 421 loqui
517 338 708 391 decere
749 337 1137 409 praedicabat,
1184 336 1444 407 quoniam
1487 334 1714 387 laudare
1749 353 1812 387 se

182 409 332 477 uani,
359 418 677 479 ultuperare
703 408 856 462 stulti
878 415 1038 461 esset.
1091 407 1334 459 eiusdem
1354 414 1438 459 est
1455 405 1808 458 utilissimum

183 487 540 553 praeceptum
581 487 644 532 ut
688 479 1007 550 uoluptates
1051 478 1317 531 abeuntes
1369 476 1804 530 consideremus:

186 570 324 623 quas
366 549 587 622 quidem
632 551 711 603 sic
755 548 1092 603 ostendendo
1143 548 1358 602 minuit.
1433 548 1609 600 fessas
1661 548 1856 600 enim5

183 622 666 693 paenitentiaeque
702 619 894 692 plenas
941 619 1135 673 animis
1179 620 1384 674 nostris
1428 619 1651 686 subicit,
1697 637 1805 690 quo

182 694 361 745 minus
391 692 587 764 cupide
612 699 951 762 repetantur.

295 792 380 845 12.
419 790 536 844 Nec
579 793 777 862 parum
820 790 1122 862 prudenter
1166 793 1533 859 Anaxagoras
1577 789 1807 842 interro·-

182 863 339 931 ganti
366 862 587 915 cuidam
613 864 866 933 quisnam
893 871 1038 915 esset
1062 862 1256 915 beatus
1287 866 1485 913 ‘nemo’
1513 860 1692 931 inquit
1718 863 1809 912 eex

182 934 248 986 iis
278 952 415 1004 quos
443 942 503 987 tu
529 932 717 986 felices
746 933 1055 998 existimas,
1094 932 1190 985 sed
1229 951 1352 984 eum
1377 932 1435 983 in
1461 930 1553 984 illo
1580 948 1805 983 numero
1830 949 1877 981 10

182 1005 444 1087 reperieS,
473 1004 566 1075 qui
593 1023 625 1056 a
650 1012 704 1057 te
732 1023 802 1057 ex
827 1004 1063 1056 miseriis
1092 1011 1344 1058 constare
1372 1002 1628 1070 creditur.
1698 1020 1808 1054 non
1846 1048 1858 1062 Ι

183 1083 288 1128 erit
311 1074 403 1127 ille
424 1074 632 1127 diuitiis
656 1084 709 1128 et
728 1075 1027 1128 honoribus
1049 1073 1356 1140 abundanS,
1386 1073 1482 1126 sed
1504 1081 1600 1125 aut
1620 1073 1808 1142 exigui

181 1147 323 1199 ruris
350 1154 447 1199 aut
472 1165 582 1199 non
610 1147 936 1199 ambitiosae
963 1146 1246 1200 doctrinae
1266 1143 1444 1197 fidelis
1467 1163 1531 1197 ac
1550 1144 1808 1215 pertinax

187 1215 381 1282 cultor,
409 1217 468 1269 in
495 1235 716 1269 secessu
743 1236 907 1288 quam
934 1218 991 1268 in
1017 1217 1198 1270 fronte
1224 1216 1478 1269 beatior'.

293 1316 376 1369 13.
415 1315 684 1369 Demadis
713 1334 926 1386 quoque
956 1315 1166 1369 dictum
1193 1315 1432 1385 sapiens,
1492 1313 1804 1368 nolentibus
1830 1331 1876 1363 15

182 1386 327 1440 enim
362 1385 795 1440 Atheniensibus
835 1386 1050 1439 diuinos
1085 1385 1318 1440 honores
1356 1384 1676 1438 Alexandro
1716 1384 1805 1437 de-

180 1476 431 1524 cernere,
470 1456 695 1510 ‘uidete'
731 1458 908 1528 inquit
946 1463 1061 1526 ene,
1100 1456 1231 1510 dum
1258 1456 1471 1509 caelum
1497 1455 1806 1524 custoditiS,

181 1536 385 1581 terram
411 1529 719 1581 amittatis’.

293 1613 376 1664 14.
417 1613 598 1679 Quam
634 1632 796 1683 porro
837 1611 1112 1665 subtiliter
1141 1612 1482 1666 Anacharsis
1510 1611 1658 1681 leges
1687 1630 1804 1663 ara-

180 1701 408 1735 nearum
433 1683 556 1735 telis
585 1683 943 1754 conparabat!
972 1703 1100 1736 nam
1125 1691 1188 1737 ut
1212 1683 1335 1735 illas
1363 1683 1666 1735 infirmiora
1692 1683 1804 1734 ani·
1828 1700 1874 1731 20

182 1753 350 1806 malia
375 1754 630 1820 retinere,
659 1753 967 1806 ualentiora
993 1756 1384 1820 transmittere,
1412 1753 1492 1805 ita
1518 1753 1601 1805 his
1629 1753 1802 1804 humi-

182 1825 262 1877 les
301 1832 356 1877 et
389 1843 659 1947 pauperes
707 1825 1037 1894 constringi,
1088 1824 1287 1878 diuites
1327 1833 1380 1876 et
1414 1831 1802 1894 praepotentes

413 1895 425 1907 θ

410 1913 570 1964 lgarl.

184 2043 255 2089 sit.
307 2043 428 2090 Idem
457 2043 510 2089 de
538 2050 682 2089 semet
707 2043 808 2103 ips'o
837 2045 881 2089 in
908 2050 1114 2089 neutram
1146 2049 1319 2104 partem
1347 2042 1474 2103 loqui
1495 2042 1655 2089 decere
1672 2055 1799 2103 prae·
1823 2051 1922 2086 Par.

182 2113 383 2165 dicabat,
412 2115 627 2175 quoniam
655 2114 836 2161 laudare
866 2129 913 2160 se
941 2116 1068 2166 uani,
1106 2116 1370 2175 uituperare
1398 2113 1528 2159 stulti
1557 2116 1628 2158 sit.
1681 2114 1800 2158 Idem
1825 2124 1868 2157 25

179 2184 471 2246 praedicabat
495 2191 547 2230 ut
572 2185 837 2247 uoluptates
865 2185 1085 2231 abeuntes
1113 2185 1520 2231 consideraremus.
1586 2187 1654 2228 12.
1682 2186 1802 2229 Ana-

180 2269 376 2317 xagoras
403 2258 713 2317 interrogatus
740 2271 763 2301 a
792 2257 985 2317 quodam
1015 2258 1222 2317 quisnam
1252 2263 1373 2302 esset
1401 2255 1582 2306 beatus,
1625 2253 1798 2301 ‘nemo'

182 2327 331 2387 inquit
358 2326 431 2372 eex
458 2327 530 2372 his
559 2342 678 2387 quos
706 2334 754 2373 tu
781 2327 936 2374 felices
964 2328 1134 2388 putas’.
1190 2330 1256 2372 13.
1295 2326 1509 2373 Demades
1537 2326 1800 2372 nolentibus

181 2396 539 2442 Atheniensibus
574 2398 754 2442 diuinos
790 2399 992 2444 honores
1030 2398 1284 2443 Alexandro
1324 2398 1568 2443 decernere
1606 2397 1798 2443 ‘uidete'

183 2468 332 2527 inquit
359 2465 435 2512 ‘ne
462 2468 570 2512 dum
600 2468 773 2513 caelum
801 2469 1059 2519 custoditis,
1088 2475 1254 2512 terram
1281 2468 1536 2512 amittatis’.
1590 2470 1656 2513 14.
1681 2469 1867 2519 Ana-130

185 2536 358 2583 charsis
391 2537 518 2598 leges
555 2550 817 2583 aranearum
855 2539 958 2584 telis
996 2537 1296 2599 conparabat:
1336 2551 1439 2583 nam
1465 2544 1516 2583 ut
1543 2538 1644 2583 illae
1672 2536 1795 2582 infir-

182 2609 326 2655 miora
355 2607 564 2655 animalia
591 2608 817 2660 detinent,
859 2609 1114 2655 ualentiora
1156 2610 1493 2660 transmittunt,
1531 2609 1594 2654 ita
1620 2608 1822 2669 legibus·

298 2748 319 2786 1
343 2747 460 2787 Item
484 2746 532 2786 b.-
554 2745 655 2786 dem
678 2746 719 2786 B
759 2748 784 2787 2
807 2746 974 2787 debere
996 2746 1051 2794 B,
1076 2761 1150 2790 em.
1177 2747 1381 2787 Foertsclz
1407 2746 1472 2794 II,
1484 2747 1539 2786 29
1582 2748 1634 2787 10
1655 2745 1713 2785 iis
1739 2745 1802 2785 E.-

181 2802 254 2843 his
275 2802 318 2843 B
399 2805 450 2843 11
493 2803 731 2856 repperies
752 2798 809 2843 B'
888 2805 942 2843 14
981 2816 1171 2844 recessu
1191 2805 1321 2856 pauci
1342 2805 1443 2846 dete.
1458 2835 1469 2853 ,
1500 2803 1616 2844 haud
1633 2803 1722 2844 scio
1744 2816 1799 2842 an

181 2865 312 2907 recte,
335 2860 393 2910 cf.
418 2858 587 2908 Quintil.
612 2862 650 2907 1,
674 2862 713 2906 4,
737 2862 764 2899 2
844 2861 897 2900 15
938 2859 1131 2900 demalis
1161 2854 1218 2899 B'
1300 2862 1351 2901 19
1395 2872 1668 2901 araneorum
1697 2851 1800 2899 BP'

183 2916 235 2955 21
258 2915 469 2957 detinent
489 2918 531 2957 P
587 2918 640 2957 23
664 2916 852 2969 alligari
873 2916 916 2956 B
1710 2927 1727 2941 ·

296 2973 352 3014 24
371 2972 497 3026 ipsos
526 2969 603 3027 Vl]
624 2971 793 3015 debere
822 2973 865 3014 V
920 2975 971 3016 31
996 2985 1271 3015 araneorum
1300 2966 1357 3014 V'
