1872 3132
668 96 787 142 cAP.
816 97 857 147 1,
898 95 927 154 g
953 66 1124 140 9⁴-1a
1682 87 1712 140 7

193 207 276 258 11.
347 204 560 259 Eadem
604 204 684 257 rei
727 203 984 275 publicae
1027 209 1354 275 tempestate
1400 201 1462 255 C.
1506 201 1715 256 Fabius

81 280 306 334 Dorsuo
351 274 706 329 memorabile
766 274 1078 345 exemplum
1129 281 1381 327 seruatae
1428 272 1715 342 religionis

83 349 255 403 dedit.
333 365 569 417 namque
606 345 784 399 Gallis
823 345 1154 416 Capitolium
1190 344 1605 411 obsidentibuS,
1645 362 1716 396 ne

84 429 291 475 statum
333 418 542 471 Fabiae
585 418 765 487 gentis
818 416 1152 469 sacrificium
1202 416 1715 487 interrumperetur,

81 491 286 562 gabino
331 489 442 541 ritu
485 488 725 555 cinctuS,
778 489 1033 542 manibus
1079 488 1395 558 umerisque
1431 505 1588 540 sacra
1623 505 1713 556 ge·
1736 508 1758 542 5

80 581 237 629 renS,
289 579 389 631 per
429 559 640 612 medias
686 559 928 612 hostium
974 558 1239 612 stationes
1279 559 1336 610 in
1373 557 1717 625 Quirinalem

79 632 276 687 collem
301 631 578 702 peruenit:
608 630 704 684 ubi
731 631 982 683 omnibus
1012 629 1262 683 sollemni
1282 648 1432 682 more
1457 629 1715 700 peractiS,

78 706 138 757 in
176 702 510 774 Capitolium
546 710 769 773 propter
803 702 1050 755 diuinam
1084 701 1494 754 uenerationem
1529 701 1716 753 uictri-

79 776 227 828 cium
254 792 530 826 armorum
556 773 783 844 perinde
811 791 874 825 ac
899 773 1079 826 uictor
1105 772 1284 825 rediit.

174 842 275 897 12.
315 844 523 914 Magna
550 844 963 897 conseruandae
989 842 1269 913 religionis
1298 844 1467 895 etiam
1493 842 1556 895 P.
1580 842 1712 897 Cor-
1737 864 1780 895 ιο

81 916 227 969 nelio
278 915 485 969 Baebio
537 915 828 986 Tamphilo
890 914 1206 969 consulibus
1268 913 1418 985 apud
1477 914 1712 966 maiores

81 996 302 1041 nostros
344 995 467 1039 acta
504 1005 635 1038 cura
673 995 772 1039 est.
838 987 885 1038 si
920 987 1142 1057 quidem
1178 986 1236 1037 in
1274 1004 1406 1055 agro
1434 985 1497 1037 L.
1529 983 1714 1037 Petilli

80 1058 300 1111 scribae
328 1058 429 1109 sub
457 1056 705 1108 Ianiculo
736 1057 1038 1111 cultoribus
1067 1067 1270 1111 terram
1299 1056 1462 1109 altius
1491 1074 1713 1108 uersan-

78 1129 250 1192 tibus,
279 1127 494 1181 duabus
518 1130 660 1180 arcis
684 1127 913 1199 lapideis
939 1128 1189 1199 repertiS,
1211 1147 1442 1198 quarum
1463 1127 1519 1178 in
1539 1126 1715 1179 altera

79 1200 357 1270 scriptura
379 1198 666 1252 indicabat
692 1218 889 1270 corpus
917 1199 1134 1251 Numae
1160 1198 1398 1270 Pompili
1424 1199 1628 1265 fuisse,
1655 1198 1714 1249 in
1739 1218 1782 1250 15

78 1270 255 1323 altera
297 1269 425 1323 libri
473 1269 744 1324 reconditi
790 1278 946 1323 erant
988 1270 1177 1322 Latini
1230 1278 1440 1339 septem
1486 1268 1553 1322 de
1595 1269 1714 1321 iure

81 1341 401 1413 pontificum
439 1340 781 1412 totidemque
818 1341 1019 1394 Graeci
1064 1342 1130 1394 de
1168 1340 1463 1411 disciplina
1499 1340 1714 1411 sapien-

79 1413 220 1479 tiae,
257 1411 486 1464 Latinos
513 1431 717 1482 magna
752 1412 1042 1482 diligentia
1076 1413 1454 1466 adseruandos
1492 1430 1715 1464 curaue-

80 1492 236 1549 runt,
275 1482 546 1550 Graecos,
594 1483 724 1554 quia
759 1483 943 1555 aliqua
980 1503 1049 1536 ex
1084 1491 1243 1554 parte
1285 1483 1355 1536 ad
1394 1482 1715 1535 soluendam

79 1553 398 1623 religionem
447 1555 724 1624 pertinere
783 1555 1274 1622 existimabantur,
1350 1555 1417 1620 Q.
1465 1552 1712 1606 Petillius
1738 1573 1780 1605 20

79 1632 304 1695 praetor
335 1625 578 1677 urbanus
614 1645 684 1678 ex
718 1626 1046 1679 auctoritate
1082 1634 1305 1678 senatus
1341 1644 1440 1696 per
1465 1625 1714 1677 uictima-

79 1695 195 1748 rios
222 1695 368 1747 facto
394 1695 511 1764 igni
546 1689 605 1747 in
630 1706 930 1767 conspectu
960 1695 1151 1768 populi
1179 1697 1461 1750 cremauit.
1526 1694 1714 1749 nolue-

54 1772 214 1830 (runt
264 1766 407 1817 enim
455 1766 626 1835 prisci
668 1768 777 1819 uiri
824 1767 1124 1838 quidquam
1174 1769 1232 1818 in
1273 1768 1377 1819 hac
1427 1767 1714 1819 adseruari

83 1835 335 1902 ciuitate,
374 1854 480 1906 quo
508 1836 677 1888 animi
702 1837 984 1889 hominum
1022 1856 1054 1889 a
1080 1838 1310 1890 deorum
1337 1837 1488 1889 cultu
1515 1854 1712 1890 auoca-

80 1915 288 1959 rentur.
1735 1927 1780 1961 25

194 1977 275 2030 13.
329 1977 662 2048 Tarquinius
703 1986 885 2031 autem
930 1999 1030 2032 rex
1065 1979 1140 2032 M.
1180 1979 1414 2032 Atilium
1460 1979 1712 2032 duumui-

81 2067 221 2114 rum,
243 2047 390 2119 quod
410 2047 613 2101 librum
634 2059 848 2102 secreta
868 2050 1112 2102 ciuilium
1133 2069 1412 2103 sacrorum
1432 2050 1714 2103 continen-

79 2128 217 2183 tem,
255 2118 537 2172 custodiae
577 2139 707 2172 suae
735 2122 1096 2188 conmissum,
1134 2129 1423 2192 corruptus
1451 2121 1711 2174 Petronio

80 2188 285 2243 Sabino
340 2189 764 2257 describendum
812 2192 1082 2259 dedisset,
1146 2192 1321 2246 culleo
1365 2195 1612 2245 iusutum
1653 2191 1713 2243 in

78 2315 263 2355 cautum
290 2315 342 2354 ut
369 2323 494 2354 sacra
520 2310 819 2358 caerimoniae
845 2312 1125 2358 dicerentur.
1179 2315 1246 2358 ll.
1275 2313 1319 2358 C.
1340 2311 1507 2359 Fabius
1530 2312 1704 2356 Dorsuo
1731 2324 1775 2356 30

78 2377 352 2439 Capitolium
380 2379 696 2427 obsidentibus
725 2381 887 2433 Gallis,
915 2398 971 2429 ne
1000 2390 1169 2431 statum
1197 2383 1358 2430 Fabiae
1386 2384 1535 2444 gentis
1564 2382 1703 2428 sacri·
1732 2365 1833 2402 Par.

80 2448 231 2495 ficium
268 2450 704 2511 interrumperetur,
751 2454 917 2513 gabino
958 2457 1256 2515 cinctus'per
1292 2455 1463 2500 medias
1500 2452 1705 2499 hostium

79 2522 306 2566 stationes
336 2522 381 2566 in
402 2519 679 2575 Quirinalem
717 2524 879 2570 collem
906 2527 1142 2585 peruenit,
1183 2531 1320 2585 atque
1354 2526 1458 2570 inde
1482 2522 1710 2570 sacrificio

194 2630 219 2668 2
249 2629 386 2671 dorso
416 2643 499 2672 suo
528 2631 592 2681 B,
625 2631 816 2674 dorssuo
846 2634 869 2674 b
929 2636 954 2675 5
984 2634 1078 2674 ritu
1107 2648 1186 2676 om.
1208 2635 1249 2673 P
1306 2636 1331 2675 8
1362 2630 1568 2688 propter]
1604 2633 1711 2689 po—p·

78 2680 150 2732 B'‚
181 2686 241 2741 ’ᾗ
271 2686 314 2751 β
335 2700 473 2735 corr„
515 2688 546 2731 f.
578 2686 626 2739 (i.
652 2702 688 2731 e.
713 2689 839 2740 fort.)
873 2694 978 2743 post
999 2690 1042 2730 B
1063 2704 1140 2743 my.
1204 2692 1228 2730 9
1261 2704 1316 2730 ac
1339 2704 1414 2733 om.
1441 2691 1501 2739 B,
1543 2695 1595 2731 ut
1615 2695 1655 2733 D
1688 2684 1708 2742 ΙΙ

79 2741 207 2797 redit·
232 2743 273 2784 B
349 2746 398 2784 11
430 2745 666 2797 pamphilo
698 2745 740 2785 B
809 2748 860 2786 12
892 2747 984 2787 luci
1014 2747 1151 2799 petili
1180 2747 1223 2787 B
1283 2749 1337 2788 20
1370 2761 1420 2800 q*
1443 2747 1632 2801 petilius
1666 2749 1709 2789 B

80 2799 136 2838 22
169 2805 416 2852 conspecto
446 2801 488 2840 B
547 2804 601 2842 23
633 2802 926 2854 quicquamh
987 2805 1041 2844 26
1070 2803 1255 2844 tullium
1276 2804 1337 2852 B,
1371 2811 1415 2844 at
1437 2806 1642 2859 zc.Nepot.
1667 2812 1710 2846 et

79 2855 261 2907 Dionys.
283 2857 389 2899 Hal.
413 2860 455 2911 4,
481 2860 535 2898 62
595 2860 649 2899 27
673 2860 976 2900 secretarium
999 2860 1042 2900 B
1100 2862 1155 2902 28
1178 2861 1397 2914 corrupt&
1418 2862 1460 2901 B
1485 2869 1490 2873 ⁴

197 2915 250 2954 32
273 2913 628 2968 interrumperet
656 2912 734 2970 VH
755 2930 808 2956 cm
833 2917 1018 2958 cinctu?
