1878 3132
155 881 194 910 10

154 1227 193 1257 15

150 1577 190 1606 :20

218 119 286 170 46
935 119 1029 162 Lm.
1069 119 1099 162 1.

220 249 356 302 quae
381 231 491 280 iam
518 229 572 278 in
599 227 758 278 terris
786 232 903 275 erat
929 223 1292 292 amplissima,
1320 225 1733 294 impetraturam
1761 243 1817 276 se

218 300 465 353 credidit.
494 315 665 366 neque
678 314 796 346 eam
810 294 992 363 opinio
1007 294 1236 362 decepit.
1263 294 1383 363 pari
1395 312 1629 364 namque
1639 294 1818 346 studio

219 372 447 438 petitum
484 386 545 418 ac
571 365 898 435 promissum
926 372 1007 415 est
1034 363 1387 432 praesidium,
1426 383 1454 415 e
1479 365 1817 434 uestigioque

218 438 477 504 Epidauri
497 434 1098 502 Romanorum'legatos
1125 434 1181 484 in
1198 433 1462 503 templum
1483 433 1817 503 Aesculapii,

219 508 360 580 quod
387 509 455 559 ab
484 525 670 557 eorum
695 505 828 556 urbe
855 509 893 555 V
919 522 1180 573 passuum
1208 503 1403 570 distat,
1440 503 1732 574 perductos
1757 513 1818 555 ut

217 577 481 648 quidquid
518 575 644 627 inde
681 574 897 626 salubre
932 575 1142 643 patriae
1177 572 1380 626 laturos
1418 592 1475 625 se
1511 574 1817 627 existimas-

219 657 336 700 sent
370 666 467 717 pro
513 664 607 697 suo
645 646 759 696 iure
805 651 1078 695 sumerent
1119 644 1510 711 benignissime
1555 644 1815 695 inuitaue-

216 726 356 770 runt.
434 735 661 786 quorum
705 724 817 766 tam
860 721 1131 784 promtam
1179 713 1573 782 indulgentiam
1616 732 1816 765 numen

216 789 385 858 ipsius
422 787 509 838 dei
546 787 895 837 subsecutum
930 783 1101 836 uerba
1125 782 1439 836 mortalium
1465 783 1688 835 caelesti
1725 782 1815 836 ob-

219 858 400 927 sequio
429 856 822 925 comprobauit:
855 856 901 905 si
927 854 1147 924 quidem
1172 855 1219 905 is
1248 854 1441 922 anguis
1459 893 1473 919 ,
1501 871 1662 923 quem
1687 853 1816 923 Epi-

217 928 372 980 dauri
397 945 546 991 raro,
594 925 689 976 sed
715 943 1009 994 numquam
1036 925 1150 975 sine
1178 942 1375 992 magno
1403 924 1648 993 ipsorum
1672 923 1814 976 bono

214 999 391 1048 uisum
431 998 486 1046 in
523 995 745 1047 modum
783 993 1100 1063 Aesculapii
1141 995 1388 1046 uenerati
1429 993 1672 1058 fuerunt,
1721 1011 1817 1062 per

214 1068 363 1119 urbis
392 1065 767 1118 celeberrimas
790 1072 973 1133 partes
995 1065 1219 1117 mitibus
1248 1063 1414 1116 oculis
1437 1073 1489 1116 et
1509 1063 1618 1115 leni
1637 1070 1816 1115 tractu

214 1137 325 1188 labi
363 1137 563 1205 coepit,
609 1135 895 1203 triduoque
928 1137 1070 1186 inter
1103 1134 1414 1202 religiosam
1449 1135 1689 1185 omnium
1725 1132 1815 1184 ad-

216 1208 556 1258 mirationem
591 1214 908 1273 conspectus
936 1204 1082 1256 haud
1111 1203 1333 1256 dubiam
1367 1223 1497 1274 prae
1526 1222 1582 1265 se
1610 1203 1814 1272 adpeti-

214 1285 300 1328 tae
341 1276 585 1327 clarioris
625 1275 770 1326 sedis
809 1275 1152 1326 alacritatem
1185 1274 1393 1340 ferens,
1432 1273 1501 1325 ad
1538 1275 1815 1326 triremem

217 1347 515 1397 Romanam
542 1347 809 1414 perrexit,
853 1345 1284 1415 pauentibusque
1321 1345 1579 1396 inusitato
1609 1350 1815 1414 specta·

215 1416 331 1468 culo
359 1417 539 1467 nautis
568 1433 627 1467 eo
650 1415 980 1480 conscendit,
1006 1415 1102 1466 ubi
1124 1414 1190 1479 Q.
1217 1413 1421 1482 Ogulni
1445 1413 1613 1481 legati
1638 1413 1815 1465 taber-

213 1485 465 1537 naculum
502 1494 643 1551 erat,
695 1487 858 1555 inque
902 1483 1258 1554 multiplicem
1301 1485 1486 1544 orbem
1531 1502 1629 1553 per
1675 1501 1815 1534 sum-

213 1575 357 1606 mam
407 1557 643 1626 quietem
689 1564 772 1607 est
817 1555 1156 1608 conuolutus.
1232 1563 1345 1605 tum
1388 1553 1557 1622 legati
1592 1552 1816 1623 perinde

215 1634 374 1696 atque
435 1635 726 1695 exoptatae
776 1627 853 1677 rei
905 1633 1187 1695 conpotes,
1249 1623 1466 1693 expleta
1515 1624 1816 1690 gratiarum

214 1698 422 1748 actione
458 1697 711 1766 cultuque
746 1696 938 1764 anguis
977 1715 1008 1746 a
1033 1695 1223 1764 peritis
1262 1701 1488 1763 excepto
1525 1693 1655 1761 laet-i
1690 1691 1815 1743 inde

215 1765 512 1832 soluerunt,
558 1785 620 1817 ac
644 1784 965 1836 prosperam
1005 1765 1210 1816 emensi
1237 1764 1645 1832 nauigationem
1670 1771 1816 1832 post-

215 1854 374 1905 quam
416 1837 643 1888 Antium
693 1835 1045 1905 appulerunt,
1099 1835 1316 1903 anguis,
1369 1834 1462 1904 qui
1510 1833 1711 1902 ubique
1762 1833 1818 1883 in

173 1907 431 1973 5nauigio
482 1914 844 1971 remanserat,
904 1904 1187 1975 prolapsus
1237 1906 1292 1955 in
1341 1901 1612 1955 uestibulo
1663 1901 1815 1954 aedis

215 1975 527 2044 Aesculapii
563 1984 739 2027 murto
774 1975 1149 2046 frequentibus
1176 1975 1341 2026 ramis
1379 1973 1815 2050 diffusaejsuper-

215 2044 587 2096 imminentem
617 2045 888 2097 rexcelsae
949 2044 1253 2097 altitudinis
1303 2042 1543 2114 palmam
1593 2043 1815 2093 circum-

216 2114 390 2178 dedit,
418 2133 618 2184 perque
645 2125 753 2167 tres
783 2116 926 2181 dies,
967 2116 1158 2185 positis
1187 2115 1382 2184 quibus
1410 2112 1559 2164 uesci
1587 2111 1813 2177 solebat,

214 2201 321 2234 non
349 2185 463 2235 sine
490 2203 685 2253 magno
713 2194 861 2237 metu
885 2186 1188 2254 legatorum
1213 2203 1279 2236 ne
1306 2183 1431 2235 inde
1457 2183 1513 2233 in
1541 2183 1817 2233 triremem

151 2271 170 2301 3
215 2254 416 2305 reuerti
442 2253 608 2306 nollet
637 2255 916 2306 Antiensis
946 2255 1137 2325 templi
1163 2254 1398 2324 hospitio
1425 2271 1572 2318 usus,
1600 2252 1725 2302 urbi
1758 2269 1815 2302 se

214 2329 430 2374 nostrae
456 2323 831 2375 aduehendum
867 2327 1134 2391 restituit,
1178 2333 1338 2394 atque
1365 2324 1422 2374 in
1446 2323 1623 2392 ripam
1652 2321 1814 2373 Tibe-

213 2393 287 2442 ris
317 2393 549 2460 egressis
578 2395 767 2462 legatis
796 2397 851 2445 in
878 2395 1136 2460 insulam,
1163 2395 1259 2447 ubi
1286 2391 1549 2462 templum
1577 2391 1816 2442 dicatum

215 2524 532 2581 magnitudinis
562 2539 745 2584 serpens
772 2526 1024 2584 legatorum
1052 2539 1211 2571 nauem
1247 2527 1484 2574 intrasset,
1523 2523 1703 2568 Romam
1732 2536 1814 2581 pro

215 2592 297 2636 deo
332 2594 548 2638 aduectus
578 2596 619 2639 in
647 2597 786 2654 ripam
815 2597 989 2640 Tiberis
1017 2610 1229 2654 egressus
1260 2601 1354 2645 est,
1392 2601 1436 2659 et
1462 2596 1507 2638 in
1537 2592 1677 2637 insula
1706 2605 1814 2635 con-

327 2728 354 2765 4
384 2728 599 2778 epidauro
622 2730 661 2767 B
721 2733 745 2770 6
776 2731 990 2782 quicquid
1015 2733 1037 2771 b
1102 2734 1149 2771 12
1180 2732 1366 2771 fuerant
1387 2743 1424 2769 u.
1449 2731 1473 2767 l.
1498 2729 1539 2767 in
1560 2739 1639 2779 my.
1663 2726 1704 2765 B
1765 2727 1815 2765 17

214 2781 455 2822 inuisitato
477 2783 684 2824 Klolclcius
745 2787 795 2825 18
827 2784 901 2838 Q]
928 2801 967 2838 q.
992 2788 1027 2826 ti
1047 2787 1088 2826 B
1119 2788 1327 2836 (similiter
1346 2784 1517 2835 saepius
1537 2784 1580 2822 in
1601 2782 1642 2822 B
1665 2783 1816 2833 legitur

214 2849 248 2877 r.
270 2838 340 2887 ni,
372 2841 399 2878 τ’.
423 2851 459 2879 e.
482 2841 679 2887 romani,
713 2847 753 2879 et
779 2844 928 2881 similia
950 2844 1005 2892 ef.
1029 2845 1087 2882 ad
1108 2843 1174 2886 II,
1198 2846 1234 2888 7,
1259 2838 1330 2890 15)
1351 2836 1370 2893 Η
1391 2838 1567 2891 ogulini
1587 2837 1627 2877 B
1687 2839 1739 2876 22
1761 2851 1816 2876 (m

215 2895 461 2945 percepto?
522 2896 573 2934 23
597 2896 769 2934 amensi
790 2892 845 2934 B'
903 2899 955 2936 25
978 2894 1449 2948 remanseratllapsus
1471 2894 1512 2933 B
1571 2895 1624 2934 26
1643 2894 1773 2932 mirto
1793 2892 1815 2931 b
1868 2944 1871 2948 s
