1936 3120
236 122 341 174 364
584 178 588 181 p
932 126 1030 171 [ΑΒ.
1067 127 1153 173 Vll.

237 231 438 285 falsum
466 252 494 284 e
520 233 714 285 castris
750 232 1002 283 nuntium
1029 233 1358 303 accepisset,
1398 233 1518 285 aliis
1554 232 1851 288 heredibus-

238 303 456 372 scriptis
496 302 748 354 decessit.
823 303 1058 371 peractis
1097 302 1294 355 deinde
1331 303 1616 373 stipendiis
1663 303 1845 356 adule-

237 391 392 424 scens
423 372 643 425 domum
668 371 854 442 petiit:
897 391 1076 425 errore
1092 373 1279 442 patris,
1306 373 1629 444 inpudentia
1650 374 1845 425 amico-

236 461 356 493 rum
394 442 611 494 domum
650 442 754 494 sibi
789 441 1033 494 clausam
1067 443 1326 513 repperit.
1401 445 1529 514 quid
1568 443 1710 495 enim
1735 442 1844 494 illis

193 532 213 563 5
236 512 698 565 inuerecundius‘?
746 512 934 565 florem
975 513 1230 566 iuuentae
1310 531 1369 564 ro
1405 532 1464 565 re
1498 513 1719 583 publica
1753 514 1849 567 ab·

234 591 573 652 sumpserat,
610 583 878 634 maximos
906 581 1118 635 labores
1148 602 1212 636 ac
1237 603 1271 653 p
1295 584 1472 635 urima
1497 582 1741 653 pericula
1767 592 1844 636 to-

234 653 534 718 lerauerat,
563 653 793 704 aduerso
821 671 1045 722 corpore
1073 662 1330 723 exceptas
1360 654 1680 706 ostendebat
1706 654 1844 705 cica-

234 722 425 788 trices,
464 731 518 774 et
543 722 898 792 postulabant
933 731 995 775 ut
1021 724 1197 775 auitos
1227 725 1342 775 eius
1370 723 1510 775 lares
1531 723 1713 776 otiosa
1738 724 1845 794 ipsi

233 793 359 844 urbi
387 812 553 845 onera
578 793 942 862 possiderent.
1000 793 1184 863 itaque
1213 793 1473 862 depositis
1501 792 1666 844 armis
1693 811 1845 845 coac-

171 883 212 914 10
235 871 324 914 tus
352 871 437 915 est
461 863 518 914 in
543 863 660 915 foro
682 871 929 931 togatam
946 863 1163 930 ingredi
1183 863 1448 928 militiam,
1475 862 1691 914 acerbe:
1723 881 1847 915 cum

233 933 634 1003 inprobissimis
662 933 805 985 enim
831 932 1124 985 heredibus
1153 933 1219 984 de
1245 934 1486 1003 paternis
1512 933 1670 985 bonis
1697 933 1846 1003 apud

236 1005 601 1056 centumuiros
630 1003 931 1056 contendit:
975 1004 1332 1073 omnibusque
1367 1022 1475 1056 non
1510 1003 1685 1054 solum
1720 1022 1845 1056 con-

237 1072 372 1124 siliis
403 1073 499 1125 sed
528 1074 691 1126 etiam
719 1073 1003 1125 sententiis
1033 1092 1094 1124 su
1137 1074 1282 1126 erior
1308 1073 1576 1125 discessit.

340 1143 390 1194 2.
430 1143 570 1195 Item
594 1144 671 1196 M.
699 1145 877 1195 Annei
894 1142 1104 1201 ‚Carseo
1129 1144 1218 1195 ani
1245 1143 1672 1213 splendidissimi
1698 1143 1844 1213 equi-

170 1232 212 1264 15
235 1214 306 1266 tis
333 1213 569 1266 Romani
596 1215 757 1280 filius,
787 1233 819 1265 a
839 1214 1103 1266 Sufenate
1125 1215 1393 1265 auunculo
1416 1232 1511 1266 suo
1535 1215 1844 1283 adoptatUS,

234 1291 624 1336 testamentum
661 1284 927 1335 naturalis
964 1285 1163 1352 patris,
1201 1302 1306 1352 quo
1342 1285 1667 1352 praeteritus
1706 1290 1844 1348 erat,

237 1354 384 1423 apud
438 1356 808 1406 centumuiros
855 1354 1106 1419 rescidit,
1163 1372 1287 1405 cum
1328 1354 1386 1404 in
1430 1372 1491 1406 eo
1538 1352 1843 1418 Tullianus,

234 1424 459 1492 Pompei
484 1423 676 1493 Magni
700 1423 986 1475 familiaris
1000 1463 1014 1489 ,
1057 1423 1176 1493 ipso
1204 1422 1426 1493 quidem
1451 1423 1710 1504 Pompeio
1739 1423 1843 1491 sig-

234 1501 424 1545 natore
450 1493 604 1546 heres
634 1495 868 1563 scriptus
897 1502 1065 1545 esset:
1106 1495 1290 1562 itaque
1315 1492 1396 1544 illi
1421 1494 1477 1544 in
1502 1494 1700 1545 iudlcio
1720 1494 1843 1563 plus

169 1583 211 1614 20
235 1582 356 1615 cum
397 1563 840 1616 excellentissimi
875 1563 979 1614 uiri
1021 1563 1203 1631 gratia
1236 1581 1399 1632 quam
1435 1582 1559 1614 cum
1601 1564 1843 1632 parentis

192 1680 194 1682 .
235 1633 507 1686 cineribus
535 1635 739 1704 negotii
760 1635 881 1685 fuit.
935 1641 1171 1684 ceterum
1193 1633 1441 1703 quamuis
1460 1642 1691 1702 utraque
1709 1632 1844 1685 haec

234 1703 499 1755 aduersus
538 1705 876 1770 nitebantur,
923 1711 1106 1754 tamen
1141 1711 1370 1773 paterna
1408 1703 1553 1755 bona
1590 1703 1843 1773 optinuit.

234 1792 361 1824 nam
386 1773 589 1826 Lucius
619 1774 835 1845 quidem
863 1773 1121 1826 Sextilius
1151 1782 1204 1830 et
1229 1773 1290 1825 P.
1313 1773 1577 1843 Popilius,
1605 1791 1738 1844 quos
1764 1773 1843 1825 M.

233 1845 477 1896 Anneius
506 1846 770 1913 sanguine
797 1844 904 1896 sibi
930 1845 1242 1895 coniunctos
1265 1844 1453 1895 eadem
1471 1862 1540 1895 ex
1559 1851 1714 1912 parte
1735 1862 1859 1914 qua⁴

168 1933 210 1965 25
234 1913 550 1966 Tullianum
584 1915 812 1967 heredes
849 1915 1079 1979 fecerat,
1127 1922 1464 1966 sacramento
1502 1931 1623 1965 cum
1660 1913 1840 1965 adule-

118 2078 208 2114 Par.
235 2072 353 2117 filius
390 2088 603 2118 reuersus
641 2076 825 2132 cognito
863 2075 1003 2133 patris
1041 2087 1197 2118 errore
1235 2073 1288 2117 de
1327 2074 1528 2132 paternis
1565 2073 1696 2119 bonis
1723 2074 1839 2133 apud

235 2145 543 2188 centumuiros
572 2145 827 2194 contendit,
868 2143 1170 2201 omnibusque
1197 2144 1435 2186 sententiis
1462 2135 1611 2188 uiclor
1635 2145 1836 2188 recessit.

234 2216 275 2256 2.
313 2213 366 2256 M.
395 2214 509 2256 Anni
537 2213 794 2258 Carseolani
833 2212 1053 2272 splendidi
1093 2212 1259 2270 equitis
1286 2211 1471 2257 Romani
1499 2211 1633 2262 filius,
1662 2228 1685 2257 a
1711 2212 1840 2257 Suse-

237 2289 342 2326 nate
379 2283 604 2327 auunculo
633 2297 715 2327 suo
744 2283 1008 2342 adoptatus,
1046 2288 1367 2326 testamentum
1405 2283 1502 2327 ueri
1538 2283 1703 2342 patris,
1749 2297 1839 2342 quo

169 2359 211 2392 30
234 2354 510 2412 praeteritus
552 2359 671 2402 erat,
714 2354 833 2412 apud
875 2354 1185 2397 centumuiros
1223 2352 1430 2402 rescidit,
1471 2354 1677 2412 quamuis
1712 2354 1758 2397 in
1785 2366 1839 2398 eo

236 2422 494 2474 Tullianus,
530 2423 714 2483 Pompei
751 2425 901 2482 magni
938 2423 1195 2472 familiaris,
1229 2423 1331 2482 ipso
1357 2423 1571 2492 Pompeio
1608 2424 1840 2484 signatore

350 2575 370 2611 1
417 2570 698 2626 accepisset]
743 2575 844 2613 add.
872 2574 905 2613 C
931 2573 1011 2623 qui
1042 2576 1141 2612 erat
1171 2572 1340 2622 falsus3
1374 2575 1598 2612 eorundem
1619 2572 1838 2613 uerborum

234 2631 411 2679 aestima
439 2636 655 2680 apparent
682 2631 725 2669 in
748 2629 788 2668 B
810 2632 852 2669 in
874 2632 965 2670 loeo
995 2642 1121 2669 eraso
1143 2635 1185 2668 et
1205 2642 1338 2670 uacuo
1367 2631 1517 2669 relicto
1594 2631 1619 2668 3
1659 2628 1777 2679 petit
1796 2627 1838 2666 B

232 2686 260 2723 4
282 2685 461 2723 domum
483 2698 559 2724 om.
583 2686 749 2737 Kempf
799 2688 824 2726 8
846 2685 1148 2737 postulabant
1167 2686 1347 2736 scripsi:
1379 2684 1648 2737 postulabat
1669 2683 1710 2722 B
1732 2689 1774 2722 et
1794 2695 1837 2734 ς,

233 2741 441 2791 postulat
462 2754 518 2780 ne
542 2740 697 2791 (uelut
717 2741 825 2793 non)
850 2743 951 2784 dett.
994 2738 1012 2795 Η
1051 2742 1233 2781 habitos
1255 2740 1310 2788 B,
1330 2740 1359 2780 fi
1384 2742 1533 2781 auitos
1555 2740 1579 2779 b
1639 2744 1694 2782 14
1710 2754 1838 2781 man-

234 2795 310 2834 nei
332 2796 388 2846 B,
411 2796 471 2835 M.
497 2799 607 2836 anni
629 2798 716 2843 Pb‚·
747 2800 949 2838 incertum
971 2805 1034 2837 est
1051 2798 1239 2849 fueritne
1262 2810 1407 2837 nomen
1428 2798 1643 2838 Annaeus
1669 2811 1726 2838 an
1749 2798 1836 2836 An-

233 2852 335 2891 nius
357 2848 375 2906 ΙΙ
398 2852 626 2904 splendidi
647 2855 688 2892 P
754 2856 805 2894 15
827 2854 1041 2893 Sufenate
1062 2853 1117 2900 B,
1139 2854 1219 2893 sed
1239 2857 1374 2893 enate
1396 2854 1439 2892 in
1458 2865 1545 2892 ras.

347 2910 401 2948 26
422 2914 463 2948 ec
485 2910 538 2949 30
561 2909 681 2960 apud
705 2909 782 2949 CV
811 2910 853 2948 V
