1878 3100
1239 0 1242 1 ⁷
1309 0 1738 24 vewsswvwaffls
1778 0 1803 11 ⁴¹
1825 2 1829 26 t

1323 35 1325 37 ι
1379 27 1411 40 ¹¹,
1445 27 1448 29 r
1554 40 1558 42 ,
1595 39 1598 41 Δ
1638 32 1661 42 ⁴·
1683 25 1690 31 κ
1717 23 1722 34 π
1823 30 1825 40 ,

157 129 212 173 lV
768 196 770 198 Ι
820 127 1139 172 PRAEFATIO.
1361 156 1371 174 s

158 266 353 314 Valerii
393 267 628 329 exempla
668 265 997 314 emendaturo
1045 281 1151 312 non
1188 265 1540 328 spernendus,
1591 281 1761 330 quam-

161 353 314 400 quam
340 352 475 399 pars,
507 352 636 399 quae
662 336 715 381 in
745 335 920 382 codice
947 335 1200 382 Vaticano
1228 351 1365 382 num.
1397 336 1527 383 1321
1560 344 1763 383 seruata

162 414 253 464 est,
284 405 592 452 foedissimis
621 406 781 453 omnis
810 405 1014 467 generis
1043 405 1180 452 uitiis
1209 411 1384 452 scatet.
1459 405 1611 452 Hunc
1640 421 1762 469 quo-

162 492 260 539 que
288 476 469 523 librum
495 476 579 522 Du
605 476 737 522 Rieu
763 475 943 522 iterum
971 475 1192 522 excussit
1221 481 1270 521 et
1296 475 1506 537 triginta
1531 475 1670 534 locis,
1709 483 1764 522 ut

159 547 271 609 ipse
297 546 328 591 l.
359 562 399 591 c.
429 562 479 608 p.
509 546 611 593 260
637 543 833 603 scribit,
872 543 1046 592 codice
1085 544 1254 591 denuo
1286 545 1574 593 examinato
1600 545 1764 592 lucem

167 616 357 664 attulit:
395 631 489 677 ego
527 616 580 661 in
617 621 762 662 tanta
795 613 1094 662 mendorum
1123 615 1267 677 copia
1302 630 1370 661 ne
1408 615 1516 662 eius
1558 613 1764 678 quidem

161 702 278 732 cura
325 683 762 748 adquiescendum
809 691 946 731 ratus
986 683 1047 730 ab
1084 683 1373 746 Augusto
1410 684 1763 732 Wi-lmanns

160 756 312 803 facile
338 755 594 818 inpetraui
619 760 687 812 ut,
719 770 829 801 cum
854 770 1020 818 nuper
1044 755 1257 801 Romam
1285 753 1510 813 adiisset,
1540 752 1762 802 codicem

160 841 272 872 mea
299 825 462 887 gratia
487 825 668 872 iterum
692 825 914 887 legeret:
955 840 1105 887 quem
1130 841 1233 870 non
1260 831 1423 871 actam
1447 839 1555 871 rem
1595 822 1761 886 egisse

162 895 325 959 quiuis
370 894 608 942 lubenter
657 910 853 941 mecum
899 894 1147 941 concedet
1195 894 1279 957 qui
1317 894 1566 941 lectiones
1603 892 1666 939 ab
1703 909 1761 941 eo

163 964 442 1029 exscriptas
471 980 582 1011 cum
609 964 884 1010 lectionum
910 964 1284 1026 supplementis
1322 981 1350 1010 a
1390 963 1539 1011 docto
1566 962 1762 1009 Batauo

164 1035 294 1081 datis
323 1034 557 1081 conferre
586 1034 820 1083 uoluerit.

305 1103 410 1151 Sed
435 1111 490 1150 ut
517 1103 581 1150 ad
611 1103 812 1150 codices
841 1102 1166 1161 accedamus,
1210 1102 1392 1166 quibus
1429 1103 1542 1166 ipsa
1570 1101 1766 1150 Valerii

163 1174 399 1237 exempla
429 1189 730 1238 quamquam
757 1190 858 1220 non
888 1174 1091 1234 integra
1117 1179 1322 1220 seruata
1347 1179 1480 1231 sunt,
1515 1172 1650 1218 inter
1678 1187 1765 1218 eos

161 1246 494 1302 Beruensem,
524 1250 581 1290 ut
603 1244 784 1289 ceteris
811 1249 1066 1290 uetustate
1088 1242 1372 1303 antecedit,
1392 1242 1464 1288 ita
1490 1242 1767 1288 lectionum

164 1314 369 1378 quoque
397 1313 716 1377 praestantia
742 1313 877 1359 inter
898 1328 1072 1359 omnes
1103 1313 1187 1376 qui
1211 1318 1415 1359 exstant
1435 1312 1600 1359 locum
1626 1312 1766 1374 prin·

163 1385 327 1447 cipem
354 1383 585 1430 obtinere
612 1382 767 1429 hodie
794 1384 846 1428 in
870 1382 1107 1428 confesso
1133 1388 1224 1428 est.
1279 1381 1445 1444 Quem
1464 1397 1767 1445 quamquam

161 1455 263 1500 iam
300 1452 568 1500 Carolus
604 1451 949 1514 Kempfius
988 1458 1224 1498 accurate
1254 1451 1549 1515 descripsit,
1595 1457 1767 1499 tamen

162 1523 284 1569 mihi
313 1538 515 1585 quoque
542 1536 703 1583 pauca
733 1520 796 1566 de
826 1520 1068 1567 uniuersa
1104 1519 1220 1567 libri
1256 1521 1418 1568 forma
1454 1520 1766 1584 exponenda

161 1599 306 1651 sunt,
354 1607 471 1636 nam
517 1590 857 1653 proprietates
905 1590 1150 1654 quasdam
1185 1590 1365 1650 habet,
1416 1606 1548 1654 quae
1592 1590 1764 1638 critico

163 1661 437 1722 diligenter
466 1659 833 1708 adtendendae
862 1667 995 1711 sunt.
1061 1659 1242 1708 Codex
1266 1662 1379 1724 ipse
1407 1666 1626 1707 exeunte
1655 1675 1764 1707 sae·

162 1730 273 1777 culo
301 1747 440 1777 nono
468 1730 685 1794 scriptus
711 1728 917 1785 uidetur
931 1729 951 1776 ε’
988 1729 1075 1777 sed
1117 1737 1320 1793 praeter
1354 1728 1638 1788 librarium,
1679 1730 1765 1794 qui

160 1807 322 1848 totum
350 1801 595 1859 exarauit,
624 1807 727 1847 tres
754 1800 864 1847 fere
893 1800 1027 1846 aliae
1047 1816 1241 1857 manus,
1266 1799 1550 1861 scripturae
1572 1815 1762 1861 genere

160 1888 266 1918 non
293 1871 503 1917 multum
529 1871 663 1917 inter
689 1886 744 1917 se
767 1869 1018 1916 distantes
1048 1884 1324 1931 omnesque
1354 1870 1592 1931 magnam
1622 1868 1763 1916 uetu—

160 1947 344 1987 statem
369 1955 495 2001 prae
523 1955 578 1985 se
606 1931 890 1996 seientes,
876 1955 930 1984 1n
957 1937 1085 1984 libro
1115 1937 1514 2000 conspiciuntur.
1565 1939 1762 1987 Harum

160 2008 325 2071 prima
352 2014 402 2053 et
428 2007 785 2069 antiquissima
811 2006 1095 2068 complures
1125 2022 1344 2066 eriores,
1387 2024 1511 2072 quos
1547 2009 1763 2072 scriptor

161 2076 428 2138 primarius
455 2076 510 2121 in
539 2074 876 2122 describendo
905 2074 1200 2135 admiserat,
1241 2079 1457 2125 correxit
1492 2089 1542 2126 et
1567 2074 1761 2142 aliquot

159 2145 284 2190 locis
327 2142 484 2190 ueiba
527 2144 731 2205 singula
774 2151 974 2191 totosue
1011 2161 1187 2193 uersus
1223 2147 1284 2193 ab
1321 2147 1409 2194 illo
1448 2148 1657 2196 omissos
1698 2138 1773 2196 ex,

159 2214 290 2275 ipso,
319 2219 373 2258 ut
394 2213 608 2271 uidetur,
641 2214 933 2278 exemplari,
965 2230 1027 2262 ex
1050 2232 1148 2279 quo
1167 2217 1448 2265 Beruensis
1479 2217 1759 2282 descriptus

163 2288 253 2339 est,
284 2282 467 2344 partim
493 2283 546 2328 in
574 2290 817 2330 contextu
842 2283 1123 2346 uerborum,
1162 2287 1345 2350 partim
1370 2287 1422 2334 in
1450 2287 1759 2351 marginibus

161 2351 447 2414 suppleuit:
495 2352 747 2416 quaedam
782 2360 952 2402 tamen
990 2356 1102 2419 ipse
1141 2373 1343 2421 quoque
1370 2355 1755 2421 praetermisit¹,

164 2437 296 2484 quae
324 2437 434 2468 cum
459 2422 511 2468 in
543 2421 882 2471 deterioribus
910 2425 1013 2473 suis
1041 2426 1163 2474 locis
1190 2427 1442 2490 legantur,
1480 2428 1580 2475 iam
1605 2428 1758 2476 Kem-

162 2491 289 2553 pfius
317 2508 366 2554 Ρ.
398 2493 460 2538 87
489 2499 627 2539 lecte
654 2494 877 2566 ιῃοιιαὶῐ,
919 2511 1223 2560 quamquam
1259 2514 1433 2546 omnes
1462 2497 1665 2546 codices
1691 2497 1758 2544 ad

160 2577 313 2606 unum
358 2560 552 2609 fontem
596 2555 908 2611 commi'ffiem
952 2565 1195 2626 redeant,
1244 2567 1548 2616 deteriorum
1587 2575 1759 2616 tamen

275 2738 287 2764 ¹
318 2739 458 2780 Locis
482 2753 592 2792 quos
614 2743 803 2794 protulit
825 2744 1058 2798 Kempfius
1087 2746 1320 2787 addendus
1354 2750 1424 2787 est
1454 2749 1495 2798 4,
1519 2749 1557 2798 7,
1586 2748 1692 2789 Ext.
1716 2749 1756 2798 1,

159 2795 271 2835 ubi
260 2808 308 2834 m
332 2797 554 2892 Berntensi
571 2798 711 2838 uerba
736 2802 864 2840 eidem
894 2808 1023 2853 eaput
1041 2816 1154 2842 suum
1175 2803 1413 2843 subzeeerat
1432 2807 1536 2857 post
1548 2778 1760 2845 'habuerat

161 2851 329 2892 omissa
359 2865 442 2892 sun
