1878 3132
641 135 761 182 CAP.
787 134 856 187 vl,
883 133 914 194 g
941 136 1138 180 11—17.
1177 135 1268 181 vn.
1695 126 1765 181 83

134 246 194 299 in
218 244 465 299 m‘edium
491 243 826 298 Cimbricam
851 242 1159 311 audaciam,
1189 242 1346 296 adice
1373 242 1767 297 Celtibericam

134 317 330 385 fidem,
357 316 524 386 iunge
550 316 855 368 animosam
880 313 1148 367 Thraciae
1180 313 1524 386 [potentiam]
1555 334 1616 368 sa
1656 316 1768 368 ien-

133 389 290 456 tiam,
318 388 546 441 adnecte
563 386 863 457 Lyciorum
886 385 946 436 in
964 383 1209 439 luctibus
1238 385 1543 440 abiciendis
1566 405 1631 439 ca
1653 385 1767 440 lide

135 459 444 531 quaesitam
468 457 765 524 rationem,
802 455 996 509 Indico
1023 463 1210 509 tamen
1234 475 1371 527 rogo
1398 455 1537 509 nihil
1574 475 1768 511 eorum

133 529 442 601 praefereS,
494 546 658 599 quem
699 527 899 580 uxoria
932 527 1114 598 pietas
1156 528 1214 579 in
1258 527 1488 582 modum
1531 528 1762 598 genialis
1787 548 1809 582 5

134 601 242 654 tori
265 617 365 671 pro
406 600 606 671 inquae
631 599 822 651 mortis
850 615 1047 650 secura
1073 598 1411 652 conscendit.

245 670 327 724 15.
368 618 474 724 gui
492 668 702 740 gloriae
724 668 1060 722 Punicarum
1083 669 1435 737 feminarum,
1462 677 1524 723 ut
1550 689 1620 723 ex
1642 689 1766 724 con-

132 741 420 813 paratione
438 741 655 811 turpius
683 748 968 811 appareat,
999 738 1237 793 dedecus
1266 740 1609 795 subnectam.
1652 741 1767 794 Cir-

134 823 225 867 tae
262 811 406 865 enim
439 810 631 863 fanum
670 818 754 863 est
786 810 1052 878 VeneriS,
1103 810 1162 863 in
1200 810 1350 882 quod
1386 830 1445 864 se
1481 820 1767 865 matronae

136 882 524 949 conferebant,
569 890 735 952 atque
781 880 911 935 inde
953 881 1317 952 procedentes
1356 882 1428 935 ad
1473 891 1766 954 quaestum
1790 902 1832 935 10

75 995 80 997 -
137 953 322 1007 dotem
360 953 604 1024 corporis
639 952 844 1004 iniuria
879 951 1300 1020 contrahebant,
1338 952 1572 1007 honesta
1606 954 1765 1007 nimi-

134 1043 258 1078 rum
283 1033 398 1077 tam
420 1025 709 1076 inhonesto
733 1021 956 1076 uinculo
985 1023 1243 1093 coniugia
1267 1025 1576 1078 iuncturae.

244 1095 326 1147 16.
376 1094 522 1147 Nam
555 1094 853 1146 Persarum
888 1094 1189 1158 admodum
1224 1095 1514 1166 probabile
1548 1097 1766 1149 institu-

135 1174 254 1219 tum
299 1165 432 1232 fuit,
482 1165 629 1236 quod
667 1163 871 1219 liberos
910 1183 1039 1218 suos
1075 1184 1187 1219 non
1221 1165 1374 1237 prius
1422 1167 1769 1237 aspiciebant

136 1238 301 1308 quam
327 1235 620 1307 septimum
655 1254 856 1289 annum
890 1234 1225 1306 inplessent,
1264 1256 1371 1307 quo
1407 1237 1768 1309 paruulorum
1791 1255 1833 1289 15

136 1307 486 1362 amissionem
513 1307 769 1378 aequiore
796 1306 978 1360 animo
1007 1307 1357 1360 sustinerent.

244 1379 326 1431 17.
366 1377 451 1430 Ne
476 1377 773 1431 Numidiae
809 1377 1031 1448 quidem
1056 1396 1213 1448 reges
1251 1378 1635 1448 uituperandi,
1675 1379 1768 1450 qui

134 1467 286 1502 more
311 1448 492 1519 gentis
520 1467 651 1501 suae
687 1447 824 1501 nulli
858 1447 1173 1502 mortalium
1209 1448 1459 1503 osculum
1492 1449 1766 1503 ferebant.

135 1518 406 1591 quidquid
431 1520 576 1572 enim
599 1519 658 1571 in
684 1518 902 1573 excelso
928 1519 1152 1590 fastigio
1178 1521 1422 1591 positum
1442 1527 1550 1589 est,
1577 1519 1770 1573 humili

136 1598 191 1643 et
215 1591 348 1643 trita
373 1590 799 1657 consuetudine,
846 1608 950 1661 quo
979 1591 1053 1644 sit
1085 1591 1484 1659 uenerabilius,
1530 1610 1767 1646 uacuum
1790 1611 1833 1643 20

138 1678 259 1714 esse
284 1661 558 1715 conuenit.

267 1850 309 1884 b
392 1799 521 1854 VII.
579 1804 679 1853 DE
710 1804 1114 1854 DISCIPLINA
1151 1806 1507 1855 MILITARI.

243 1899 423 1953 Venio
462 1917 608 1953 nunc
644 1898 717 1952 ad
752 1899 1113 1971 praecipuum
1151 1899 1318 1954 decus
1358 1908 1412 1954 et
1448 1902 1520 1954 ad
1555 1899 1765 1955 stabili-

139 2050 223 2094 15„
253 2047 302 2092 In
328 2046 478 2093 Africa
505 2045 653 2092 Cirtae
689 2046 844 2093 sanum
872 2053 944 2093 est
968 2047 1181 2100 Veneris,
1217 2049 1264 2094 in
1291 2049 1416 2110 quod
1450 2063 1500 2095 se
1525 2055 1762 2095 matronae
1785 2058 1878 2092 Par.

138 2117 458 2169 conferebant,
495 2123 631 2177 atque
658 2116 761 2163 inde
787 2118 1092 2179 procedentes
1120 2119 1175 2165 ad
1202 2126 1444 2179 quaestum
1470 2120 1622 2166 dotem
1646 2119 1764 2165 iniu-
1788 2130 1830 2163 25

139 2190 206 2235 ria
232 2189 445 2250 corporis
473 2188 820 2234 contrahebant.
884 2191 953 2234 16.
991 2189 1155 2236 Persae
1180 2189 1354 2237 liberos
1382 2205 1491 2237 suos
1518 2205 1609 2238 non
1636 2193 1764 2252 prius

139 2258 418 2320 aspiciebant
443 2272 578 2320 quam
604 2261 848 2320 septimum
876 2274 1042 2307 annum
1070 2261 1388 2322 conplessent‚
1428 2277 1519 2323 quo
1546 2261 1764 2323 paruolo-

139 2344 240 2376 rum
267 2331 558 2376 amissionem
596 2331 814 2390 aequiore
841 2332 990 2378 animo
1020 2331 1207 2378 ferrent.
1273 2335 1343 2379 17.
1375 2333 1595 2379 Numidae
1633 2346 1765 2392 reges

138 2413 265 2446 more
288 2402 438 2459 gentis
467 2413 575 2447 suae
601 2399 716 2446 nulli
742 2401 1006 2449 mortalium
1034 2403 1242 2450 osculum
1268 2403 1501 2455 ferebant,
1537 2410 1591 2450 ut
1617 2404 1782 2464 digni->

139 2476 210 2516 tas
237 2471 519 2516 consentiret
543 2472 752 2531 imperio.
1787 2485 1830 2516 30

254 2608 279 2646 2
309 2607 563 2659 potentiam
589 2610 772 2660 glossam
793 2621 885 2650 esse
905 2611 1015 2651 uidit
1041 2610 1166 2652 Torr.
1228 2613 1254 2651 3
1282 2610 1509 2663 lyciorum
1529 2610 1572 2650 B
1602 2612 1646 2650 in
1674 2624 1764 2652 ras.

140 2663 166 2704 5
195 2663 357 2704 uxoria
386 2667 414 2704 5
443 2664 567 2704 codd.
604 2663 729 2705 Torr.
768 2671 812 2704 et
838 2678 900 2705 m:
938 2666 1083 2707 uxorfi
1115 2665 1175 2718 (ᾖ
1201 2668 1245 2706 in
1271 2667 1389 2718 ras.)
1418 2667 1475 2715 B,
1515 2667 1672 2707 uxoris
1705 2670 1761 2708 al.

141 2719 166 2760 ’1
189 2720 320 2761 cuius
341 2720 366 2760 b
425 2722 451 2762 8
483 2719 641 2761 Cirtae
663 2721 705 2760 P
723 2725 764 2761 et
785 2722 828 2761 in
848 2734 936 2763 ras.
959 2722 1035 2762 B:—
1057 2722 1215 2763 siccae
1237 2724 1358 2770 decc„
1391 2722 1513 2777 apud
1536 2724 1764 2765 cii-tenses

123 2775 250 2829 ἆνερ.
313 2778 367 2818 10
390 2775 448 2818 ad
470 2790 547 2818 om.
570 2777 613 2816 P
631 2783 672 2818 et
691 2778 735 2818 in
755 2790 844 2820 raa.
865 2777 909 2817 B
969 2779 1020 2818 11
1043 2777 1196 2820 dotem
1216 2779 1279 2820 P:
1312 2779 1431 2821 dotis
1453 2779 1509 2830 B,
1533 2781 1591 2832 cf.
1602 2781 1761 2834 Nepot.

140 2833 194 2872 12
218 2833 423 2887 coniugii
450 2834 667 2875 iunctura
691 2833 715 2875 b
778 2836 830 2876 13
859 2834 953 2875 iam
982 2835 1026 2875 B
1054 2848 1168 2876 corr.
1201 2849 1224 2876 e
1253 2849 1360 2877 nam
1404 2838 1474 2878 -15
1498 2835 1653 2890 quaB
1673 2850 1708 2878 s.
1734 2840 1760 2880 l.

57 2902 60 2907 ·
143 2889 197 2928 17.
215 2889 431 2930 numidae
453 2891 505 2938 P,
536 2891 653 2933 haud
670 2893 760 2933 scio
782 2905 836 2932 an
856 2897 973 2933 recte
1034 2893 1087 2933 19
1110 2892 1332 2946 quicquid
1353 2893 1396 2934 B
1413 2890 1435 2948 Η
1455 2895 1607 2948 posito
1630 2887 1685 2933 B'
1728 2888 1744 2903 ⁶

253 2946 307 2986 25
330 2945 387 2986 ad
408 2959 485 2988 om.
516 2947 558 2987 V
1219 2986 1222 2993 .

1426 3019 1459 3071 6
1476 3023 1501 3051 ³1²
