<?xml version="1.0" encoding="UTF-8"?>
<!DOCTYPE html PUBLIC "-//W3C//DTD XHTML 1.0 Transitional//EN"
    "http://www.w3.org/TR/xhtml1/DTD/xhtml1-transitional.dtd">
<html xmlns="http://www.w3.org/1999/xhtml" xml:lang="en" lang="en">
 <head>
  <title>
</title>
<meta http-equiv="Content-Type" content="text/html;charset=utf-8" />
  <meta name='ocr-system' content='tesseract 3.04.00' />
  <meta name='ocr-capabilities' content='ocr_page ocr_carea ocr_par ocr_line ocrx_word'/>
</head>
<body>
  <div class='ocr_page' id='page_1' title='image "./factorumetdictor00valeuoft_0272.png"; bbox 0 0 1924 3152; ppageno 0'>
   <div class='ocr_carea' id='block_1_1' title="bbox 1245 0 1924 89">
    <p class='ocr_par' dir='ltr' id='par_1_1' title="bbox 1245 0 1924 89">
     <span class='ocr_line' id='line_1_1' title="bbox 1245 0 1924 40; baseline 0 3112"><span class='ocrx_word' id='word_1_1' title='bbox 1245 0 1924 40; x_wconf 95' lang='lat' dir='ltr'><strong> </strong></span> 
     </span>
     <span class='ocr_line' id='line_1_2' title="bbox 1367 40 1877 89; baseline 0 3063"><span class='ocrx_word' id='word_1_2' title='bbox 1367 40 1877 89; x_wconf 95' lang='lat' dir='ltr'><strong> </strong></span> 
     </span>
    </p>
   </div>
   <div class='ocr_carea' id='block_1_2' title="bbox 17 0 1924 85">
    <p class='ocr_par' dir='ltr' id='par_1_2' title="bbox 17 0 1924 85">
     <span class='ocr_line' id='line_1_3' title="bbox 17 0 1924 27; baseline 0 -13"><span class='ocrx_word' id='word_1_3' title='bbox 17 0 183 27; x_wconf 32' lang='lat' dir='ltr'><strong>Q*</strong></span> <span class='ocrx_word' id='word_1_4' title='bbox 292 0 320 5; x_wconf 73' lang='lat'>-</span> <span class='ocrx_word' id='word_1_5' title='bbox 394 1 399 4; x_wconf 65' lang='grc'><em>”</em></span> <span class='ocrx_word' id='word_1_6' title='bbox 475 16 477 18; x_wconf 66' lang='grc'><strong>,</strong></span> <span class='ocrx_word' id='word_1_7' title='bbox 502 3 503 6; x_wconf 49' lang='lat'>¹</span> <span class='ocrx_word' id='word_1_8' title='bbox 583 5 587 9; x_wconf 77' lang='lat'><strong>·</strong></span> <span class='ocrx_word' id='word_1_9' title='bbox 628 1 629 7; x_wconf 62' lang='lat'>¹</span> <span class='ocrx_word' id='word_1_10' title='bbox 670 15 672 18; x_wconf 27' lang='lat' dir='ltr'>v</span> <span class='ocrx_word' id='word_1_11' title='bbox 726 4 738 10; x_wconf 65' lang='grc'><strong>»-</strong></span> <span class='ocrx_word' id='word_1_12' title='bbox 772 0 811 14; x_wconf 57' lang='lat'><strong>:;;.</strong></span> <span class='ocrx_word' id='word_1_13' title='bbox 830 0 855 25; x_wconf 33' lang='lat'><strong>*2</strong></span> <span class='ocrx_word' id='word_1_14' title='bbox 869 0 884 10; x_wconf 67' lang='grc' dir='ltr'><strong>-τ</strong></span> <span class='ocrx_word' id='word_1_15' title='bbox 896 0 1381 27; x_wconf 33' lang='lat' dir='ltr'><strong>ss*Qaaxywaffeyzxffizgm‚ly-:7³7</strong></span> <span class='ocrx_word' id='word_1_16' title='bbox 1406 3 1429 23; x_wconf 66' lang='lat'><strong>:2</strong></span> <span class='ocrx_word' id='word_1_17' title='bbox 1445 2 1450 7; x_wconf 89' lang='lat'><strong>·</strong></span> <span class='ocrx_word' id='word_1_18' title='bbox 1467 24 1469 27; x_wconf 92' lang='lat'>.</span> <span class='ocrx_word' id='word_1_19' title='bbox 1525 20 1529 21; x_wconf 51' lang='lat'><strong>.</strong></span> <span class='ocrx_word' id='word_1_20' title='bbox 1701 11 1704 14; x_wconf 85' lang='lat'><strong>.</strong></span> <span class='ocrx_word' id='word_1_21' title='bbox 1798 12 1802 13; x_wconf 60' lang='lat'><strong>.</strong></span> <span class='ocrx_word' id='word_1_22' title='bbox 1920 0 1924 4; x_wconf 83' lang='lat'>·</span> 
     </span>
     <span class='ocr_line' id='line_1_4' title="bbox 146 18 1875 43; baseline 0.001 -10"><span class='ocrx_word' id='word_1_23' title='bbox 146 25 172 33; x_wconf 43' lang='lat' dir='ltr'>x</span> <span class='ocrx_word' id='word_1_24' title='bbox 185 18 264 32; x_wconf 48' lang='lat'><strong>⁸²&amp;</strong></span> <span class='ocrx_word' id='word_1_25' title='bbox 470 27 476 30; x_wconf 43' lang='grc' dir='ltr'><em>ν</em></span> <span class='ocrx_word' id='word_1_26' title='bbox 840 32 842 34; x_wconf 79' lang='grc'>,</span> <span class='ocrx_word' id='word_1_27' title='bbox 932 24 934 26; x_wconf 62' lang='grc'>’</span> <span class='ocrx_word' id='word_1_28' title='bbox 999 28 1004 35; x_wconf 82' lang='grc'><em>,</em></span> <span class='ocrx_word' id='word_1_29' title='bbox 1064 26 1068 33; x_wconf 79' lang='grc'>;</span> <span class='ocrx_word' id='word_1_30' title='bbox 1106 27 1117 34; x_wconf 40' lang='lat'><strong>&lt;1</strong></span> <span class='ocrx_word' id='word_1_31' title='bbox 1243 24 1261 36; x_wconf 60' lang='grc' dir='ltr'><strong>,ν</strong></span> <span class='ocrx_word' id='word_1_32' title='bbox 1279 27 1321 40; x_wconf 34' lang='grc' dir='ltr'><strong>,κη</strong></span> <span class='ocrx_word' id='word_1_33' title='bbox 1331 29 1339 40; x_wconf 86' lang='lat'><strong>·.</strong></span> <span class='ocrx_word' id='word_1_34' title='bbox 1389 26 1418 38; x_wconf 64' lang='lat' dir='ltr'><strong>s.</strong></span> <span class='ocrx_word' id='word_1_35' title='bbox 1464 23 1475 40; x_wconf 66' lang='lat' dir='ltr'><strong>vg</strong></span> <span class='ocrx_word' id='word_1_36' title='bbox 1487 31 1497 42; x_wconf 57' lang='lat'><strong>:.</strong></span> <span class='ocrx_word' id='word_1_37' title='bbox 1561 31 1577 42; x_wconf 35' lang='lat' dir='ltr'><strong>..A</strong></span> <span class='ocrx_word' id='word_1_38' title='bbox 1600 40 1603 41; x_wconf 54' lang='lat'><strong>.</strong></span> <span class='ocrx_word' id='word_1_39' title='bbox 1646 27 1648 29; x_wconf 43' lang='grc' dir='ltr'><strong>ν</strong></span> <span class='ocrx_word' id='word_1_40' title='bbox 1759 31 1766 38; x_wconf 78' lang='grc'><strong>,</strong></span> <span class='ocrx_word' id='word_1_41' title='bbox 1791 23 1818 43; x_wconf 55' lang='lat' dir='ltr'><strong>.ss</strong></span> <span class='ocrx_word' id='word_1_42' title='bbox 1865 26 1875 34; x_wconf 82' lang='grc' dir='ltr'><em>ι</em></span> 
     </span>
     <span class='ocr_line' id='line_1_5' title="bbox 1094 39 1924 75; baseline 0 -9"><span class='ocrx_word' id='word_1_43' title='bbox 1094 46 1104 62; x_wconf 41' lang='lat'><strong>¹*</strong></span> <span class='ocrx_word' id='word_1_44' title='bbox 1222 39 1255 67; x_wconf 43' lang='lat' dir='ltr'><strong>JK.</strong></span> <span class='ocrx_word' id='word_1_45' title='bbox 1286 52 1290 55; x_wconf 55' lang='lat'>&lt;</span> <span class='ocrx_word' id='word_1_46' title='bbox 1347 41 1375 67; x_wconf 47' lang='lat'><strong>3⁸:</strong></span> <span class='ocrx_word' id='word_1_47' title='bbox 1402 41 1450 64; x_wconf 49' lang='lat' dir='ltr'><strong>f«</strong></span> <span class='ocrx_word' id='word_1_48' title='bbox 1463 42 1472 55; x_wconf 70' lang='lat'><strong>²⁴</strong></span> <span class='ocrx_word' id='word_1_49' title='bbox 1483 42 1494 56; x_wconf 64' lang='lat'><strong>²¹</strong></span> <span class='ocrx_word' id='word_1_50' title='bbox 1572 53 1598 67; x_wconf 56' lang='lat' dir='ltr'><strong>‚w-</strong></span> <span class='ocrx_word' id='word_1_51' title='bbox 1647 42 1658 46; x_wconf 45' lang='lat'><strong>&#39;⁷</strong></span> <span class='ocrx_word' id='word_1_52' title='bbox 1711 43 1719 47; x_wconf 61' lang='lat'>⁰</span> <span class='ocrx_word' id='word_1_53' title='bbox 1738 62 1743 70; x_wconf 85' lang='grc'>,</span> <span class='ocrx_word' id='word_1_54' title='bbox 1754 41 1773 75; x_wconf 41' lang='grc' dir='ltr'><strong>’ρ</strong></span> <span class='ocrx_word' id='word_1_55' title='bbox 1843 52 1855 66; x_wconf 62' lang='lat' dir='ltr'><strong>a</strong></span> <span class='ocrx_word' id='word_1_56' title='bbox 1907 55 1924 66; x_wconf 44' lang='grc' dir='ltr'><strong>κ..</strong></span> 
     </span>
     <span class='ocr_line' id='line_1_6' title="bbox 1645 77 1658 85; baseline 0 0"><span class='ocrx_word' id='word_1_57' title='bbox 1645 77 1658 85; x_wconf 59' lang='lat' dir='ltr'><strong>-v</strong></span> 
     </span>
    </p>
   </div>
   <div class='ocr_carea' id='block_1_3' title="bbox 222 139 1121 209">
    <p class='ocr_par' dir='ltr' id='par_1_3' title="bbox 222 139 1121 209">
     <span class='ocr_line' id='line_1_7' title="bbox 222 139 1121 209; baseline 0.001 -19"><span class='ocrx_word' id='word_1_58' title='bbox 222 139 329 190; x_wconf 78' lang='lat'><strong>244</strong></span> <span class='ocrx_word' id='word_1_59' title='bbox 672 203 679 209; x_wconf 14' lang='lat' dir='ltr'><em>j</em></span> <span class='ocrx_word' id='word_1_60' title='bbox 940 147 1038 190; x_wconf 71' lang='grc'><strong>113.</strong></span> <span class='ocrx_word' id='word_1_61' title='bbox 1078 146 1121 191; x_wconf 80' lang='lat' dir='ltr'><strong>v,</strong></span> 
     </span>
    </p>
   </div>
   <div class='ocr_carea' id='block_1_4' title="bbox 0 244 1834 2351">
    <p class='ocr_par' dir='ltr' id='par_1_4' title="bbox 139 244 1834 1702">
     <span class='ocr_line' id='line_1_8' title="bbox 222 244 1833 320; baseline 0.006 -19"><span class='ocrx_word' id='word_1_62' title='bbox 222 249 531 315; x_wconf 80' lang='lat' dir='ltr'><strong>noluerant,</strong></span> <span class='ocrx_word' id='word_1_63' title='bbox 569 268 741 318; x_wconf 90' lang='lat' dir='ltr'><strong>paene</strong></span> <span class='ocrx_word' id='word_1_64' title='bbox 767 250 1089 320; x_wconf 87' lang='lat' dir='ltr'><strong>pestiferum</strong></span> <span class='ocrx_word' id='word_1_65' title='bbox 1124 244 1388 306; x_wconf 82' lang='lat' dir='ltr'><strong>aduersus</strong></span> <span class='ocrx_word' id='word_1_66' title='bbox 1424 273 1482 307; x_wconf 85' lang='lat' dir='ltr'><strong>se</strong></span> <span class='ocrx_word' id='word_1_67' title='bbox 1521 255 1712 308; x_wconf 85' lang='lat' dir='ltr'><strong>ducem</strong></span> <span class='ocrx_word' id='word_1_68' title='bbox 1738 275 1833 309; x_wconf 81' lang='lat' dir='ltr'><strong>ex·</strong></span> 
     </span>
     <span class='ocr_line' id='line_1_9' title="bbox 220 319 1831 390; baseline 0.006 -20"><span class='ocrx_word' id='word_1_69' title='bbox 220 320 546 390; x_wconf 89' lang='lat' dir='ltr'><strong>perirentur.</strong></span> <span class='ocrx_word' id='word_1_70' title='bbox 602 319 916 390; x_wconf 88' lang='lat' dir='ltr'><strong>frequenter</strong></span> <span class='ocrx_word' id='word_1_71' title='bbox 942 323 1083 374; x_wconf 91' lang='lat' dir='ltr'><strong>enim</strong></span> <span class='ocrx_word' id='word_1_72' title='bbox 1108 324 1244 375; x_wconf 87' lang='lat' dir='ltr'><strong>fusis</strong></span> <span class='ocrx_word' id='word_1_73' title='bbox 1273 325 1600 378; x_wconf 78' lang='lat' dir='ltr'><strong>exercitibus</strong></span> <span class='ocrx_word' id='word_1_74' title='bbox 1625 327 1831 379; x_wconf 83' lang='lat' dir='ltr'><strong>nostris</strong></span> 
     </span>
     <span class='ocr_line' id='line_1_10' title="bbox 219 389 1834 460; baseline 0.005 -21"><span class='ocrx_word' id='word_1_75' title='bbox 219 389 574 440; x_wconf 87' lang='lat' dir='ltr'><strong>uictoriarum</strong></span> <span class='ocrx_word' id='word_1_76' title='bbox 610 408 830 442; x_wconf 88' lang='lat' dir='ltr'><strong>suarum</strong></span> <span class='ocrx_word' id='word_1_77' title='bbox 868 391 1131 460; x_wconf 83' lang='lat' dir='ltr'>gradibus</span> <span class='ocrx_word' id='word_1_78' title='bbox 1170 393 1378 446; x_wconf 90' lang='lat' dir='ltr'><strong>aditum</strong></span> <span class='ocrx_word' id='word_1_79' title='bbox 1423 395 1580 447; x_wconf 90' lang='lat' dir='ltr'><strong>iuxta</strong></span> <span class='ocrx_word' id='word_1_80' title='bbox 1614 397 1834 450; x_wconf 84' lang='lat' dir='ltr'><strong>moenia</strong></span> 
     </span>
     <span class='ocr_line' id='line_1_11' title="bbox 218 459 1827 535; baseline 0.005 -25"><span class='ocrx_word' id='word_1_81' title='bbox 218 459 370 511; x_wconf 87' lang='lat' dir='ltr'><strong>urbis</strong></span> <span class='ocrx_word' id='word_1_82' title='bbox 415 459 616 513; x_wconf 87' lang='lat' dir='ltr'><strong>Volsco</strong></span> <span class='ocrx_word' id='word_1_83' title='bbox 661 460 819 513; x_wconf 89' lang='lat' dir='ltr'><strong>militi</strong></span> <span class='ocrx_word' id='word_1_84' title='bbox 855 463 1071 515; x_wconf 82' lang='lat' dir='ltr'><strong>struxit.</strong></span> <span class='ocrx_word' id='word_1_85' title='bbox 1143 474 1473 535; x_wconf 85' lang='lat' dir='ltr'><strong>quapropter</strong></span> <span class='ocrx_word' id='word_1_86' title='bbox 1506 465 1827 519; x_wconf 84' lang='lat' dir='ltr'><strong>fastidiosus</strong></span> 
     </span>
     <span class='ocr_line' id='line_1_12' title="bbox 175 528 1831 605; baseline 0.005 -26"><span class='ocrx_word' id='word_1_87' title='bbox 175 548 195 579; x_wconf 85' lang='lat'>5</span> <span class='ocrx_word' id='word_1_88' title='bbox 217 528 307 580; x_wconf 92' lang='lat' dir='ltr'><strong>ille</strong></span> <span class='ocrx_word' id='word_1_89' title='bbox 334 530 391 580; x_wconf 90' lang='lat' dir='ltr'><strong>in</strong></span> <span class='ocrx_word' id='word_1_90' title='bbox 417 529 772 582; x_wconf 81' lang='lat' dir='ltr'><strong>aestimandis</strong></span> <span class='ocrx_word' id='word_1_91' title='bbox 810 532 966 583; x_wconf 91' lang='lat' dir='ltr'><strong>bonis</strong></span> <span class='ocrx_word' id='word_1_92' title='bbox 1006 534 1116 585; x_wconf 89' lang='lat' dir='ltr'><strong>suis</strong></span> <span class='ocrx_word' id='word_1_93' title='bbox 1153 534 1385 604; x_wconf 89' lang='lat' dir='ltr'><strong>populus</strong></span> <span class='ocrx_word' id='word_1_94' title='bbox 1398 575 1413 602; x_wconf 86' lang='grc'>,</span> <span class='ocrx_word' id='word_1_95' title='bbox 1465 537 1557 605; x_wconf 87' lang='lat' dir='ltr'><strong>qui</strong></span> <span class='ocrx_word' id='word_1_96' title='bbox 1591 554 1683 588; x_wconf 89' lang='lat' dir='ltr'><strong>reo</strong></span> <span class='ocrx_word' id='word_1_97' title='bbox 1718 554 1831 588; x_wconf 92' lang='lat' dir='ltr'><strong>non</strong></span> 
     </span>
     <span class='ocr_line' id='line_1_13' title="bbox 217 600 1826 674; baseline 0.006 -25"><span class='ocrx_word' id='word_1_98' title='bbox 217 607 561 669; x_wconf 75' lang='lat' dir='ltr'><strong>pepercerat,</strong></span> <span class='ocrx_word' id='word_1_99' title='bbox 613 600 762 652; x_wconf 89' lang='lat' dir='ltr'><strong>exuli</strong></span> <span class='ocrx_word' id='word_1_100' title='bbox 806 610 1027 654; x_wconf 90' lang='lat' dir='ltr'><strong>coactus</strong></span> <span class='ocrx_word' id='word_1_101' title='bbox 1070 611 1152 654; x_wconf 91' lang='lat' dir='ltr'><strong>est</strong></span> <span class='ocrx_word' id='word_1_102' title='bbox 1188 604 1511 674; x_wconf 82' lang='lat' dir='ltr'><strong>supplicare.</strong></span> <span class='ocrx_word' id='word_1_103' title='bbox 1573 607 1730 658; x_wconf 89' lang='lat' dir='ltr'><strong>missi</strong></span> <span class='ocrx_word' id='word_1_104' title='bbox 1756 607 1826 658; x_wconf 91' lang='lat' dir='ltr'><strong>ad</strong></span> 
     </span>
     <span class='ocr_line' id='line_1_14' title="bbox 217 669 1827 744; baseline 0.004 -23"><span class='ocrx_word' id='word_1_105' title='bbox 217 688 340 721; x_wconf 92' lang='lat' dir='ltr'><strong>eum</strong></span> <span class='ocrx_word' id='word_1_106' title='bbox 391 669 795 739; x_wconf 87' lang='lat' dir='ltr'><strong>deprecandum</strong></span> <span class='ocrx_word' id='word_1_107' title='bbox 846 671 1013 740; x_wconf 85' lang='lat' dir='ltr'><strong>legati</strong></span> <span class='ocrx_word' id='word_1_108' title='bbox 1063 673 1199 724; x_wconf 90' lang='lat' dir='ltr'><strong>nihil</strong></span> <span class='ocrx_word' id='word_1_109' title='bbox 1243 675 1616 744; x_wconf 84' lang='lat' dir='ltr'><strong>profecerunt:</strong></span> <span class='ocrx_word' id='word_1_110' title='bbox 1669 676 1827 727; x_wconf 87' lang='lat' dir='ltr'><strong>missi</strong></span> 
     </span>
     <span class='ocr_line' id='line_1_15' title="bbox 216 739 1825 798; baseline 0.005 -8"><span class='ocrx_word' id='word_1_111' title='bbox 216 739 411 791; x_wconf 90' lang='lat' dir='ltr'><strong>deinde</strong></span> <span class='ocrx_word' id='word_1_112' title='bbox 439 741 751 793; x_wconf 78' lang='lat' dir='ltr'><strong>sacerdotes</strong></span> <span class='ocrx_word' id='word_1_113' title='bbox 781 759 901 792; x_wconf 91' lang='lat' dir='ltr'><strong>cum</strong></span> <span class='ocrx_word' id='word_1_114' title='bbox 929 742 1118 794; x_wconf 85' lang='lat' dir='ltr'><strong>infulis</strong></span> <span class='ocrx_word' id='word_1_115' title='bbox 1155 762 1217 795; x_wconf 91' lang='lat' dir='ltr'><strong>ae</strong></span> <span class='ocrx_word' id='word_1_116' title='bbox 1297 763 1325 796; x_wconf 90' lang='lat' dir='ltr'><strong>e</strong></span> <span class='ocrx_word' id='word_1_117' title='bbox 1361 746 1478 796; x_wconf 89' lang='lat' dir='ltr'><strong>sine</strong></span> <span class='ocrx_word' id='word_1_118' title='bbox 1515 745 1708 798; x_wconf 86' lang='lat' dir='ltr'><strong>effectu</strong></span> <span class='ocrx_word' id='word_1_119' title='bbox 1743 765 1825 798; x_wconf 88' lang='lat' dir='ltr'><strong>re-</strong></span> 
     </span>
     <span class='ocr_line' id='line_1_16' title="bbox 215 754 1825 886; baseline 0.004 -26"><span class='ocrx_word' id='word_1_120' title='bbox 215 810 449 861; x_wconf 88' lang='lat' dir='ltr'><strong>dierunt.</strong></span> <span class='ocrx_word' id='word_1_121' title='bbox 518 811 774 879; x_wconf 88' lang='lat' dir='ltr'><strong>stupebat</strong></span> <span class='ocrx_word' id='word_1_122' title='bbox 801 819 1048 878; x_wconf 84' lang='lat' dir='ltr'><strong>senatus,</strong></span> <span class='ocrx_word' id='word_1_123' title='bbox 1088 754 1401 882; x_wconf 34' lang='lat' dir='ltr'><strong>trepidabat</strong></span> <span class='ocrx_word' id='word_1_124' title='bbox 1425 814 1689 886; x_wconf 81' lang='lat' dir='ltr'><strong>populus,</strong></span> <span class='ocrx_word' id='word_1_125' title='bbox 1716 817 1825 867; x_wconf 90' lang='lat' dir='ltr'><strong>uiri</strong></span> 
     </span>
     <span class='ocr_line' id='line_1_17' title="bbox 148 879 1825 950; baseline 0.006 -23"><span class='ocrx_word' id='word_1_126' title='bbox 148 898 189 929; x_wconf 89' lang='lat'><strong>10</strong></span> <span class='ocrx_word' id='word_1_127' title='bbox 211 880 418 950; x_wconf 88' lang='lat' dir='ltr'><strong>pariter</strong></span> <span class='ocrx_word' id='word_1_128' title='bbox 444 898 506 931; x_wconf 92' lang='lat' dir='ltr'><strong>ac</strong></span> <span class='ocrx_word' id='word_1_129' title='bbox 532 879 786 933; x_wconf 91' lang='lat' dir='ltr'><strong>mulieres</strong></span> <span class='ocrx_word' id='word_1_130' title='bbox 813 882 1038 933; x_wconf 90' lang='lat' dir='ltr'><strong>exitium</strong></span> <span class='ocrx_word' id='word_1_131' title='bbox 1057 883 1345 935; x_wconf 88' lang='lat' dir='ltr'><strong>imminens</strong></span> <span class='ocrx_word' id='word_1_132' title='bbox 1365 883 1825 938; x_wconf 85' lang='lat' dir='ltr'><strong>lamentabantur.</strong></span> 
     </span>
     <span class='ocr_line' id='line_1_18' title="bbox 213 950 1824 1019; baseline 0.004 -17"><span class='ocrx_word' id='word_1_133' title='bbox 213 960 344 1002; x_wconf 90' lang='grc'><strong>111110</strong></span> <span class='ocrx_word' id='word_1_134' title='bbox 370 950 628 1016; x_wconf 81' lang='lat' dir='ltr'><strong>Veturia,</strong></span> <span class='ocrx_word' id='word_1_135' title='bbox 671 950 947 1004; x_wconf 81' lang='lat' dir='ltr'><strong>Coriolani</strong></span> <span class='ocrx_word' id='word_1_136' title='bbox 973 960 1171 1019; x_wconf 77' lang='lat' dir='ltr'><strong>mater,</strong></span> <span class='ocrx_word' id='word_1_137' title='bbox 1210 953 1560 1006; x_wconf 90' lang='lat' dir='ltr'><strong>Volumniam</strong></span> <span class='ocrx_word' id='word_1_138' title='bbox 1594 973 1824 1008; x_wconf 88' lang='lat' dir='ltr'><strong>uxorem</strong></span> 
     </span>
     <span class='ocr_line' id='line_1_19' title="bbox 212 1019 1821 1096; baseline 0.004 -25"><span class='ocrx_word' id='word_1_139' title='bbox 212 1021 328 1072; x_wconf 88' lang='lat' dir='ltr'><strong>eius</strong></span> <span class='ocrx_word' id='word_1_140' title='bbox 357 1027 409 1071; x_wconf 91' lang='lat' dir='ltr'><strong>et</strong></span> <span class='ocrx_word' id='word_1_141' title='bbox 433 1019 631 1072; x_wconf 87' lang='lat' dir='ltr'><strong>liberos</strong></span> <span class='ocrx_word' id='word_1_142' title='bbox 661 1039 843 1072; x_wconf 87' lang='lat' dir='ltr'><strong>secum</strong></span> <span class='ocrx_word' id='word_1_143' title='bbox 876 1022 1097 1074; x_wconf 81' lang='lat' dir='ltr'><strong>trahens</strong></span> <span class='ocrx_word' id='word_1_144' title='bbox 1113 1063 1126 1089; x_wconf 82' lang='grc'>,</span> <span class='ocrx_word' id='word_1_145' title='bbox 1164 1031 1348 1075; x_wconf 88' lang='lat' dir='ltr'><strong>castra</strong></span> <span class='ocrx_word' id='word_1_146' title='bbox 1373 1023 1699 1077; x_wconf 88' lang='lat' dir='ltr'><strong>Volscorum</strong></span> <span class='ocrx_word' id='word_1_147' title='bbox 1731 1044 1821 1096; x_wconf 89' lang='lat' dir='ltr'><strong>pe·</strong></span> 
     </span>
     <span class='ocr_line' id='line_1_20' title="bbox 210 1090 1823 1163; baseline 0.004 -22"><span class='ocrx_word' id='word_1_148' title='bbox 210 1090 315 1142; x_wconf 90' lang='lat' dir='ltr'><strong>tiit.</strong></span> <span class='ocrx_word' id='word_1_149' title='bbox 378 1108 540 1160; x_wconf 89' lang='lat' dir='ltr'><strong>quam</strong></span> <span class='ocrx_word' id='word_1_150' title='bbox 566 1091 659 1143; x_wconf 91' lang='lat' dir='ltr'><strong>ubi</strong></span> <span class='ocrx_word' id='word_1_151' title='bbox 685 1091 828 1143; x_wconf 91' lang='lat' dir='ltr'><strong>filius</strong></span> <span class='ocrx_word' id='word_1_152' title='bbox 858 1094 1091 1162; x_wconf 75' lang='lat' dir='ltr'><strong>aspexit,</strong></span> <span class='ocrx_word' id='word_1_153' title='bbox 1131 1095 1500 1163; x_wconf 72' lang='lat' dir='ltr'><strong>‘expugnasti&#39;</strong></span> <span class='ocrx_word' id='word_1_154' title='bbox 1537 1095 1595 1146; x_wconf 93' lang='lat' dir='ltr'><strong>in</strong></span> <span class='ocrx_word' id='word_1_155' title='bbox 1634 1095 1716 1148; x_wconf 88' lang='lat' dir='ltr'><strong>uit</strong></span> <span class='ocrx_word' id='word_1_156' title='bbox 1750 1100 1823 1148; x_wconf 75' lang='lat' dir='ltr'><strong>‘et</strong></span> 
     </span>
     <span class='ocr_line' id='line_1_21' title="bbox 208 1161 1821 1233; baseline 0.004 -22"><span class='ocrx_word' id='word_1_157' title='bbox 208 1161 394 1213; x_wconf 89' lang='lat' dir='ltr'><strong>uicisti</strong></span> <span class='ocrx_word' id='word_1_158' title='bbox 420 1161 558 1211; x_wconf 90' lang='lat' dir='ltr'><strong>iram</strong></span> <span class='ocrx_word' id='word_1_159' title='bbox 584 1179 788 1228; x_wconf 78' lang='lat' dir='ltr'><strong>meam,</strong></span> <span class='ocrx_word' id='word_1_160' title='bbox 827 1163 1037 1233; x_wconf 84' lang='lat' dir='ltr'><strong>patria,</strong></span> <span class='ocrx_word' id='word_1_161' title='bbox 1076 1164 1330 1233; x_wconf 86' lang='lat' dir='ltr'><strong>precibus</strong></span> <span class='ocrx_word' id='word_1_162' title='bbox 1365 1164 1526 1216; x_wconf 89' lang='lat' dir='ltr'><strong>huius</strong></span> <span class='ocrx_word' id='word_1_163' title='bbox 1562 1183 1594 1216; x_wconf 93' lang='lat' dir='ltr'><strong>a</strong></span> <span class='ocrx_word' id='word_1_164' title='bbox 1634 1166 1821 1231; x_wconf 81' lang='lat' dir='ltr'><strong>motis,</strong></span> 
     </span>
     <span class='ocr_line' id='line_1_22' title="bbox 144 1230 1822 1301; baseline 0.005 -23"><span class='ocrx_word' id='word_1_165' title='bbox 144 1247 184 1279; x_wconf 85' lang='lat'><strong>15</strong></span> <span class='ocrx_word' id='word_1_166' title='bbox 209 1230 360 1282; x_wconf 87' lang='grc'><strong>0111118</strong></span> <span class='ocrx_word' id='word_1_167' title='bbox 388 1238 544 1284; x_wconf 87' lang='lat' dir='ltr'><strong>utero</strong></span> <span class='ocrx_word' id='word_1_168' title='bbox 565 1234 814 1301; x_wconf 90' lang='lat' dir='ltr'><strong>quamuis</strong></span> <span class='ocrx_word' id='word_1_169' title='bbox 841 1234 1034 1285; x_wconf 91' lang='lat' dir='ltr'><strong>merito</strong></span> <span class='ocrx_word' id='word_1_170' title='bbox 1062 1233 1196 1285; x_wconf 91' lang='lat' dir='ltr'><strong>mihi</strong></span> <span class='ocrx_word' id='word_1_171' title='bbox 1222 1234 1461 1289; x_wconf 74' lang='lat' dir='ltr'><strong>inuisam.</strong></span> <span class='ocrx_word' id='word_1_172' title='bbox 1485 1233 1666 1301; x_wconf 88' lang='lat' dir='ltr'><strong>dono&#39;,</strong></span> <span class='ocrx_word' id='word_1_173' title='bbox 1694 1253 1822 1288; x_wconf 84' lang='lat' dir='ltr'><strong>con·</strong></span> 
     </span>
     <span class='ocr_line' id='line_1_23' title="bbox 205 1300 1818 1370; baseline 0.002 -18"><span class='ocrx_word' id='word_1_174' title='bbox 205 1300 466 1370; x_wconf 89' lang='lat' dir='ltr'><strong>tinuoque</strong></span> <span class='ocrx_word' id='word_1_175' title='bbox 491 1320 685 1370; x_wconf 84' lang='lat' dir='ltr'><strong>agrum</strong></span> <span class='ocrx_word' id='word_1_176' title='bbox 704 1301 1010 1354; x_wconf 83' lang='lat' dir='ltr'><strong>Romanum</strong></span> <span class='ocrx_word' id='word_1_177' title='bbox 1035 1302 1326 1357; x_wconf 86' lang='lat' dir='ltr'><strong>hostilibus</strong></span> <span class='ocrx_word' id='word_1_178' title='bbox 1355 1305 1520 1357; x_wconf 87' lang='lat' dir='ltr'><strong>armis</strong></span> <span class='ocrx_word' id='word_1_179' title='bbox 1548 1304 1818 1358; x_wconf 90' lang='lat' dir='ltr'><strong>liberauit.</strong></span> 
     </span>
     <span class='ocr_line' id='line_1_24' title="bbox 207 1371 1816 1448; baseline 0.003 -26"><span class='ocrx_word' id='word_1_180' title='bbox 207 1389 334 1440; x_wconf 88' lang='lat' dir='ltr'><strong>ergo</strong></span> <span class='ocrx_word' id='word_1_181' title='bbox 362 1378 549 1440; x_wconf 90' lang='lat' dir='ltr'><strong>pectus</strong></span> <span class='ocrx_word' id='word_1_182' title='bbox 579 1371 766 1425; x_wconf 89' lang='lat' dir='ltr'><strong>dolore</strong></span> <span class='ocrx_word' id='word_1_183' title='bbox 793 1381 1048 1442; x_wconf 80' lang='lat' dir='ltr'><strong>acceptae</strong></span> <span class='ocrx_word' id='word_1_184' title='bbox 1084 1374 1342 1438; x_wconf 80' lang='lat' dir='ltr'><strong>iniuriae,</strong></span> <span class='ocrx_word' id='word_1_185' title='bbox 1395 1393 1490 1444; x_wconf 90' lang='lat' dir='ltr'><strong>spe</strong></span> <span class='ocrx_word' id='word_1_186' title='bbox 1525 1376 1816 1448; x_wconf 78' lang='lat' dir='ltr'><strong>potiendae</strong></span> 
     </span>
     <span class='ocr_line' id='line_1_25' title="bbox 205 1441 1817 1510; baseline 0.003 -18"><span class='ocrx_word' id='word_1_187' title='bbox 205 1441 500 1506; x_wconf 83' lang='lat' dir='ltr'><strong>uictoriae,</strong></span> <span class='ocrx_word' id='word_1_188' title='bbox 550 1442 882 1494; x_wconf 89' lang='lat' dir='ltr'><strong>uerecundia</strong></span> <span class='ocrx_word' id='word_1_189' title='bbox 918 1443 1258 1495; x_wconf 87' lang='lat' dir='ltr'><strong>detrectandi</strong></span> <span class='ocrx_word' id='word_1_190' title='bbox 1302 1445 1614 1510; x_wconf 84' lang='lat' dir='ltr'><strong>ministerii,</strong></span> <span class='ocrx_word' id='word_1_191' title='bbox 1666 1453 1817 1497; x_wconf 88' lang='lat' dir='ltr'><strong>metu</strong></span> 
     </span>
     <span class='ocr_line' id='line_1_26' title="bbox 164 1510 1816 1583; baseline 0.003 -22"><span class='ocrx_word' id='word_1_192' title='bbox 164 1566 174 1573; x_wconf 53' lang='grc'><strong>,</strong></span> <span class='ocrx_word' id='word_1_193' title='bbox 204 1512 394 1562; x_wconf 87' lang='lat' dir='ltr'><strong>mortis</strong></span> <span class='ocrx_word' id='word_1_194' title='bbox 423 1510 711 1578; x_wconf 80' lang='lat' dir='ltr'><strong>refertum,</strong></span> <span class='ocrx_word' id='word_1_195' title='bbox 740 1519 917 1564; x_wconf 90' lang='lat' dir='ltr'><strong>totum</strong></span> <span class='ocrx_word' id='word_1_196' title='bbox 941 1513 1048 1565; x_wconf 87' lang='lat' dir='ltr'><strong>sibi</strong></span> <span class='ocrx_word' id='word_1_197' title='bbox 1074 1514 1247 1583; x_wconf 89' lang='lat' dir='ltr'><strong>pietas</strong></span> <span class='ocrx_word' id='word_1_198' title='bbox 1276 1512 1601 1580; x_wconf 86' lang='lat' dir='ltr'><strong>uacuefecit‚</strong></span> <span class='ocrx_word' id='word_1_199' title='bbox 1629 1515 1816 1566; x_wconf 87' lang='lat' dir='ltr'><strong>unius-</strong></span> 
     </span>
     <span class='ocr_line' id='line_1_27' title="bbox 139 1582 1818 1654; baseline 0.004 -24"><span class='ocrx_word' id='word_1_200' title='bbox 139 1597 181 1630; x_wconf 84' lang='lat'><strong>20</strong></span> <span class='ocrx_word' id='word_1_201' title='bbox 205 1599 310 1650; x_wconf 89' lang='lat' dir='ltr'><strong>que</strong></span> <span class='ocrx_word' id='word_1_202' title='bbox 360 1582 602 1651; x_wconf 90' lang='lat' dir='ltr'><strong>parentis</strong></span> <span class='ocrx_word' id='word_1_203' title='bbox 649 1590 898 1652; x_wconf 89' lang='lat' dir='ltr'><strong>aspectus</strong></span> <span class='ocrx_word' id='word_1_204' title='bbox 938 1582 1141 1635; x_wconf 91' lang='lat' dir='ltr'><strong>bellum</strong></span> <span class='ocrx_word' id='word_1_205' title='bbox 1193 1591 1352 1635; x_wconf 87' lang='lat' dir='ltr'><strong>atrox</strong></span> <span class='ocrx_word' id='word_1_206' title='bbox 1403 1582 1631 1636; x_wconf 83' lang='lat' dir='ltr'><strong>salutari</strong></span> <span class='ocrx_word' id='word_1_207' title='bbox 1680 1603 1818 1654; x_wconf 85' lang='lat' dir='ltr'><strong>pace</strong></span> 
     </span>
     <span class='ocr_line' id='line_1_28' title="bbox 203 1651 458 1702; baseline -0.004 0"><span class='ocrx_word' id='word_1_208' title='bbox 203 1651 458 1702; x_wconf 88' lang='lat' dir='ltr'><strong>mutauit.</strong></span> 
     </span>
    </p>

    <p class='ocr_par' dir='ltr' id='par_1_5' title="bbox 202 1720 1820 1931">
     <span class='ocr_line' id='line_1_29' title="bbox 307 1720 1818 1790; baseline 0.003 -19"><span class='ocrx_word' id='word_1_209' title='bbox 307 1720 357 1772; x_wconf 79' lang='lat'><strong>2.</strong></span> <span class='ocrx_word' id='word_1_210' title='bbox 399 1720 607 1772; x_wconf 88' lang='lat' dir='ltr'><strong>Eadem</strong></span> <span class='ocrx_word' id='word_1_211' title='bbox 644 1722 818 1790; x_wconf 84' lang='lat' dir='ltr'><strong>pietas</strong></span> <span class='ocrx_word' id='word_1_212' title='bbox 853 1723 1064 1775; x_wconf 89' lang='lat' dir='ltr'><strong>uiribus</strong></span> <span class='ocrx_word' id='word_1_213' title='bbox 1102 1724 1212 1774; x_wconf 87' lang='lat' dir='ltr'><strong>suis</strong></span> <span class='ocrx_word' id='word_1_214' title='bbox 1247 1722 1641 1775; x_wconf 87' lang='lat' dir='ltr'><strong>inflammatum</strong></span> <span class='ocrx_word' id='word_1_215' title='bbox 1668 1723 1818 1776; x_wconf 87' lang='lat' dir='ltr'><strong>Afri·-</strong></span> 
     </span>
     <span class='ocr_line' id='line_1_30' title="bbox 202 1792 1820 1862; baseline 0.002 -20"><span class='ocrx_word' id='word_1_216' title='bbox 202 1808 395 1842; x_wconf 87' lang='lat' dir='ltr'><strong>canum</strong></span> <span class='ocrx_word' id='word_1_217' title='bbox 423 1792 757 1860; x_wconf 86' lang='lat' dir='ltr'><strong>superiorem</strong></span> <span class='ocrx_word' id='word_1_218' title='bbox 790 1792 1023 1844; x_wconf 83' lang='lat' dir='ltr'><strong>uixdum</strong></span> <span class='ocrx_word' id='word_1_219' title='bbox 1059 1811 1231 1846; x_wconf 87' lang='lat' dir='ltr'><strong>annos</strong></span> <span class='ocrx_word' id='word_1_220' title='bbox 1272 1792 1597 1862; x_wconf 88' lang='lat' dir='ltr'><strong>puerilitatis</strong></span> <span class='ocrx_word' id='word_1_221' title='bbox 1635 1805 1820 1862; x_wconf 54' lang='lat' dir='ltr'><strong>egres:</strong></span> 
     </span>
     <span class='ocr_line' id='line_1_31' title="bbox 203 1861 1813 1931; baseline 0.002 -19"><span class='ocrx_word' id='word_1_222' title='bbox 203 1880 322 1912; x_wconf 87' lang='lat' dir='ltr'><strong>sum</strong></span> <span class='ocrx_word' id='word_1_223' title='bbox 350 1861 422 1913; x_wconf 83' lang='lat' dir='ltr'><strong>ad</strong></span> <span class='ocrx_word' id='word_1_224' title='bbox 449 1879 606 1931; x_wconf 91' lang='lat' dir='ltr'><strong>opem</strong></span> <span class='ocrx_word' id='word_1_225' title='bbox 631 1863 776 1931; x_wconf 88' lang='lat' dir='ltr'><strong>patri</strong></span> <span class='ocrx_word' id='word_1_226' title='bbox 801 1863 859 1913; x_wconf 91' lang='lat' dir='ltr'><strong>in</strong></span> <span class='ocrx_word' id='word_1_227' title='bbox 885 1863 1001 1914; x_wconf 90' lang='lat' dir='ltr'><strong>acie</strong></span> <span class='ocrx_word' id='word_1_228' title='bbox 1028 1862 1311 1914; x_wconf 90' lang='lat' dir='ltr'><strong>ferendam</strong></span> <span class='ocrx_word' id='word_1_229' title='bbox 1335 1862 1482 1914; x_wconf 86' lang='lat' dir='ltr'><strong>uirili</strong></span> <span class='ocrx_word' id='word_1_230' title='bbox 1507 1863 1704 1916; x_wconf 89' lang='lat' dir='ltr'><strong>robore</strong></span> <span class='ocrx_word' id='word_1_231' title='bbox 1729 1883 1813 1916; x_wconf 88' lang='lat' dir='ltr'><strong>ar-</strong></span> 
     </span>
    </p>

    <p class='ocr_par' dir='ltr' id='par_1_6' title="bbox 0 1931 1814 2194">
     <span class='ocr_line' id='line_1_32' title="bbox 0 1931 1814 2001; baseline 0.003 -22"><span class='ocrx_word' id='word_1_232' title='bbox 0 1962 74 1981; x_wconf 40' lang='lat' dir='ltr'><strong>a„</strong></span> <span class='ocrx_word' id='word_1_233' title='bbox 124 1948 178 1997; x_wconf 55' lang='lat'><strong>—25</strong></span> <span class='ocrx_word' id='word_1_234' title='bbox 201 1931 389 1982; x_wconf 90' lang='lat' dir='ltr'><strong>mauit.</strong></span> <span class='ocrx_word' id='word_1_235' title='bbox 455 1931 732 1983; x_wconf 90' lang='lat' dir='ltr'><strong>consulem</strong></span> <span class='ocrx_word' id='word_1_236' title='bbox 778 1933 920 1984; x_wconf 83' lang='lat' dir='ltr'><strong>enim</strong></span> <span class='ocrx_word' id='word_1_237' title='bbox 965 1952 1088 1984; x_wconf 91' lang='lat' dir='ltr'><strong>eum</strong></span> <span class='ocrx_word' id='word_1_238' title='bbox 1134 1933 1281 2001; x_wconf 88' lang='lat' dir='ltr'><strong>apud</strong></span> <span class='ocrx_word' id='word_1_239' title='bbox 1315 1933 1568 1984; x_wconf 86' lang='lat' dir='ltr'><strong>Ticinum</strong></span> <span class='ocrx_word' id='word_1_240' title='bbox 1613 1932 1814 1986; x_wconf 90' lang='lat' dir='ltr'><strong>fiumen</strong></span> 
     </span>
     <span class='ocr_line' id='line_1_33' title="bbox 201 2001 1811 2072; baseline 0.002 -20"><span class='ocrx_word' id='word_1_241' title='bbox 201 2001 446 2052; x_wconf 84' lang='lat' dir='ltr'><strong>adversis</strong></span> <span class='ocrx_word' id='word_1_242' title='bbox 475 2002 734 2070; x_wconf 88' lang='lat' dir='ltr'><strong>auspiciis</strong></span> <span class='ocrx_word' id='word_1_243' title='bbox 763 2021 885 2053; x_wconf 89' lang='lat' dir='ltr'><strong>cum</strong></span> <span class='ocrx_word' id='word_1_244' title='bbox 913 2002 1222 2055; x_wconf 87' lang='lat' dir='ltr'><strong>Hannibale</strong></span> <span class='ocrx_word' id='word_1_245' title='bbox 1247 2011 1604 2072; x_wconf 85' lang='lat' dir='ltr'><strong>pugnantem,</strong></span> <span class='ocrx_word' id='word_1_246' title='bbox 1632 2004 1811 2072; x_wconf 84' lang='lat' dir='ltr'><strong>graui-</strong></span> 
     </span>
     <span class='ocr_line' id='line_1_34' title="bbox 197 2071 1813 2142; baseline 0.002 -21"><span class='ocrx_word' id='word_1_247' title='bbox 197 2077 282 2121; x_wconf 86' lang='lat' dir='ltr'><strong>ter</strong></span> <span class='ocrx_word' id='word_1_248' title='bbox 309 2071 555 2122; x_wconf 89' lang='lat' dir='ltr'><strong>saucium</strong></span> <span class='ocrx_word' id='word_1_249' title='bbox 580 2072 883 2123; x_wconf 87' lang='lat' dir='ltr'><strong>intercessu</strong></span> <span class='ocrx_word' id='word_1_250' title='bbox 910 2091 1005 2124; x_wconf 88' lang='lat' dir='ltr'><strong>suo</strong></span> <span class='ocrx_word' id='word_1_251' title='bbox 1033 2073 1301 2138; x_wconf 86' lang='lat' dir='ltr'><strong>seruauit,</strong></span> <span class='ocrx_word' id='word_1_252' title='bbox 1338 2091 1511 2142; x_wconf 91' lang='lat' dir='ltr'><strong>neque</strong></span> <span class='ocrx_word' id='word_1_253' title='bbox 1537 2072 1691 2125; x_wconf 90' lang='lat' dir='ltr'><strong>illum</strong></span> <span class='ocrx_word' id='word_1_254' title='bbox 1716 2081 1813 2125; x_wconf 89' lang='lat' dir='ltr'><strong>aut</strong></span> 
     </span>
     <span class='ocr_line' id='line_1_35' title="bbox 198 2139 1810 2194; baseline 0.002 -3"><span class='ocrx_word' id='word_1_255' title='bbox 198 2139 393 2192; x_wconf 89' lang='lat' dir='ltr'><strong>aetatis</strong></span> <span class='ocrx_word' id='word_1_256' title='bbox 419 2140 709 2192; x_wconf 88' lang='lat' dir='ltr'><strong>infirmitas</strong></span> <span class='ocrx_word' id='word_1_257' title='bbox 738 2149 833 2192; x_wconf 91' lang='lat' dir='ltr'><strong>aut</strong></span> <span class='ocrx_word' id='word_1_258' title='bbox 858 2140 1087 2193; x_wconf 90' lang='lat' dir='ltr'><strong>militiae</strong></span> <span class='ocrx_word' id='word_1_259' title='bbox 1113 2142 1426 2194; x_wconf 81' lang='lat' dir='ltr'><strong>tirocinium</strong></span> <span class='ocrx_word' id='word_1_260' title='bbox 1453 2148 1547 2192; x_wconf 92' lang='lat' dir='ltr'><strong>aut</strong></span> <span class='ocrx_word' id='word_1_261' title='bbox 1572 2141 1810 2194; x_wconf 83' lang='lat' dir='ltr'><strong>infelicis</strong></span> 
     </span>
    </p>

    <p class='ocr_par' dir='ltr' id='par_1_7' title="bbox 57 2204 1809 2351">
     <span class='ocr_line' id='line_1_36' title="bbox 57 2204 1809 2280; baseline 0.001 -20"><span class='ocrx_word' id='word_1_262' title='bbox 57 2204 68 2243; x_wconf 76' lang='lat' dir='ltr'><strong>l</strong></span> <span class='ocrx_word' id='word_1_263' title='bbox 197 2208 391 2279; x_wconf 88' lang='lat' dir='ltr'><strong>proelii</strong></span> <span class='ocrx_word' id='word_1_264' title='bbox 427 2209 588 2260; x_wconf 89' lang='lat' dir='ltr'><strong>etiam</strong></span> <span class='ocrx_word' id='word_1_265' title='bbox 623 2218 882 2263; x_wconf 91' lang='lat' dir='ltr'><strong>ueterano</strong></span> <span class='ocrx_word' id='word_1_266' title='bbox 920 2210 1173 2263; x_wconf 89' lang='lat' dir='ltr'><strong>bellatori</strong></span> <span class='ocrx_word' id='word_1_267' title='bbox 1206 2211 1666 2280; x_wconf 88' lang='lat' dir='ltr'><strong>pertimescendus</strong></span> <span class='ocrx_word' id='word_1_268' title='bbox 1696 2212 1809 2264; x_wconf 87' lang='lat' dir='ltr'><strong>exi-</strong></span> 
     </span>
     <span class='ocr_line' id='line_1_37' title="bbox 133 2278 1808 2351; baseline 0.004 -23"><span class='ocrx_word' id='word_1_269' title='bbox 133 2295 176 2329; x_wconf 89' lang='lat'><strong>30</strong></span> <span class='ocrx_word' id='word_1_270' title='bbox 200 2287 286 2332; x_wconf 87' lang='lat' dir='ltr'><strong>tus</strong></span> <span class='ocrx_word' id='word_1_271' title='bbox 312 2278 664 2349; x_wconf 88' lang='lat' dir='ltr'><strong>interpellare</strong></span> <span class='ocrx_word' id='word_1_272' title='bbox 689 2280 861 2332; x_wconf 90' lang='lat' dir='ltr'><strong>ualuit</strong></span> <span class='ocrx_word' id='word_1_273' title='bbox 871 2321 885 2346; x_wconf 67' lang='lat'>7</span> <span class='ocrx_word' id='word_1_274' title='bbox 914 2299 1019 2350; x_wconf 89' lang='lat' dir='ltr'><strong>quo</strong></span> <span class='ocrx_word' id='word_1_275' title='bbox 1047 2280 1225 2332; x_wconf 89' lang='lat' dir='ltr'><strong>minus</strong></span> <span class='ocrx_word' id='word_1_276' title='bbox 1254 2280 1456 2351; x_wconf 89' lang='lat' dir='ltr'><strong>duplici</strong></span> <span class='ocrx_word' id='word_1_277' title='bbox 1482 2279 1659 2348; x_wconf 83' lang='lat' dir='ltr'><strong>gloria</strong></span> <span class='ocrx_word' id='word_1_278' title='bbox 1683 2300 1808 2335; x_wconf 91' lang='lat' dir='ltr'><strong>con-</strong></span> 
     </span>
    </p>
   </div>
   <div class='ocr_carea' id='block_1_5' title="bbox 82 2407 1808 2684">
    <p class='ocr_par' dir='ltr' id='par_1_8' title="bbox 82 2407 1808 2684">
     <span class='ocr_line' id='line_1_38' title="bbox 82 2407 1808 2472; baseline 0.004 -20"><span class='ocrx_word' id='word_1_279' title='bbox 82 2419 171 2453; x_wconf 79' lang='lat' dir='ltr'><strong>Par.</strong></span> <span class='ocrx_word' id='word_1_280' title='bbox 196 2427 239 2471; x_wconf 90' lang='lat' dir='ltr'><strong>p.</strong></span> <span class='ocrx_word' id='word_1_281' title='bbox 269 2411 316 2456; x_wconf 88' lang='lat' dir='ltr'><strong>R.</strong></span> <span class='ocrx_word' id='word_1_282' title='bbox 346 2418 574 2471; x_wconf 84' lang='lat' dir='ltr'><strong>parasset,</strong></span> <span class='ocrx_word' id='word_1_283' title='bbox 614 2407 750 2457; x_wconf 80' lang='lat' dir='ltr'><strong>nullis</strong></span> <span class='ocrx_word' id='word_1_284' title='bbox 777 2413 987 2472; x_wconf 84' lang='lat' dir='ltr'><strong>precibus</strong></span> <span class='ocrx_word' id='word_1_285' title='bbox 1014 2421 1188 2463; x_wconf 84' lang='lat' dir='ltr'><strong>motus,</strong></span> <span class='ocrx_word' id='word_1_286' title='bbox 1226 2412 1380 2458; x_wconf 85' lang='lat' dir='ltr'><strong>matris</strong></span> <span class='ocrx_word' id='word_1_287' title='bbox 1407 2420 1451 2457; x_wconf 87' lang='grc'><strong>01</strong></span> <span class='ocrx_word' id='word_1_288' title='bbox 1477 2415 1631 2459; x_wconf 86' lang='lat' dir='ltr'><strong>uxoris</strong></span> <span class='ocrx_word' id='word_1_289' title='bbox 1657 2414 1808 2459; x_wconf 88' lang='lat' dir='ltr'><strong>uictus</strong></span> 
     </span>
     <span class='ocr_line' id='line_1_39' title="bbox 195 2482 1806 2546; baseline 0.002 -20"><span class='ocrx_word' id='word_1_290' title='bbox 195 2488 265 2526; x_wconf 87' lang='lat' dir='ltr'><strong>est</strong></span> <span class='ocrx_word' id='word_1_291' title='bbox 291 2482 503 2527; x_wconf 83' lang='lat' dir='ltr'><strong>lacrimis.</strong></span> <span class='ocrx_word' id='word_1_292' title='bbox 564 2487 602 2527; x_wconf 77' lang='lat'><strong>2.</strong></span> <span class='ocrx_word' id='word_1_293' title='bbox 642 2482 792 2543; x_wconf 76' lang='lat' dir='ltr'><strong>Scipio</strong></span> <span class='ocrx_word' id='word_1_294' title='bbox 819 2483 1056 2546; x_wconf 68' lang='lat' dir='ltr'><strong>Africanus</strong></span> <span class='ocrx_word' id='word_1_295' title='bbox 1083 2498 1181 2528; x_wconf 89' lang='lat' dir='ltr'><strong>cum</strong></span> <span class='ocrx_word' id='word_1_296' title='bbox 1220 2483 1365 2528; x_wconf 86' lang='lat' dir='ltr'><strong>adhuc</strong></span> <span class='ocrx_word' id='word_1_297' title='bbox 1390 2489 1700 2542; x_wconf 83' lang='lat' dir='ltr'><strong>praetextatus</strong></span> <span class='ocrx_word' id='word_1_298' title='bbox 1736 2497 1806 2529; x_wconf 89' lang='lat' dir='ltr'><strong>es-</strong></span> 
     </span>
     <span class='ocr_line' id='line_1_40' title="bbox 197 2552 1805 2613; baseline 0.001 -17"><span class='ocrx_word' id='word_1_299' title='bbox 197 2559 286 2602; x_wconf 84' lang='lat' dir='ltr'><strong>set,</strong></span> <span class='ocrx_word' id='word_1_300' title='bbox 329 2559 503 2612; x_wconf 80' lang='lat' dir='ltr'><strong>patrem</strong></span> <span class='ocrx_word' id='word_1_301' title='bbox 540 2567 671 2597; x_wconf 89' lang='lat' dir='ltr'><strong>suum</strong></span> <span class='ocrx_word' id='word_1_302' title='bbox 712 2553 943 2598; x_wconf 88' lang='lat' dir='ltr'><strong>consulem</strong></span> <span class='ocrx_word' id='word_1_303' title='bbox 979 2554 1096 2613; x_wconf 83' lang='lat' dir='ltr'><strong>apud</strong></span> <span class='ocrx_word' id='word_1_304' title='bbox 1135 2554 1337 2598; x_wconf 84' lang='lat' dir='ltr'><strong>Ticinum</strong></span> <span class='ocrx_word' id='word_1_305' title='bbox 1377 2552 1566 2598; x_wconf 87' lang='lat' dir='ltr'><strong>fluuium</strong></span> <span class='ocrx_word' id='word_1_306' title='bbox 1603 2553 1805 2598; x_wconf 86' lang='lat' dir='ltr'><strong>aduersis</strong></span> 
     </span>
     <span class='ocr_line' id='line_1_41' title="bbox 195 2623 1805 2684; baseline 0.001 -18"><span class='ocrx_word' id='word_1_307' title='bbox 195 2623 409 2681; x_wconf 81' lang='lat' dir='ltr'><strong>auspiciis</strong></span> <span class='ocrx_word' id='word_1_308' title='bbox 437 2637 538 2668; x_wconf 88' lang='lat' dir='ltr'><strong>cum</strong></span> <span class='ocrx_word' id='word_1_309' title='bbox 559 2623 802 2668; x_wconf 83' lang='lat' dir='ltr'><strong>Hannibale</strong></span> <span class='ocrx_word' id='word_1_310' title='bbox 830 2631 1106 2684; x_wconf 83' lang='lat' dir='ltr'><strong>pugnantem</strong></span> <span class='ocrx_word' id='word_1_311' title='bbox 1135 2624 1337 2683; x_wconf 77' lang='lat' dir='ltr'><strong>grauiter</strong></span> <span class='ocrx_word' id='word_1_312' title='bbox 1362 2625 1561 2668; x_wconf 84' lang='lat' dir='ltr'><strong>saucium</strong></span> <span class='ocrx_word' id='word_1_313' title='bbox 1589 2623 1805 2682; x_wconf 78' lang='lat' dir='ltr'><strong>protexit.</strong></span> 
     </span>
    </p>
   </div>
   <div class='ocr_carea' id='block_1_6' title="bbox 190 2758 1804 2966">
    <p class='ocr_par' dir='ltr' id='par_1_9' title="bbox 190 2758 1804 2966">
     <span class='ocr_line' id='line_1_42' title="bbox 308 2758 1804 2812; baseline 0.001 -15"><span class='ocrx_word' id='word_1_314' title='bbox 308 2760 357 2797; x_wconf 92' lang='grc'><strong>11</strong></span> <span class='ocrx_word' id='word_1_315' title='bbox 382 2762 528 2798; x_wconf 84' lang='lat' dir='ltr'><strong>mater</strong></span> <span class='ocrx_word' id='word_1_316' title='bbox 549 2772 625 2798; x_wconf 85' lang='lat' dir='ltr'><strong>om.</strong></span> <span class='ocrx_word' id='word_1_317' title='bbox 648 2759 690 2798; x_wconf 90' lang='lat' dir='ltr'><em>B</em></span> <span class='ocrx_word' id='word_1_318' title='bbox 708 2761 833 2812; x_wconf 82' lang='lat' dir='ltr'><strong>prob.</strong></span> <span class='ocrx_word' id='word_1_319' title='bbox 855 2761 1103 2800; x_wconf 77' lang='lat' dir='ltr'><strong>Foertsclzio</strong></span> <span class='ocrx_word' id='word_1_320' title='bbox 1125 2759 1165 2805; x_wconf 94' lang='lat' dir='ltr'><strong>I,</strong></span> <span class='ocrx_word' id='word_1_321' title='bbox 1189 2762 1245 2798; x_wconf 83' lang='lat'><strong>22</strong></span> <span class='ocrx_word' id='word_1_322' title='bbox 1307 2760 1358 2799; x_wconf 84' lang='lat'><strong>15</strong></span> <span class='ocrx_word' id='word_1_323' title='bbox 1387 2761 1517 2798; x_wconf 83' lang='lat' dir='ltr'><strong>utero</strong></span> <span class='ocrx_word' id='word_1_324' title='bbox 1541 2758 1607 2797; x_wconf 83' lang='lat' dir='ltr'><strong>B:</strong></span> <span class='ocrx_word' id='word_1_325' title='bbox 1637 2760 1738 2800; x_wconf 81' lang='lat' dir='ltr'><strong>add.</strong></span> <span class='ocrx_word' id='word_1_326' title='bbox 1760 2760 1804 2798; x_wconf 81' lang='lat' dir='ltr'><strong>in</strong></span> 
     </span>
     <span class='ocr_line' id='line_1_43' title="bbox 191 2808 1802 2870; baseline 0.002 -18"><span class='ocrx_word' id='word_1_327' title='bbox 191 2818 268 2870; x_wconf 56' lang='grc' dir='ltr'><strong>ιφ.</strong></span> <span class='ocrx_word' id='word_1_328' title='bbox 291 2818 338 2853; x_wconf 86' lang='grc'><strong>10</strong></span> <span class='ocrx_word' id='word_1_329' title='bbox 359 2828 480 2854; x_wconf 72' lang='lat' dir='ltr'><strong>mame</strong></span> <span class='ocrx_word' id='word_1_330' title='bbox 503 2815 720 2855; x_wconf 81' lang='lat' dir='ltr'><strong>admodum</strong></span> <span class='ocrx_word' id='word_1_331' title='bbox 740 2818 903 2856; x_wconf 81' lang='lat' dir='ltr'><strong>recenti</strong></span> <span class='ocrx_word' id='word_1_332' title='bbox 962 2818 1013 2857; x_wconf 89' lang='lat'><strong>18</strong></span> <span class='ocrx_word' id='word_1_333' title='bbox 1034 2815 1358 2856; x_wconf 85' lang='lat' dir='ltr'><strong>uerecundiam</strong></span> <span class='ocrx_word' id='word_1_334' title='bbox 1379 2808 1434 2853; x_wconf 89' lang='lat' dir='ltr'><strong>B&#39;</strong></span> <span class='ocrx_word' id='word_1_335' title='bbox 1493 2815 1545 2855; x_wconf 77' lang='lat'><strong>23</strong></span> <span class='ocrx_word' id='word_1_336' title='bbox 1568 2827 1802 2866; x_wconf 83' lang='lat' dir='ltr'><strong>egressum</strong></span> 
     </span>
     <span class='ocr_line' id='line_1_44' title="bbox 190 2868 1802 2966; baseline 0.001 -57"><span class='ocrx_word' id='word_1_337' title='bbox 190 2868 283 2966; x_wconf 47' lang='lat' dir='ltr'><strong>gie‘lofl</strong></span> <span class='ocrx_word' id='word_1_338' title='bbox 295 2870 394 2965; x_wconf 44' lang='lat' dir='ltr'><strong>ligr-&#39;i</strong></span> <span class='ocrx_word' id='word_1_339' title='bbox 412 2870 863 2966; x_wconf 39' lang='lat' dir='ltr'><strong>gfflssffpingoessum</strong></span> <span class='ocrx_word' id='word_1_340' title='bbox 887 2872 926 2911; x_wconf 89' lang='lat' dir='ltr'><em>B</em></span> <span class='ocrx_word' id='word_1_341' title='bbox 958 2871 1234 2924; x_wconf 85' lang='lat' dir='ltr'><strong>(pubertatis</strong></span> <span class='ocrx_word' id='word_1_342' title='bbox 1257 2872 1510 2922; x_wconf 80' lang='lat' dir='ltr'><strong>ingressum</strong></span> <span class='ocrx_word' id='word_1_343' title='bbox 1533 2869 1687 2921; x_wconf 79' lang='lat' dir='ltr'><strong>Aldus)</strong></span> <span class='ocrx_word' id='word_1_344' title='bbox 1746 2870 1802 2910; x_wconf 83' lang='lat'><strong>25</strong></span> 
     </span>
    </p>
   </div>
  </div>
 </body>
</html>
