1936 3120
569 140 687 187 CAP.
714 140 802 191 1111,
831 141 861 199 3
887 144 928 186 5.
964 140 1060 186 Ext.
1090 141 1120 200 g
1147 144 1185 186 1.
1214 146 1254 187 2.
1294 143 1343 194 v,
1371 142 1401 201 g
1430 146 1466 188 1.
1726 139 1833 193 355

205 246 640 316 quadringentos
665 249 872 318 equites
895 248 1239 315 subornauit,
1261 250 1353 320 qui
1373 248 1633 303 simulata
1652 259 1830 304 trans-

203 316 375 370 itione
401 317 678 388 petierunt
705 317 985 375 consulem
1002 358 1016 384 ,
1063 337 1096 370 a
1116 338 1222 389 quo
1250 320 1387 372 iussi
1412 339 1562 373 more
1589 321 1828 374 transfu-

203 405 399 457 garum
443 387 710 458 depositis
756 390 923 440 armis
967 389 1025 440 in
1067 388 1318 441 ultimam
1361 409 1579 460 pugnae
1614 401 1828 462 partem

204 458 475 525 secedere,
505 459 782 511 destrictis
810 458 1032 528 gladiis,
1061 477 1196 530 quos
1222 461 1368 513 inter
1393 463 1608 514 tunicas
1630 471 1684 515 et
1701 461 1828 514 lori-

203 546 294 580 cas
321 528 672 595 abdiderant,
696 529 932 600 poplites
960 531 1323 600 pugnantium
1344 531 1717 585 Romanorum
1744 551 1826 585 ee·
1849 548 1871 593 5

201 599 471 652 ciderunt.
522 598 658 651 haee
683 600 790 652 fuit
808 600 1018 652 Punica
1038 601 1325 668 fortitudo,
1359 601 1499 655 dolis
1530 611 1585 655 et
1610 603 1828 655 insidiis

202 677 257 722 et
289 669 512 722 fallacia
545 668 842 723 instructa:
899 683 1038 742 quae
1074 691 1219 724 nune
1255 674 1562 725 certissima
1596 675 1828 726 eircum-

201 748 401 792 uentae
438 741 661 793 uirtutis
698 750 920 794 nostrae
959 743 1244 795 excusatio
1283 751 1393 809 est,
1441 744 1698 814 quoniam
1737 743 1838 797 de-'

203 811 348 881 cepti
374 813 548 880 magis
577 830 739 882 quam
764 813 899 864 uicti
926 832 1131 864 sumus.

712 952 782 1004 V.
823 957 923 1004 DE
948 957 1308 1006 REPVLSIS.
1849 971 1891 1003 10

310 1050 505 1122 Campi
532 1070 746 1122 quoque
766 1061 1181 1121 repraesentata
1202 1053 1450 1106 condicio
1476 1054 1827 1107 ambitiosam

199 1121 560 1191 ingredientis
587 1123 734 1174 uiam
762 1123 834 1174 ad
861 1123 1058 1174 fortius
1097 1123 1443 1176 sustinendos
1482 1143 1677 1194 parum
1704 1143 1827 1195 pro·-

202 1211 391 1262 speros
419 1193 766 1253 comitiorum
796 1201 1022 1245 euentus
1060 1194 1269 1245 utiliter
1305 1195 1657 1260 instruxerit,
1697 1195 1827 1265 quia

199 1263 500 1333 propositis
529 1271 654 1316 ante
684 1263 870 1317 oeulos
900 1263 1329 1317 clarissimorum
1364 1266 1610 1319 uirorum
1647 1264 1825 1335 repul-

201 1334 274 1386 sis
301 1341 364 1386 ut
388 1351 497 1386 non
523 1333 733 1386 minore
769 1354 894 1387 eum
933 1354 1028 1405 spe
1062 1335 1323 1400 honores,
1359 1335 1437 1387 ita
1471 1335 1826 1405 prudentiore
1850 1349 1892 1382 15

199 1423 323 1457 cum
351 1404 519 1455 animi
545 1404 749 1458 iudicio
788 1412 998 1475 petent,
1036 1406 1490 1476 meminerintque
1526 1406 1682 1457 nefas
1717 1424 1827 1458 non

199 1493 321 1527 esse
357 1473 566 1546 aliquid
605 1475 674 1528 ab
713 1476 966 1528 omnibus
1003 1475 1098 1527 uni
1133 1477 1350 1544 negari,
1390 1495 1512 1528 eum
1541 1495 1702 1546 saepe
1727 1495 1824 1528 nu·

199 1564 349 1598 mero
396 1545 602 1614 singuli
650 1554 972 1598 cunctorum
1014 1547 1396 1599 uoluntatibus
1444 1539 1699 1599 resi'stere
1738 1546 1824 1598 fas

200 1633 321 1668 esse
349 1615 628 1682 duxerint,
659 1615 891 1669 seientes
920 1617 1085 1669 etiam
1112 1617 1381 1686 patientia
1408 1618 1597 1687 quaeri
1624 1616 1825 1669 debere

199 1685 344 1757 quod
372 1686 552 1755 gratia
578 1687 861 1756 impetrari
887 1688 1174 1757 nequierit.
1847 1702 1889 1735 20

310 1757 357 1808 1.
383 1756 449 1822 Q.
477 1755 670 1808 Aelius
693 1757 937 1823 Tubero,
967 1776 999 1808 a
1028 1757 1093 1822 Q.
1125 1757 1300 1809 Fabio
1327 1757 1571 1809 Maximo
1603 1757 1823 1826 epulum

198 1826 399 1898 populo
436 1827 657 1879 nomine
684 1828 744 1878 P.
773 1827 1026 1879 Africani
1061 1827 1244 1896 patrui
1285 1827 1368 1878 sui
1406 1827 1570 1879 dante
1597 1835 1823 1895 rogatus

197 1906 260 1950 ut
294 1896 594 1950 triclinium
633 1905 924 1961 sterneret,
970 1897 1199 1949 lectulos
1236 1898 1542 1950 Punicanos
1588 1897 1823 1966 pellibus

197 1967 450 2020 haedinis
487 1968 686 2020 strauit
723 1975 775 2020 et
809 1987 908 2038 pro
945 1969 1219 2037 argenteis
1255 1969 1405 2019 uasis
1434 1967 1620 2020 Samia
1657 1986 1821 2037 expo-

200 2039 326 2091 suit.
389 2039 545 2091 euius
573 2039 653 2090 rei
682 2038 1004 2092 deformitas
1042 2039 1120 2090 sie
1155 2037 1400 2091 homines
1437 2038 1692 2102 offendit,
1739 2046 1820 2103 ut,
1846 2052 1890 2086 25

199 2186 562 2232 trucidarentur:
614 2193 849 2247 postremo
888 2198 1016 2232 0000
1054 2188 1233 2245 equites
1271 2185 1563 2235 subornauit,
1603 2186 1679 2244 qui
1719 2198 1819 2230 cum
1844 2190 1936 2224 Par·

199 2257 253 2302 ad
299 2257 511 2302 consules
559 2259 797 2302 uenissent
842 2258 1064 2306 inermes,
1108 2271 1192 2316 pro
1241 2256 1491 2316 transfugis
1529 2257 1573 2300 in
1618 2255 1822 2301 ultimam

199 2340 382 2386 pugnae
417 2333 593 2386 partem
632 2333 947 2390 secesserunt,
984 2327 1310 2386 destrictisque
1333 2327 1519 2386 gladiis,
1561 2340 1676 2385 quos
1705 2328 1823 2370 inter

202 2397 378 2441 tunicas
407 2403 452 2441 et
477 2396 644 2441 loricas
672 2396 922 2446 habebant,
959 2397 1158 2456 poplites
1185 2399 1489 2457 pugnantium
1516 2396 1821 2441 Romanorum

202 2466 478 2511 ceciderunt.
1843 2473 1887 2505 30

306 2535 402 2580 DE
436 2535 716 2581 AMBITV.
767 2540 804 2580 1.
846 2537 896 2592 Q.
928 2536 1081 2581 Aelius
1110 2536 1305 2586 Tubero,
1336 2550 1358 2579 a
1386 2536 1434 2591 Q.
1463 2536 1601 2580 Fabio
1629 2535 1820 2580 Maximo

201 2607 386 2667 epulum
422 2606 594 2667 populo
632 2609 814 2652 nomine
851 2607 899 2654 P.
927 2605 1130 2651 Africani
1166 2608 1316 2666 patrui
1355 2607 1425 2650 sui
1461 2605 1595 2650 dante
1631 2610 1820 2664 rogatus

200 2683 252 2723 ut
297 2677 545 2722 triclinium
593 2683 847 2726 sterneret,
893 2676 1040 2722 lectos
1076 2676 1332 2721 Punicanos
1377 2675 1573 2735 pellibus
1614 2675 1820 2721 haedinis

314 2830 341 2868 4
362 2827 597 2868 distinctis
618 2821 673 2867 B'
736 2829 787 2867 12
808 2829 953 2868 uitam
977 2829 1118 2868 Periz.
1184 2829 1234 2869 19
1258 2828 1410 2867 scient
1430 2828 1573 2869 Periz.
1636 2828 1690 2867 20
1713 2838 1823 2879 gra·

201 2883 268 2925 tia
285 2878 342 2925 B'
400 2887 455 2926 25
476 2885 684 2925 homines
707 2884 775 2924 B:
808 2898 965 2925 omnes
987 2885 1052 2924 Pb

315 2943 369 2982 32
391 2943 539 2994 patris
568 2942 611 2980 V
665 2943 720 2983 33
741 2943 859 2983 immo
881 2941 1093 2990 lectulos,
1117 2941 1174 2993 cf.
1197 2940 1307 2981 Isid.
1333 2939 1477 2994 Oriyq.
1500 2942 1569 2987 20,
1593 2941 1660 2986 11,
1687 2940 1714 2976 8

1454 3007 1563 3059 23*
