1936 3120
542 91 549 93 ⁴
599 133 718 178 CAP.
747 131 830 184 Vll,
869 131 899 191 S
925 135 1064 178 4-’-7.
1105 132 1208 184 VlIl,
1238 135 1276 179 l.
1367 95 1370 98 Ι
1643 128 1746 182 367

129 241 214 293 sui
240 239 414 310 ipsius
443 248 640 310 sponte
665 237 997 308 genitalibus
1027 240 1271 309 corporis
1297 240 1546 310 partibus
1573 260 1749 313 neque

128 311 366 364 uirorum
393 328 569 381 neque
588 311 876 362 mulierum
896 327 1119 362 numero
1139 309 1331 362 haberi
1354 311 1572 365 debere.
1623 330 1748 364 con-

127 381 354 434 ueniens
378 380 672 447 Mamerc0‚
701 380 1031 433 conueniens
1058 381 1293 451 principi
1314 391 1536 434 senatus
1565 383 1747 435 decre-

128 460 265 519 tum,
293 469 399 522 quo
426 453 704 522 prouisum
731 458 815 502 est
841 469 908 502 ne
930 451 1167 505 obscena
1183 451 1418 504 Genucii
1437 454 1750 522 praesentia

127 522 522 593 inquinataque
546 540 682 574 uoce
719 519 1019 573 tribunalia
1053 521 1473 590 magistratuum
1500 524 1601 576 sub
1629 542 1746 594 spe·
1769 542 1793 575 ⁵

127 593 210 646 cie
235 593 397 662 petiti
421 593 558 644 iuris
586 590 975 662 polluerentur.

235 664 284 715 7.
311 661 487 715 Multo
510 662 576 729 Q.
599 661 851 714 Metellus
879 670 1187 732 praetorem
1214 663 1483 715 urbanum
1513 665 1746 718 seuerio-

125 752 243 786 rem
270 734 383 802 egit
408 752 573 804 quam
601 732 823 785 Orestes
852 740 1115 800 gesserat.
1188 734 1281 803 qui
1306 734 1516 787 Vecillo
1545 734 1746 803 lenoni,

125 804 396 857 bonorum
446 804 671 857 Vibieni
722 803 1125 873 possessionem
1181 786 1479 856 secunaum
1529 804 1745 859 tabulas

126 874 442 927 testamenti
476 873 708 944 petenti,
746 890 854 924 non
881 873 1058 940 dedit,
1097 874 1225 943 quia
1261 875 1350 926 uir
1374 875 1744 928 nobilissimus
1770 895 1814 928 ιο

127 954 182 998 et
208 945 567 1014 grauissimus
606 945 714 995 fori
741 962 804 995 ac
838 943 1120 1013 lupanaris
1161 946 1524 1014 separandam
1562 946 1746 998 condi-

128 1016 342 1068 cionem
369 1016 727 1081 existimauit,
756 1032 856 1066 nec
882 1022 978 1066 aut
1003 1014 1209 1066 factum
1235 1014 1381 1067 illius
1409 1016 1771 1086 conprobare

126 1085 328 1151 uoluit,
368 1086 461 1156 qui
487 1087 737 1139 fortunas
767 1103 893 1136 suas
922 1085 976 1135 in
1006 1084 1279 1137 stabulum
1317 1088 1746 1140 contaminatum

126 1157 459 1226 proiecerat,
500 1164 595 1208 aut
620 1155 747 1207 huic
783 1162 1061 1225 tamquam
1100 1156 1315 1224 integro
1343 1157 1451 1208 ciui
1479 1158 1600 1209 iura
1625 1158 1746 1224 rede

126 1227 270 1293 dere,
299 1227 392 1297 qui
419 1229 477 1278 se
504 1228 573 1279 ab
602 1225 748 1277 omni
774 1225 1001 1278 honesto
1030 1225 1178 1278 uitae
1206 1245 1405 1295 genere
1428 1228 1742 1298 abruperat.
1770 1246 1812 1280 15

233 1325 393 1377 VIII.
433 1324 538 1376 His
586 1325 948 1376 rescissorum
992 1332 1442 1376 testamentorum
1482 1326 1745 1397 exemplis

125 1396 370 1448 contenti
406 1395 738 1464 attingamus
777 1413 840 1446 ea
852 1434 866 1460 7
906 1413 1043 1465 quae
1080 1402 1204 1445 rata
1239 1405 1582 1463 manserunt,
1623 1415 1746 1449 cum

125 1484 319 1518 causas
348 1465 630 1533 haberent,
659 1473 884 1536 propter
909 1483 1042 1535 quas
1071 1465 1312 1517 rescindi
1338 1476 1577 1536 possent.

123 1552 131 1558 ⁷
237 1538 284 1587 1.
326 1536 505 1602 Quam
541 1545 751 1601 certae,
789 1554 954 1605 quam
980 1537 1146 1588 etiam
1172 1546 1335 1589 notae
1362 1537 1608 1589 insaniae
1637 1539 1745 1590 Tu-

126 1605 369 1671 ditanus,
396 1614 586 1676 utpote
613 1607 706 1676 qui
733 1604 933 1674 populo
960 1625 1210 1658 nummos
1240 1609 1505 1676 sparserit
1539 1617 1744 1677 togam·
1769 1625 1812 1658 20

126 1695 230 1746 que
268 1675 422 1728 uelut
455 1677 719 1744 tragicam
757 1683 969 1731 uestem
1004 1677 1061 1727 in
1098 1675 1214 1728 foro
1251 1677 1470 1729 trahens
1507 1679 1746 1730 maximo

125 1764 247 1797 cum
292 1745 572 1798 hominum
615 1747 728 1797 risu
774 1753 1096 1814 conspectus
1143 1747 1310 1797 fuerit
1346 1766 1409 1799 ac
1444 1747 1615 1800 multa
1659 1749 1745 1800 his

127 1824 491 1869 consentanea
516 1817 726 1868 fecerit.
782 1823 1111 1868 testamento
1131 1817 1164 1879 †
1191 1816 1366 1868 filium
1392 1818 1631 1870 instituit
1655 1818 1745 1871 he-

125 1887 312 1939 redem
326 1927 341 1954 ‚
370 1885 518 1959 quod
544 1887 629 1938 Ti.
656 1886 906 1954 LongUS‚
946 1887 1208 1955 sanguine
1237 1887 1285 1939 ei
1311 1889 1622 1958 proximUS,
1651 1889 1744 1941 ha»

125 2047 274 2094 neque
323 2034 529 2079 uirorum
580 2033 785 2094 partibus
838 2033 1068 2092 interponi
1114 2047 1250 2093 posse
1294 2048 1443 2094 neque
1487 2036 1742 2081 mulierum.
1762 2043 1808 2076 25

124 2109 164 2149 7.
193 2104 244 2160 Q.
270 2099 479 2150 Metellus
506 2111 692 2164 praetor
716 2104 917 2149 urbanus
945 2102 1113 2149 Vecillo
1143 2104 1295 2149 lenoni
1322 2105 1547 2150 bonorum
1571 2106 1743 2151 Vibieni
1769 2084 1845 2120 Par

123 2177 466 2236 possessionem
494 2175 743 2221 secundum
772 2174 948 2220 tabulas
978 2176 1234 2219 testamenti
1262 2178 1435 2235 petenti
1463 2191 1553 2221 non
1582 2177 1719 2222 dedit.

234 2248 270 2291 1.
311 2245 546 2291 Menenius
573 2247 774 2306 Agrippa
810 2247 995 2290 insanus
1023 2246 1228 2295 habitus,
1269 2253 1428 2306 utpote
1466 2249 1543 2306 qni
1571 2248 1742 2307 populo

125 2329 334 2361 nummos
371 2323 600 2376 sparserat
636 2322 884 2376 togamque
925 2316 1050 2360 uelut
1089 2318 1302 2376 tragicam
1342 2324 1516 2362 uestem
1555 2320 1598 2362 in
1637 2319 1741 2363 soro

128 2392 345 2436 traxerat,
376 2391 647 2430 testamento
675 2385 712 2442 †
739 2386 874 2430 liliam
903 2387 1102 2430 instituit
1129 2387 1364 2436 heredem,
1396 2388 1517 2446 quod
1545 2388 1592 2432 Τ.
1620 2389 1737 2432 Lon·
1762 2391 1805 2423 30

127 2463 213 2515 gus
259 2457 480 2515 sanguine
518 2455 558 2499 ei
595 2457 828 2515 proximus
875 2456 1132 2500 rescindere
1178 2464 1392 2506 conatus,
1437 2471 1528 2502 non
1574 2459 1738 2517 potuit.

239 2594 266 2632 4
291 2591 410 2643 quod
432 2591 473 2631 B
556 2593 579 2631 7
601 2604 667 2643 pr.
691 2591 859 2631 urbani
879 2584 935 2630 B'
1014 2591 1039 2630 8
1068 2591 1231 2632 uetilio
1254 2594 1362 2631 dect.
1441 2595 1465 2632 9
1487 2592 1664 2636 uiuieni
1688 2585 1741 2631 B'

127 2649 179 2690 10
200 2649 378 2700 petenti
399 2649 462 2687 P:
493 2660 570 2687 om.
593 2647 636 2686 B
697 2650 746 2686 11
773 2647 1080 2687 conditionem
1103 2642 1159 2687 B'
1221 2651 1273 2688 15
1296 2648 1559 2700 abruperat.
1594 2649 1742 2702 Sequi-

61 2719 65 2722 ·
127 2710 197 2745 tur
217 2707 260 2745 in
283 2705 324 2744 B
347 2710 388 2744 et
410 2715 435 2748 ς
459 2706 622 2744 titulus:
664 2704 824 2754 QVAE
856 2703 1014 2743 RATA
1045 2704 1415 2744 MANSERVNT
1446 2704 1571 2743 CVM
1605 2704 1742 2743 CAV·

126 2759 230 2800 SAS
261 2760 590 2800 HABERENT
624 2759 743 2799 CVR
773 2759 1060 2800 RESCINDI
1092 2761 1362 2801 POSSENT
1442 2763 1496 2801 23
1518 2761 1657 2800 filium
1683 2761 1737 2810 B,

124 2815 266 2858 filiam
289 2818 338 2863 P,
362 2817 580 2856 Fuluium
603 2817 864 2865 Perizonius,
887 2823 1004 2857 recte
1025 2823 1070 2857 ut
1090 2819 1259 2858 uidetur
1336 2818 1391 2858 24
1430 2815 1523 2869 Ti]
1553 2822 1584 2859 t.
1606 2817 1693 2856 BP
1713 2815 1736 2870 Η

125 2872 332 2925 proximu
358 2866 413 2912 B'

238 2931 293 2970 30
313 2932 501 2970 taxarat
526 2930 567 2969 V
584 2925 604 2983 u
623 2931 741 2970 immo
762 2929 834 2971 Ti.
