1924 3152
740 156 860 202 CAP.
885 155 916 208 1,
946 155 975 214 g
1001 157 1146 200 3-7.
1658 147 1761 202 165

155 299 158 306 -›
236 265 288 319 6.
328 264 454 319 Non
491 265 670 319 defuit
694 264 1001 319 maioribus
1104 271 1198 318 ata
1223 281 1377 317 mens
1413 262 1486 315 ad
1509 263 1760 333 praemia

133 337 406 408 superiori
449 336 716 390 Africano
762 282 1129 403 exsoluendi,
1182 335 1229 387 si
1263 334 1483 406 quidem
1516 335 1760 387 maxima

132 408 248 463 eius
275 409 474 461 merita
536 408 723 460 aribus
752 407 1089 461 ornamentis
1116 407 1376 459 decorare
1402 405 1587 459 conati
1615 412 1758 457 sunt.

132 479 425 533 uoluerunt
449 478 489 530 il
513 479 532 530 i
559 486 770 531 statuas
797 478 856 529 in
883 477 1131 545 comitio,
1160 478 1217 529 in
1242 478 1461 542 rostris,
1500 478 1559 529 in
1584 476 1756 542 curia,

130 551 189 603 in
233 550 358 621 ipsa
390 548 624 620 denique
664 549 816 603 Iouis
862 548 1055 620 optimi
1102 549 1332 600 maximi
1368 547 1505 600 cella
1538 565 1756 618 ponere,
1781 568 1802 602 5

129 619 421 674 uoluerunt
454 621 754 690 imaginem
781 621 898 673 eius
924 619 1245 691 triumphali
1281 627 1477 672 ornatu
1512 618 1763 672 indutam

131 690 458 762 Capitolinis
483 691 868 763 puluinaribus
896 690 1177 762 adplicare
1193 732 1206 758 ,
1240 690 1536 744 uoluerunt
1562 691 1612 743 ei
1638 709 1760 743 con—

130 763 347 815 tinuum
389 780 488 833 per
539 781 734 816 omnes
779 763 930 815 uitae
974 781 1146 816 annos
1184 760 1529 816 consulatum
1571 780 1761 832 perpe-

129 841 393 904 tuamque
429 833 758 887 dictaturam
793 834 1060 887 tribuere:
1105 852 1337 904 quorum
1362 831 1500 884 nihil
1529 833 1635 887 sibi
1670 851 1759 884 ne-

131 923 235 975 que
273 904 566 975 plebiscito
605 904 725 956 dari
760 923 936 976 neque
974 913 1199 957 senatus
1248 903 1500 958 consulto
1541 903 1761 956 decerni
1783 923 1825 956 ιο

129 974 390 1046 patiendo
425 993 598 1046 paene
632 983 847 1028 tantum
883 994 940 1028 se
989 976 1049 1028 in
1091 975 1410 1028 recusandis
1456 974 1758 1030 honoribus

129 1046 304 1115 gessit
331 1053 597 1116 quantum
625 1054 814 1116 egerat
838 1048 896 1098 in
922 1046 1248 1099 emerendis

237 1116 449 1169 Eodem
485 1117 684 1170 robore
719 1118 917 1169 mentis
956 1135 1180 1170 causam
1214 1117 1548 1171 Hannibalis
1585 1117 1642 1168 in
1679 1136 1759 1169 se-

129 1195 264 1239 natu
288 1187 559 1257 protexit,
598 1205 722 1239 cum
749 1206 872 1240 eum
898 1188 1046 1240 ciues
1075 1188 1159 1239 sui
1184 1188 1367 1240 missis
1396 1188 1592 1258 legatis
1622 1195 1757 1240 tam-

131 1274 295 1328 quam
323 1256 619 1310 seditiones
647 1259 794 1329 apud
821 1276 912 1311 eos
940 1266 1252 1312 mouentem
1279 1267 1617 1312 accusarent.
1666 1259 1757 1312 ad·
1783 1277 1826 1311 15

128 1328 258 1381 iecit
295 1345 507 1399 quoque
542 1347 653 1382 non
699 1337 948 1399 oportere
984 1337 1170 1400 patres
1210 1331 1548 1400 conscriptos
1586 1348 1643 1382 se
1679 1330 1761 1382 rei

127 1398 382 1470 publicae
407 1399 958 1470 Karthaginiensium
983 1401 1355 1471 interponere,
1384 1401 1759 1471 altissimaque

130 1469 505 1524 moderatione
542 1471 766 1524 alterius
797 1471 961 1524 saluti
987 1473 1285 1539 consuluit,
1325 1472 1552 1524 alterius
1583 1471 1757 1542 digni-

129 1541 258 1606 tati,
309 1541 543 1593 uictoria
592 1550 751 1594 tenus
802 1543 1090 1613 utriusque
1138 1543 1353 1597 hostem
1404 1544 1584 1613 egisse
1635 1561 1757 1596 con-

127 1618 329 1663 tentus.
1714 1618 1717 1622 ’
1781 1632 1824 1664 20

239 1682 287 1733 7.
334 1682 413 1734 At
445 1682 523 1734 M.
559 1682 877 1751 Marcellus,
918 1681 1011 1755 qui
1049 1685 1260 1755 primus
1297 1693 1351 1737 et
1386 1684 1758 1738 Hannibalem

129 1751 278 1804 uinci
303 1759 359 1804 et
385 1750 687 1822 Syracusas
724 1754 846 1824 capi
873 1773 1035 1824 posse
1062 1756 1277 1821 docuit,
1323 1774 1448 1808 cum
1482 1756 1540 1806 in
1566 1774 1757 1808 consu·

129 1822 246 1874 latu
284 1822 399 1874 eius
427 1822 602 1876 Siculi
639 1822 706 1875 de
742 1842 804 1876 eo
844 1834 1099 1895 questum
1129 1826 1187 1877 in
1221 1826 1417 1879 urbem
1451 1826 1756 1892 uenissent,

128 1910 227 1945 nec
256 1900 507 1945 senatum
539 1892 636 1946 illa
661 1894 728 1947 de
754 1913 813 1947 re
838 1894 1059 1963 habuit,
1135 1896 1228 1947 uia
1263 1895 1474 1965 collega
1499 1895 1756 1950 Valerius

126 1962 404 2016 Laeuinus
439 1964 586 2017 forte
620 1965 840 2032 aberat,
877 1985 945 2018 ne
983 1967 1054 2020 ob
1090 1915 1149 2018 fii
1176 1966 1347 2019 Siculi
1382 1968 1439 2018 in
1475 1967 1754 2038 querendo
1779 1984 1822 2018 25

128 2033 434 2087 timidiores
463 2043 673 2102 essent,
713 2043 790 2103 et,
817 2045 878 2089 ut
902 2038 950 2089 is
978 2037 1166 2104 rediit,
1202 2036 1343 2090 ultro
1372 2036 1440 2090 de
1466 2039 1534 2090 iis
1560 2038 1755 2091 admit-

127 2103 308 2157 tendis
334 2106 544 2158 rettulit
579 2107 966 2178 querentisque
992 2108 1060 2160 de
1088 2126 1145 2160 se
1172 2109 1446 2178 patienter
1477 2109 1755 2164 sustinuit.

127 2248 371 2310 aliquando
399 2254 684 2299 uacationem
712 2255 808 2300 eius
836 2255 1026 2301 honoris
1052 2255 1216 2302 Fabiae
1243 2258 1367 2316 genti
1395 2257 1538 2303 daret.
1590 2260 1629 2303 6.
1660 2257 1753 2304 Sci·
1776 2265 1870 2303 Par.

125 2323 202 2381 pio
228 2320 467 2368 Africanus
496 2322 740 2383 imagines,
770 2331 972 2377 statuas,
1000 2333 1252 2387 perpetuos
1280 2327 1565 2380 consulatus,
1593 2343 1756 2374 censu·

127 2404 222 2436 ram
251 2391 337 2437 sibi
364 2392 597 2438 deferente
622 2395 812 2455 populo,
842 2396 1023 2442 decerni
1050 2412 1215 2458 passus
1241 2413 1333 2445 non
1361 2406 1444 2443 est.
1496 2403 1535 2443 7.
1563 2400 1617 2445 M.
1639 2399 1752 2445 Mar-
1777 2405 1820 2439 30

129 2459 286 2511 sellus,
314 2476 417 2507 cum
442 2464 488 2507 in
517 2464 761 2511 consulatu
780 2465 920 2512 Siculi
948 2467 1002 2512 de
1029 2481 1080 2514 eo
1110 2475 1322 2528 questum
1348 2470 1598 2520 uenissent,
1626 2477 1672 2515 et
1698 2469 1754 2515 de

136 2532 498 2578 intromittendis
524 2534 580 2579 iis
606 2534 782 2594 primus
808 2536 989 2583 rettulit
1014 2544 1058 2583 et
1087 2546 1331 2598 querentes
1357 2539 1587 2599 patienter
1614 2541 1754 2585 susti·

239 2684 265 2724 9
293 2682 411 2723 nihil
441 2696 518 2725 om.
542 2677 612 2733 B',
645 2685 736 2726 sibi
757 2686 875 2727 nihil
897 2687 920 2727 b
982 2690 1035 2729 15
1062 2688 1331 2731 molientem
1365 2690 1445 2729 EF
1500 2692 1554 2731 22
1587 2703 1752 2732 consu-

125 2737 273 2779 latum
291 2738 334 2780 B
393 2741 449 2781 24
476 2740 562 2782 illa
583 2740 795 2796 Stanyer:
826 2742 923 2783 ulla
944 2744 987 2784 B
1014 2742 1034 2799 Η
1064 2746 1176 2796 quia
1198 2768 1251 2774 —
1273 2746 1332 2787 ob
1364 2746 1412 2786 id
1440 2760 1517 2790 om.
1555 2740 1620 2796 Β’,
1651 2761 1751 2801 sup-

120 2796 279 2847 pletum
299 2802 366 2838 est
383 2798 427 2837 in
447 2810 580 2851 mary.
607 2799 718 2851 quia
734 2821 786 2828 —
804 2812 862 2840 ne
885 2813 1012 2842 eraso
1033 2802 1235 2844 uocabulo
1253 2809 1359 2856 post
1377 2816 1451 2854 ne,
1474 2805 1591 2845 cuius
1606 2806 1750 2857 prima

124 2852 318 2893 litteras
350 2852 552 2905 (siculi?)
589 2856 762 2897 uidetur
792 2856 958 2908 fuiss&
995 2864 1183 2911 apparet
1220 2859 1277 2900 ob
1308 2858 1355 2900 id
1393 2874 1475 2902 non
1505 2862 1753 2903 desiderari

123 2907 180 2947 26
199 2907 271 2948 his
292 2902 348 2948 B'
366 2906 385 2962 Η
407 2909 565 2965 rediit]
591 2913 654 2954 sic
674 2912 718 2953 B
742 2909 844 2965 (non
865 2912 1001 2967 redit)
1023 2912 1043 2969 ΙΙ
1063 2914 1118 2955 de
1140 2915 1213 2957 his
1234 2915 1279 2956 B

235 2965 290 3006 29
310 2970 558 3020 perpetuas
586 2969 634 3009 V
