<?xml version="1.0" encoding="UTF-8"?>
<!DOCTYPE html PUBLIC "-//W3C//DTD XHTML 1.0 Transitional//EN"
    "http://www.w3.org/TR/xhtml1/DTD/xhtml1-transitional.dtd">
<html xmlns="http://www.w3.org/1999/xhtml" xml:lang="en" lang="en">
 <head>
  <title>
</title>
<meta http-equiv="Content-Type" content="text/html;charset=utf-8" />
  <meta name='ocr-system' content='tesseract 3.04.00' />
  <meta name='ocr-capabilities' content='ocr_page ocr_carea ocr_par ocr_line ocrx_word'/>
</head>
<body>
  <div class='ocr_page' id='page_1' title='image "./factorumetdictor00valeuoft_0429.png"; bbox 0 0 1936 3120; ppageno 0'>
   <div class='ocr_carea' id='block_1_1' title="bbox 40 0 364 80">
    <p class='ocr_par' dir='ltr' id='par_1_1' title="bbox 40 0 364 80">
     <span class='ocr_line' id='line_1_1' title="bbox 40 0 364 80; baseline 0 3040"><span class='ocrx_word' id='word_1_1' title='bbox 40 0 364 80; x_wconf 95' lang='lat' dir='ltr'> </span> 
     </span>
    </p>
   </div>
   <div class='ocr_carea' id='block_1_2' title="bbox 514 133 1813 195">
    <p class='ocr_par' dir='ltr' id='par_1_2' title="bbox 514 133 1813 195">
     <span class='ocr_line' id='line_1_2' title="bbox 514 133 1813 195; baseline 0.006 -17"><span class='ocrx_word' id='word_1_2' title='bbox 514 133 925 194; x_wconf 76' lang='lat' dir='ltr'>CAP.V11‚Ext.§</span> <span class='ocrx_word' id='word_1_3' title='bbox 953 137 1147 182; x_wconf 83' lang='lat'><strong>13—16.</strong></span> <span class='ocrx_word' id='word_1_4' title='bbox 1185 135 1291 190; x_wconf 89' lang='lat' dir='ltr'>v111,</span> <span class='ocrx_word' id='word_1_5' title='bbox 1327 135 1357 195; x_wconf 66' lang='lat' dir='ltr'>S</span> <span class='ocrx_word' id='word_1_6' title='bbox 1385 141 1425 182; x_wconf 95' lang='lat'>1.</span> <span class='ocrx_word' id='word_1_7' title='bbox 1452 141 1494 184; x_wconf 82' lang='lat'>2.</span> <span class='ocrx_word' id='word_1_8' title='bbox 1708 134 1813 186; x_wconf 84' lang='lat'>401</span> 
     </span>
    </p>
   </div>
   <div class='ocr_carea' id='block_1_3' title="bbox 175 240 1811 316">
    <p class='ocr_par' dir='ltr' id='par_1_3' title="bbox 175 240 1811 316">
     <span class='ocr_line' id='line_1_3' title="bbox 175 240 1811 316; baseline 0.006 -28"><span class='ocrx_word' id='word_1_9' title='bbox 175 247 308 292; x_wconf 68' lang='lat' dir='ltr'>,tore</span> <span class='ocrx_word' id='word_1_10' title='bbox 335 241 641 292; x_wconf 87' lang='lat' dir='ltr'>exercitum</span> <span class='ocrx_word' id='word_1_11' title='bbox 670 240 964 309; x_wconf 90' lang='lat' dir='ltr'>salutaret,</span> <span class='ocrx_word' id='word_1_12' title='bbox 1000 242 1117 309; x_wconf 87' lang='lat' dir='ltr'>hic,</span> <span class='ocrx_word' id='word_1_13' title='bbox 1147 251 1208 295; x_wconf 90' lang='lat' dir='ltr'>ut</span> <span class='ocrx_word' id='word_1_14' title='bbox 1234 261 1324 296; x_wconf 90' lang='lat' dir='ltr'>eos</span> <span class='ocrx_word' id='word_1_15' title='bbox 1354 244 1552 314; x_wconf 90' lang='lat' dir='ltr'>quibus</span> <span class='ocrx_word' id='word_1_16' title='bbox 1579 245 1811 316; x_wconf 90' lang='lat' dir='ltr'>impera-</span> 
     </span>
    </p>
   </div>
   <div class='ocr_carea' id='block_1_4' title="bbox 187 309 1213 382">
    <p class='ocr_par' dir='ltr' id='par_1_4' title="bbox 187 309 1213 382">
     <span class='ocr_line' id='line_1_4' title="bbox 187 309 1213 382; baseline 0.003 -19"><span class='ocrx_word' id='word_1_17' title='bbox 187 309 285 363; x_wconf 88' lang='lat' dir='ltr'>bat</span> <span class='ocrx_word' id='word_1_18' title='bbox 311 310 428 363; x_wconf 90' lang='lat' dir='ltr'>sine</span> <span class='ocrx_word' id='word_1_19' title='bbox 453 310 750 382; x_wconf 81' lang='lat' dir='ltr'>interprete</span> <span class='ocrx_word' id='word_1_20' title='bbox 776 310 980 382; x_wconf 89' lang='lat' dir='ltr'>alloqui</span> <span class='ocrx_word' id='word_1_21' title='bbox 1006 322 1213 382; x_wconf 89' lang='lat' dir='ltr'>posset.</span> 
     </span>
    </p>
   </div>
   <div class='ocr_carea' id='block_1_5' title="bbox 738 465 1260 520">
    <p class='ocr_par' dir='ltr' id='par_1_5' title="bbox 738 465 1260 520">
     <span class='ocr_line' id='line_1_5' title="bbox 738 465 1260 520; baseline 0.006 -3"><span class='ocrx_word' id='word_1_22' title='bbox 738 465 899 517; x_wconf 89' lang='lat' dir='ltr'><strong>VIII.</strong></span> <span class='ocrx_word' id='word_1_23' title='bbox 950 469 1049 517; x_wconf 86' lang='lat' dir='ltr'>DE</span> <span class='ocrx_word' id='word_1_24' title='bbox 1085 469 1260 520; x_wconf 86' lang='lat' dir='ltr'><strong>OTIO.</strong></span> 
     </span>
    </p>
   </div>
   <div class='ocr_carea' id='block_1_6' title="bbox 181 561 1872 1340">
    <p class='ocr_par' dir='ltr' id='par_1_6' title="bbox 183 561 1872 1055">
     <span class='ocr_line' id='line_1_6' title="bbox 295 561 1808 634; baseline 0.003 -19"><span class='ocrx_word' id='word_1_25' title='bbox 295 561 510 628; x_wconf 90' lang='lat' dir='ltr'>Otium,</span> <span class='ocrx_word' id='word_1_26' title='bbox 538 563 685 634; x_wconf 87' lang='lat' dir='ltr'>quod</span> <span class='ocrx_word' id='word_1_27' title='bbox 709 562 1015 615; x_wconf 83' lang='lat' dir='ltr'>industriae</span> <span class='ocrx_word' id='word_1_28' title='bbox 1043 571 1095 616; x_wconf 90' lang='lat' dir='ltr'>et</span> <span class='ocrx_word' id='word_1_29' title='bbox 1122 564 1302 618; x_wconf 91' lang='lat' dir='ltr'>studio</span> <span class='ocrx_word' id='word_1_30' title='bbox 1330 567 1566 619; x_wconf 86' lang='lat' dir='ltr'>maxime</span> <span class='ocrx_word' id='word_1_31' title='bbox 1595 576 1808 620; x_wconf 89' lang='lat' dir='ltr'>contra—</span> 
     </span>
     <span class='ocr_line' id='line_1_7' title="bbox 185 632 1850 708; baseline 0.004 -24"><span class='ocrx_word' id='word_1_32' title='bbox 185 633 327 684; x_wconf 90' lang='lat' dir='ltr'>rium</span> <span class='ocrx_word' id='word_1_33' title='bbox 369 632 617 701; x_wconf 83' lang='lat' dir='ltr'>uidetur,</span> <span class='ocrx_word' id='word_1_34' title='bbox 669 634 963 703; x_wconf 80' lang='lat' dir='ltr'>praecipue</span> <span class='ocrx_word' id='word_1_35' title='bbox 1008 634 1258 688; x_wconf 80' lang='lat' dir='ltr'>subnecti</span> <span class='ocrx_word' id='word_1_36' title='bbox 1304 636 1494 702; x_wconf 90' lang='lat' dir='ltr'>debet,</span> <span class='ocrx_word' id='word_1_37' title='bbox 1547 655 1655 689; x_wconf 92' lang='lat' dir='ltr'>non</span> <span class='ocrx_word' id='word_1_38' title='bbox 1699 640 1804 708; x_wconf 85' lang='lat' dir='ltr'>q&#39;uo</span> <span class='ocrx_word' id='word_1_39' title='bbox 1829 658 1850 690; x_wconf 86' lang='lat'>5</span> 
     </span>
     <span class='ocr_line' id='line_1_8' title="bbox 186 703 1806 775; baseline 0.002 -19"><span class='ocrx_word' id='word_1_40' title='bbox 186 703 467 756; x_wconf 88' lang='lat' dir='ltr'>euanescit</span> <span class='ocrx_word' id='word_1_41' title='bbox 501 704 679 756; x_wconf 90' lang='lat' dir='ltr'>uirtus</span> <span class='ocrx_word' id='word_1_42' title='bbox 691 743 705 770; x_wconf 84' lang='lat'>,</span> <span class='ocrx_word' id='word_1_43' title='bbox 753 705 847 757; x_wconf 91' lang='lat' dir='ltr'>sed</span> <span class='ocrx_word' id='word_1_44' title='bbox 884 723 991 775; x_wconf 89' lang='lat' dir='ltr'>quo</span> <span class='ocrx_word' id='word_1_45' title='bbox 1027 715 1321 758; x_wconf 85' lang='lat' dir='ltr'>recreatur.</span> <span class='ocrx_word' id='word_1_46' title='bbox 1398 707 1626 760; x_wconf 89' lang='lat' dir='ltr'>alterum</span> <span class='ocrx_word' id='word_1_47' title='bbox 1662 709 1806 760; x_wconf 92' lang='lat' dir='ltr'>enim</span> 
     </span>
     <span class='ocr_line' id='line_1_9' title="bbox 186 773 1807 849; baseline 0.002 -23"><span class='ocrx_word' id='word_1_48' title='bbox 186 773 351 826; x_wconf 91' lang='lat' dir='ltr'>etiam</span> <span class='ocrx_word' id='word_1_49' title='bbox 387 774 653 827; x_wconf 84' lang='lat' dir='ltr'>inertibus</span> <span class='ocrx_word' id='word_1_50' title='bbox 690 774 1008 841; x_wconf 90' lang='lat' dir='ltr'>uitandum,</span> <span class='ocrx_word' id='word_1_51' title='bbox 1048 774 1279 828; x_wconf 88' lang='lat' dir='ltr'>alterum</span> <span class='ocrx_word' id='word_1_52' title='bbox 1315 779 1552 830; x_wconf 90' lang='lat' dir='ltr'>strenuis</span> <span class='ocrx_word' id='word_1_53' title='bbox 1593 795 1807 849; x_wconf 90' lang='lat' dir='ltr'>quoque</span> 
     </span>
     <span class='ocr_line' id='line_1_10' title="bbox 185 842 1807 918; baseline 0.003 -23"><span class='ocrx_word' id='word_1_54' title='bbox 185 842 463 896; x_wconf 89' lang='lat' dir='ltr'>interdum</span> <span class='ocrx_word' id='word_1_55' title='bbox 488 844 854 915; x_wconf 90' lang='lat' dir='ltr'>adpetendum</span> <span class='ocrx_word' id='word_1_56' title='bbox 889 854 996 911; x_wconf 88' lang='lat' dir='ltr'>est,</span> <span class='ocrx_word' id='word_1_57' title='bbox 1033 845 1169 913; x_wconf 90' lang='lat' dir='ltr'>illis,</span> <span class='ocrx_word' id='word_1_58' title='bbox 1206 865 1273 898; x_wconf 91' lang='lat' dir='ltr'>ne</span> <span class='ocrx_word' id='word_1_59' title='bbox 1339 865 1399 899; x_wconf 92' lang='lat' dir='ltr'>ro</span> <span class='ocrx_word' id='word_1_60' title='bbox 1427 849 1608 918; x_wconf 89' lang='lat' dir='ltr'>patria</span> <span class='ocrx_word' id='word_1_61' title='bbox 1632 849 1807 901; x_wconf 91' lang='lat' dir='ltr'>uitam</span> 
     </span>
     <span class='ocr_line' id='line_1_11' title="bbox 183 867 1806 986; baseline 0.003 -20"><span class='ocrx_word' id='word_1_62' title='bbox 183 915 446 968; x_wconf 90' lang='lat' dir='ltr'>inermem</span> <span class='ocrx_word' id='word_1_63' title='bbox 473 916 717 984; x_wconf 82' lang='lat' dir='ltr'>exigant,</span> <span class='ocrx_word' id='word_1_64' title='bbox 745 914 850 982; x_wconf 84' lang='lat' dir='ltr'>his,</span> <span class='ocrx_word' id='word_1_65' title='bbox 878 923 939 968; x_wconf 93' lang='lat' dir='ltr'>ut</span> <span class='ocrx_word' id='word_1_66' title='bbox 959 867 1512 986; x_wconf 48' lang='lat' dir='ltr'>tempestiualaboris</span> <span class='ocrx_word' id='word_1_67' title='bbox 1534 919 1806 971; x_wconf 85' lang='lat' dir='ltr'>intermis—</span> 
     </span>
     <span class='ocr_line' id='line_1_12' title="bbox 185 985 1872 1055; baseline 0.002 -19"><span class='ocrx_word' id='word_1_68' title='bbox 185 985 338 1037; x_wconf 87' lang='lat' dir='ltr'>sione</span> <span class='ocrx_word' id='word_1_69' title='bbox 365 985 435 1037; x_wconf 87' lang='lat' dir='ltr'>ad</span> <span class='ocrx_word' id='word_1_70' title='bbox 462 985 824 1038; x_wconf 89' lang='lat' dir='ltr'>laborandum</span> <span class='ocrx_word' id='word_1_71' title='bbox 853 985 987 1038; x_wconf 88' lang='lat' dir='ltr'>fiant</span> <span class='ocrx_word' id='word_1_72' title='bbox 1012 988 1338 1055; x_wconf 81' lang='lat' dir='ltr'>uegetioreS.</span> <span class='ocrx_word' id='word_1_73' title='bbox 1830 1011 1872 1040; x_wconf 83' lang='lat'>10</span> 
     </span>
    </p>

    <p class='ocr_par' dir='ltr' id='par_1_7' title="bbox 181 1056 1806 1340">
     <span class='ocr_line' id='line_1_13' title="bbox 295 1056 1806 1129; baseline 0.003 -22"><span class='ocrx_word' id='word_1_74' title='bbox 295 1056 342 1107; x_wconf 89' lang='lat'>1.</span> <span class='ocrx_word' id='word_1_75' title='bbox 381 1056 493 1108; x_wconf 90' lang='lat' dir='ltr'>Par</span> <span class='ocrx_word' id='word_1_76' title='bbox 541 1075 706 1109; x_wconf 92' lang='lat' dir='ltr'>uerae</span> <span class='ocrx_word' id='word_1_77' title='bbox 757 1056 1030 1109; x_wconf 89' lang='lat' dir='ltr'>amicitiae</span> <span class='ocrx_word' id='word_1_78' title='bbox 1082 1056 1468 1125; x_wconf 91' lang='lat' dir='ltr'>clarissimum,</span> <span class='ocrx_word' id='word_1_79' title='bbox 1521 1058 1704 1129; x_wconf 86' lang='lat' dir='ltr'>Scipio</span> <span class='ocrx_word' id='word_1_80' title='bbox 1753 1067 1806 1111; x_wconf 90' lang='lat' dir='ltr'>et</span> 
     </span>
     <span class='ocr_line' id='line_1_14' title="bbox 182 1124 1804 1192; baseline 0.002 -15"><span class='ocrx_word' id='word_1_81' title='bbox 182 1124 432 1192; x_wconf 88' lang='lat' dir='ltr'>Laelius,</span> <span class='ocrx_word' id='word_1_82' title='bbox 470 1145 595 1179; x_wconf 92' lang='lat' dir='ltr'>cum</span> <span class='ocrx_word' id='word_1_83' title='bbox 622 1127 821 1178; x_wconf 89' lang='lat' dir='ltr'>amoris</span> <span class='ocrx_word' id='word_1_84' title='bbox 849 1127 1067 1180; x_wconf 89' lang='lat' dir='ltr'>uinculo</span> <span class='ocrx_word' id='word_1_85' title='bbox 1095 1136 1209 1179; x_wconf 90' lang='lat' dir='ltr'>tum</span> <span class='ocrx_word' id='word_1_86' title='bbox 1236 1129 1403 1180; x_wconf 91' lang='lat' dir='ltr'>etiam</span> <span class='ocrx_word' id='word_1_87' title='bbox 1429 1130 1670 1182; x_wconf 92' lang='lat' dir='ltr'>omnium</span> <span class='ocrx_word' id='word_1_88' title='bbox 1695 1129 1804 1181; x_wconf 90' lang='lat' dir='ltr'>uir-</span> 
     </span>
     <span class='ocr_line' id='line_1_15' title="bbox 183 1197 1806 1262; baseline 0.002 -14"><span class='ocrx_word' id='word_1_89' title='bbox 183 1204 361 1248; x_wconf 86' lang='lat' dir='ltr'>tutum</span> <span class='ocrx_word' id='word_1_90' title='bbox 394 1197 538 1249; x_wconf 72' lang='lat' dir='ltr'>inter</span> <span class='ocrx_word' id='word_1_91' title='bbox 574 1216 632 1249; x_wconf 91' lang='lat' dir='ltr'>se</span> <span class='ocrx_word' id='word_1_92' title='bbox 666 1198 915 1249; x_wconf 90' lang='lat' dir='ltr'>iunctum</span> <span class='ocrx_word' id='word_1_93' title='bbox 952 1197 1238 1262; x_wconf 85' lang='lat' dir='ltr'>societate,</span> <span class='ocrx_word' id='word_1_94' title='bbox 1276 1207 1338 1251; x_wconf 91' lang='lat' dir='ltr'>ut</span> <span class='ocrx_word' id='word_1_95' title='bbox 1374 1208 1632 1252; x_wconf 87' lang='lat' dir='ltr'>actuosae</span> <span class='ocrx_word' id='word_1_96' title='bbox 1658 1200 1806 1251; x_wconf 90' lang='lat' dir='ltr'>uitae</span> 
     </span>
     <span class='ocr_line' id='line_1_16' title="bbox 181 1266 1805 1340; baseline 0.003 -23"><span class='ocrx_word' id='word_1_97' title='bbox 181 1266 287 1319; x_wconf 90' lang='lat' dir='ltr'>iter</span> <span class='ocrx_word' id='word_1_98' title='bbox 322 1266 539 1338; x_wconf 87' lang='lat' dir='ltr'>aequali</span> <span class='ocrx_word' id='word_1_99' title='bbox 574 1267 752 1337; x_wconf 85' lang='lat' dir='ltr'>gradu</span> <span class='ocrx_word' id='word_1_100' title='bbox 788 1267 1229 1337; x_wconf 80' lang='lat' dir='ltr'>exequebantur,</span> <span class='ocrx_word' id='word_1_101' title='bbox 1275 1269 1356 1321; x_wconf 90' lang='lat' dir='ltr'>ita</span> <span class='ocrx_word' id='word_1_102' title='bbox 1389 1269 1556 1321; x_wconf 91' lang='lat' dir='ltr'>animi</span> <span class='ocrx_word' id='word_1_103' title='bbox 1590 1287 1805 1340; x_wconf 87' lang='lat' dir='ltr'>quoque</span> 
     </span>
    </p>
   </div>
   <div class='ocr_carea' id='block_1_7' title="bbox 117 1337 1867 1409">
    <p class='ocr_par' dir='ltr' id='par_1_8' title="bbox 117 1337 1867 1409">
     <span class='ocr_line' id='line_1_17' title="bbox 117 1337 1867 1409; baseline 0.001 -21"><span class='ocrx_word' id='word_1_104' title='bbox 117 1372 120 1373; x_wconf 25' lang='grc' dir='ltr'><em>ν</em></span> <span class='ocrx_word' id='word_1_105' title='bbox 180 1337 597 1391; x_wconf 88' lang='lat' dir='ltr'>remissionibus</span> <span class='ocrx_word' id='word_1_106' title='bbox 647 1338 1008 1391; x_wconf 88' lang='lat' dir='ltr'>communiter</span> <span class='ocrx_word' id='word_1_107' title='bbox 1058 1339 1503 1409; x_wconf 88' lang='lat' dir='ltr'>adquiescebant.</span> <span class='ocrx_word' id='word_1_108' title='bbox 1587 1348 1867 1392; x_wconf 75' lang='lat' dir='ltr'>constatis</span> 
     </span>
    </p>
   </div>
   <div class='ocr_carea' id='block_1_8' title="bbox 179 1407 1867 1975">
    <p class='ocr_par' dir='ltr' id='par_1_9' title="bbox 180 1407 1805 1689">
     <span class='ocr_line' id='line_1_18' title="bbox 181 1407 1803 1479; baseline 0.001 -20"><span class='ocrx_word' id='word_1_109' title='bbox 181 1426 417 1479; x_wconf 89' lang='lat' dir='ltr'>namque</span> <span class='ocrx_word' id='word_1_110' title='bbox 443 1426 533 1460; x_wconf 92' lang='lat' dir='ltr'>eos</span> <span class='ocrx_word' id='word_1_111' title='bbox 561 1407 785 1461; x_wconf 83' lang='lat' dir='ltr'>Caietae</span> <span class='ocrx_word' id='word_1_112' title='bbox 812 1418 866 1461; x_wconf 91' lang='lat' dir='ltr'>et</span> <span class='ocrx_word' id='word_1_113' title='bbox 890 1408 1154 1461; x_wconf 91' lang='lat' dir='ltr'>Laurenti</span> <span class='ocrx_word' id='word_1_114' title='bbox 1190 1427 1360 1478; x_wconf 85' lang='lat' dir='ltr'>uagos</span> <span class='ocrx_word' id='word_1_115' title='bbox 1398 1408 1652 1462; x_wconf 90' lang='lat' dir='ltr'>litoribus</span> <span class='ocrx_word' id='word_1_116' title='bbox 1681 1427 1803 1462; x_wconf 89' lang='lat' dir='ltr'>con-</span> 
     </span>
     <span class='ocr_line' id='line_1_19' title="bbox 180 1477 1805 1550; baseline -0.001 -19"><span class='ocrx_word' id='word_1_117' title='bbox 180 1477 370 1531; x_wconf 91' lang='lat' dir='ltr'>chulas</span> <span class='ocrx_word' id='word_1_118' title='bbox 398 1486 452 1531; x_wconf 94' lang='lat' dir='ltr'>et</span> <span class='ocrx_word' id='word_1_119' title='bbox 477 1478 765 1531; x_wconf 88' lang='lat' dir='ltr'>umbilicos</span> <span class='ocrx_word' id='word_1_120' title='bbox 792 1478 1087 1544; x_wconf 84' lang='lat' dir='ltr'>lectitasse,</span> <span class='ocrx_word' id='word_1_121' title='bbox 1115 1479 1279 1550; x_wconf 87' lang='lat' dir='ltr'>idque</span> <span class='ocrx_word' id='word_1_122' title='bbox 1306 1498 1363 1531; x_wconf 93' lang='lat' dir='ltr'>se</span> <span class='ocrx_word' id='word_1_123' title='bbox 1389 1479 1451 1533; x_wconf 91' lang='lat' dir='ltr'>P.</span> <span class='ocrx_word' id='word_1_124' title='bbox 1475 1479 1705 1533; x_wconf 84' lang='lat' dir='ltr'>Crassus</span> <span class='ocrx_word' id='word_1_125' title='bbox 1735 1498 1805 1531; x_wconf 93' lang='lat' dir='ltr'>ex</span> 
     </span>
     <span class='ocr_line' id='line_1_20' title="bbox 182 1548 1804 1619; baseline 0.001 -19"><span class='ocrx_word' id='word_1_126' title='bbox 182 1566 369 1602; x_wconf 91' lang='lat' dir='ltr'>socero</span> <span class='ocrx_word' id='word_1_127' title='bbox 408 1567 507 1601; x_wconf 91' lang='lat' dir='ltr'>suo</span> <span class='ocrx_word' id='word_1_128' title='bbox 543 1548 832 1615; x_wconf 85' lang='lat' dir='ltr'>Scaeuola,</span> <span class='ocrx_word' id='word_1_129' title='bbox 871 1549 965 1619; x_wconf 90' lang='lat' dir='ltr'>qui</span> <span class='ocrx_word' id='word_1_130' title='bbox 1001 1567 1168 1617; x_wconf 84' lang='lat' dir='ltr'>gener</span> <span class='ocrx_word' id='word_1_131' title='bbox 1202 1549 1378 1602; x_wconf 91' lang='lat' dir='ltr'>Laelii</span> <span class='ocrx_word' id='word_1_132' title='bbox 1411 1549 1545 1616; x_wconf 88' lang='lat' dir='ltr'>fuit,</span> <span class='ocrx_word' id='word_1_133' title='bbox 1583 1549 1804 1602; x_wconf 86' lang='lat' dir='ltr'>audisse</span> 
     </span>
     <span class='ocr_line' id='line_1_21' title="bbox 183 1618 989 1689; baseline -0.001 -18"><span class='ocrx_word' id='word_1_134' title='bbox 183 1637 347 1689; x_wconf 88' lang='lat' dir='ltr'>saepe</span> <span class='ocrx_word' id='word_1_135' title='bbox 372 1637 599 1672; x_wconf 89' lang='lat' dir='ltr'>numero</span> <span class='ocrx_word' id='word_1_136' title='bbox 627 1618 989 1689; x_wconf 89' lang='lat' dir='ltr'>praedicauit.</span> 
     </span>
    </p>

    <p class='ocr_par' dir='ltr' id='par_1_10' title="bbox 179 1687 1867 1975">
     <span class='ocr_line' id='line_1_22' title="bbox 287 1687 1867 1758; baseline -0.001 -18"><span class='ocrx_word' id='word_1_137' title='bbox 287 1689 338 1741; x_wconf 82' lang='lat'>2.</span> <span class='ocrx_word' id='word_1_138' title='bbox 362 1687 626 1742; x_wconf 88' lang='lat' dir='ltr'>Scaeuola</span> <span class='ocrx_word' id='word_1_139' title='bbox 645 1697 846 1755; x_wconf 91' lang='lat' dir='ltr'>autem,</span> <span class='ocrx_word' id='word_1_140' title='bbox 876 1690 966 1758; x_wconf 90' lang='lat' dir='ltr'>qui</span> <span class='ocrx_word' id='word_1_141' title='bbox 987 1697 1105 1741; x_wconf 90' lang='lat' dir='ltr'>erat</span> <span class='ocrx_word' id='word_1_142' title='bbox 1123 1690 1458 1741; x_wconf 90' lang='lat' dir='ltr'>remissionis</span> <span class='ocrx_word' id='word_1_143' title='bbox 1482 1707 1667 1741; x_wconf 87' lang='lat' dir='ltr'>eorum</span> <span class='ocrx_word' id='word_1_144' title='bbox 1690 1706 1801 1740; x_wconf 84' lang='lat' dir='ltr'>cer·</span> <span class='ocrx_word' id='word_1_145' title='bbox 1824 1708 1867 1740; x_wconf 82' lang='lat'>20</span> 
     </span>
     <span class='ocr_line' id='line_1_23' title="bbox 181 1758 1856 1879; baseline -0.002 -67"><span class='ocrx_word' id='word_1_146' title='bbox 181 1759 426 1812; x_wconf 88' lang='lat' dir='ltr'>tissimus</span> <span class='ocrx_word' id='word_1_147' title='bbox 454 1760 612 1812; x_wconf 89' lang='lat' dir='ltr'>testis</span> <span class='ocrx_word' id='word_1_148' title='bbox 628 1799 641 1824; x_wconf 92' lang='lat'><em>‚</em></span> <span class='ocrx_word' id='word_1_149' title='bbox 680 1759 883 1829; x_wconf 87' lang='lat' dir='ltr'>optime</span> <span class='ocrx_word' id='word_1_150' title='bbox 909 1758 1023 1879; x_wconf 66' lang='lat' dir='ltr'>pila</span> <span class='ocrx_word' id='word_1_151' title='bbox 1047 1758 1247 1811; x_wconf 91' lang='lat' dir='ltr'>lusisse</span> <span class='ocrx_word' id='word_1_152' title='bbox 1273 1759 1540 1824; x_wconf 85' lang='lat' dir='ltr'>traditur,</span> <span class='ocrx_word' id='word_1_153' title='bbox 1570 1758 1698 1828; x_wconf 90' lang='lat' dir='ltr'>quia</span> <span class='ocrx_word' id='word_1_154' title='bbox 1722 1758 1801 1810; x_wconf 88' lang='lat' dir='ltr'>ui·</span> <span class='ocrx_word' id='word_1_155' title='bbox 1846 1760 1856 1769; x_wconf 74' lang='grc'><strong>“</strong></span> 
     </span>
     <span class='ocr_line' id='line_1_24' title="bbox 181 1828 1798 1883; baseline -0.002 -1"><span class='ocrx_word' id='word_1_156' title='bbox 181 1829 379 1883; x_wconf 91' lang='lat' dir='ltr'>delicet</span> <span class='ocrx_word' id='word_1_157' title='bbox 395 1829 478 1881; x_wconf 85' lang='lat' dir='ltr'>ad</span> <span class='ocrx_word' id='word_1_158' title='bbox 503 1829 606 1882; x_wconf 89' lang='lat' dir='ltr'>hoc</span> <span class='ocrx_word' id='word_1_159' title='bbox 632 1829 911 1882; x_wconf 89' lang='lat' dir='ltr'>deuerticu</span> <span class='ocrx_word' id='word_1_160' title='bbox 934 1848 1025 1880; x_wconf 91' lang='lat' dir='ltr'>um</span> <span class='ocrx_word' id='word_1_161' title='bbox 1052 1829 1292 1880; x_wconf 87' lang='lat' dir='ltr'>animum</span> <span class='ocrx_word' id='word_1_162' title='bbox 1312 1847 1470 1880; x_wconf 91' lang='lat' dir='ltr'>suum</span> <span class='ocrx_word' id='word_1_163' title='bbox 1487 1828 1798 1880; x_wconf 88' lang='lat' dir='ltr'>forensibus</span> 
     </span>
     <span class='ocr_line' id='line_1_25' title="bbox 179 1897 1801 1975; baseline -0.001 -23"><span class='ocrx_word' id='word_1_164' title='bbox 179 1900 497 1953; x_wconf 89' lang='lat' dir='ltr'>ministeriis</span> <span class='ocrx_word' id='word_1_165' title='bbox 534 1899 830 1969; x_wconf 82' lang='lat' dir='ltr'>fatigatum</span> <span class='ocrx_word' id='word_1_166' title='bbox 865 1899 1162 1951; x_wconf 86' lang='lat' dir='ltr'>transferre</span> <span class='ocrx_word' id='word_1_167' title='bbox 1199 1899 1428 1952; x_wconf 90' lang='lat' dir='ltr'>solebat.</span> <span class='ocrx_word' id='word_1_168' title='bbox 1480 1897 1634 1950; x_wconf 86' lang='lat' dir='ltr'>alueo</span> <span class='ocrx_word' id='word_1_169' title='bbox 1672 1916 1801 1975; x_wconf 82' lang='lat' dir='ltr'>quo·</span> 
     </span>
    </p>
   </div>
   <div class='ocr_carea' id='block_1_9' title="bbox 179 2058 1919 2332">
    <p class='ocr_par' dir='ltr' id='par_1_11' title="bbox 179 2058 1919 2332">
     <span class='ocr_line' id='line_1_26' title="bbox 288 2058 1919 2121; baseline -0.004 -15"><span class='ocrx_word' id='word_1_170' title='bbox 288 2062 382 2107; x_wconf 89' lang='lat' dir='ltr'>DE</span> <span class='ocrx_word' id='word_1_171' title='bbox 407 2061 573 2108; x_wconf 88' lang='lat' dir='ltr'><strong>OTIO.</strong></span> <span class='ocrx_word' id='word_1_172' title='bbox 628 2064 667 2104; x_wconf 90' lang='lat' dir='ltr'>l.</span> <span class='ocrx_word' id='word_1_173' title='bbox 695 2061 849 2121; x_wconf 81' lang='lat' dir='ltr'>Scipio</span> <span class='ocrx_word' id='word_1_174' title='bbox 878 2067 922 2106; x_wconf 86' lang='lat' dir='ltr'>et</span> <span class='ocrx_word' id='word_1_175' title='bbox 947 2059 1126 2105; x_wconf 84' lang='lat' dir='ltr'>Laelius</span> <span class='ocrx_word' id='word_1_176' title='bbox 1154 2061 1290 2104; x_wconf 81' lang='lat' dir='ltr'>animi</span> <span class='ocrx_word' id='word_1_177' title='bbox 1317 2058 1664 2104; x_wconf 86' lang='lat' dir='ltr'>remissionibus</span> <span class='ocrx_word' id='word_1_178' title='bbox 1693 2071 1794 2103; x_wconf 90' lang='lat' dir='ltr'>cum</span> <span class='ocrx_word' id='word_1_179' title='bbox 1817 2065 1919 2100; x_wconf 71' lang='lat' dir='ltr'>Par.</span> 
     </span>
     <span class='ocr_line' id='line_1_27' title="bbox 179 2128 1866 2192; baseline -0.005 -13"><span class='ocrx_word' id='word_1_180' title='bbox 179 2134 482 2179; x_wconf 85' lang='lat' dir='ltr'>communiter</span> <span class='ocrx_word' id='word_1_181' title='bbox 508 2133 882 2192; x_wconf 81' lang='lat' dir='ltr'>adquiescerent,</span> <span class='ocrx_word' id='word_1_182' title='bbox 919 2137 1099 2176; x_wconf 84' lang='lat' dir='ltr'>constat</span> <span class='ocrx_word' id='word_1_183' title='bbox 1137 2144 1216 2175; x_wconf 88' lang='lat' dir='ltr'>eos</span> <span class='ocrx_word' id='word_1_184' title='bbox 1244 2130 1419 2176; x_wconf 82' lang='lat' dir='ltr'>Caietae</span> <span class='ocrx_word' id='word_1_185' title='bbox 1454 2128 1667 2175; x_wconf 86' lang='lat' dir='ltr'>litoribus</span> <span class='ocrx_word' id='word_1_186' title='bbox 1693 2141 1799 2173; x_wconf 89' lang='lat' dir='ltr'>con·</span> <span class='ocrx_word' id='word_1_187' title='bbox 1823 2137 1866 2171; x_wconf 80' lang='lat'>25</span> 
     </span>
     <span class='ocr_line' id='line_1_28' title="bbox 180 2199 1798 2265; baseline -0.004 -16"><span class='ocrx_word' id='word_1_188' title='bbox 180 2204 327 2265; x_wconf 84' lang='lat' dir='ltr'>chylia</span> <span class='ocrx_word' id='word_1_189' title='bbox 355 2211 401 2249; x_wconf 90' lang='lat' dir='ltr'>et</span> <span class='ocrx_word' id='word_1_190' title='bbox 426 2203 667 2248; x_wconf 87' lang='lat' dir='ltr'>umbilicos</span> <span class='ocrx_word' id='word_1_191' title='bbox 694 2203 940 2247; x_wconf 86' lang='lat' dir='ltr'>lectitasse.</span> <span class='ocrx_word' id='word_1_192' title='bbox 1002 2205 1043 2245; x_wconf 85' lang='lat'>2.</span> <span class='ocrx_word' id='word_1_193' title='bbox 1071 2200 1289 2246; x_wconf 86' lang='lat' dir='ltr'>Scaeuola</span> <span class='ocrx_word' id='word_1_194' title='bbox 1317 2199 1487 2259; x_wconf 89' lang='lat' dir='ltr'>optime</span> <span class='ocrx_word' id='word_1_195' title='bbox 1515 2199 1607 2259; x_wconf 85' lang='lat' dir='ltr'>pila</span> <span class='ocrx_word' id='word_1_196' title='bbox 1633 2199 1798 2244; x_wconf 83' lang='lat' dir='ltr'>lusisse</span> 
     </span>
     <span class='ocr_line' id='line_1_29' title="bbox 179 2271 1470 2332; baseline -0.003 -14"><span class='ocrx_word' id='word_1_197' title='bbox 179 2274 386 2324; x_wconf 83' lang='lat' dir='ltr'>traditur,</span> <span class='ocrx_word' id='word_1_198' title='bbox 415 2273 547 2318; x_wconf 86' lang='lat' dir='ltr'>alueo</span> <span class='ocrx_word' id='word_1_199' title='bbox 578 2287 763 2332; x_wconf 91' lang='lat' dir='ltr'>quoque</span> <span class='ocrx_word' id='word_1_200' title='bbox 792 2280 837 2317; x_wconf 89' lang='lat' dir='ltr'>et</span> <span class='ocrx_word' id='word_1_201' title='bbox 864 2271 1050 2317; x_wconf 85' lang='lat' dir='ltr'>calculis</span> <span class='ocrx_word' id='word_1_202' title='bbox 1077 2285 1263 2316; x_wconf 81' lang='lat' dir='ltr'>uacasse</span> <span class='ocrx_word' id='word_1_203' title='bbox 1291 2271 1470 2315; x_wconf 82' lang='lat' dir='ltr'>dicitur.</span> 
     </span>
    </p>
   </div>
   <div class='ocr_carea' id='block_1_10' title="bbox 174 2415 1801 2971">
    <p class='ocr_par' dir='ltr' id='par_1_12' title="bbox 174 2415 1801 2926">
     <span class='ocr_line' id='line_1_30' title="bbox 292 2415 1799 2476; baseline -0.005 -13"><span class='ocrx_word' id='word_1_204' title='bbox 292 2425 319 2463; x_wconf 88' lang='lat'>4</span> <span class='ocrx_word' id='word_1_205' title='bbox 337 2419 479 2476; x_wconf 88' lang='lat' dir='ltr'>quod]</span> <span class='ocrx_word' id='word_1_206' title='bbox 501 2422 619 2474; x_wconf 89' lang='lat' dir='ltr'>quod</span> <span class='ocrx_word' id='word_1_207' title='bbox 635 2423 884 2474; x_wconf 84' lang='lat' dir='ltr'>praecipue</span> <span class='ocrx_word' id='word_1_208' title='bbox 897 2421 954 2472; x_wconf 90' lang='lat' dir='ltr'>B,</span> <span class='ocrx_word' id='word_1_209' title='bbox 976 2422 1056 2461; x_wconf 82' lang='lat' dir='ltr'>sed</span> <span class='ocrx_word' id='word_1_210' title='bbox 1070 2434 1224 2472; x_wconf 83' lang='lat' dir='ltr'>praec.</span> <span class='ocrx_word' id='word_1_211' title='bbox 1242 2426 1487 2472; x_wconf 78' lang='lat' dir='ltr'>punctatum</span> <span class='ocrx_word' id='word_1_212' title='bbox 1507 2415 1526 2472; x_wconf 73' lang='grc' dir='ltr'>[Ι</span> <span class='ocrx_word' id='word_1_213' title='bbox 1547 2416 1713 2470; x_wconf 88' lang='lat' dir='ltr'>studio]</span> <span class='ocrx_word' id='word_1_214' title='bbox 1739 2416 1799 2469; x_wconf 73' lang='lat' dir='ltr'>qd</span> 
     </span>
     <span class='ocr_line' id='line_1_31' title="bbox 179 2470 1797 2528; baseline -0.004 -9"><span class='ocrx_word' id='word_1_215' title='bbox 179 2478 330 2520; x_wconf 88' lang='lat' dir='ltr'>studio</span> <span class='ocrx_word' id='word_1_216' title='bbox 351 2479 394 2518; x_wconf 89' lang='lat' dir='ltr'><em>B</em></span> <span class='ocrx_word' id='word_1_217' title='bbox 414 2481 457 2518; x_wconf 82' lang='lat' dir='ltr'>in</span> <span class='ocrx_word' id='word_1_218' title='bbox 475 2491 562 2518; x_wconf 71' lang='lat' dir='ltr'>raS.</span> <span class='ocrx_word' id='word_1_219' title='bbox 586 2493 636 2518; x_wconf 87' lang='lat' dir='ltr'>m.</span> <span class='ocrx_word' id='word_1_220' title='bbox 662 2481 689 2518; x_wconf 87' lang='lat'><em>3</em></span> <span class='ocrx_word' id='word_1_221' title='bbox 758 2480 782 2518; x_wconf 84' lang='lat'><strong>7</strong></span> <span class='ocrx_word' id='word_1_222' title='bbox 804 2477 1021 2517; x_wconf 86' lang='lat' dir='ltr'>uitandus</span> <span class='ocrx_word' id='word_1_223' title='bbox 1044 2470 1099 2515; x_wconf 88' lang='lat' dir='ltr'>B&#39;</span> <span class='ocrx_word' id='word_1_224' title='bbox 1158 2479 1184 2517; x_wconf 88' lang='grc'>8</span> <span class='ocrx_word' id='word_1_225' title='bbox 1205 2489 1286 2528; x_wconf 90' lang='lat' dir='ltr'>pro</span> <span class='ocrx_word' id='word_1_226' title='bbox 1308 2476 1461 2528; x_wconf 87' lang='lat' dir='ltr'>patria</span> <span class='ocrx_word' id='word_1_227' title='bbox 1481 2476 1664 2526; x_wconf 77' lang='lat' dir='ltr'>scripsi:</span> <span class='ocrx_word' id='word_1_228' title='bbox 1696 2487 1797 2526; x_wconf 86' lang='lat' dir='ltr'>pro-</span> 
     </span>
     <span class='ocr_line' id='line_1_32' title="bbox 177 2527 1794 2589; baseline -0.005 -13"><span class='ocrx_word' id='word_1_229' title='bbox 177 2534 308 2589; x_wconf 63' lang='lat' dir='ltr'>priae</span> <span class='ocrx_word' id='word_1_230' title='bbox 332 2534 459 2588; x_wconf 68' lang='lat' dir='ltr'>(pr-o:</span> <span class='ocrx_word' id='word_1_231' title='bbox 481 2532 714 2587; x_wconf 63' lang='lat' dir='ltr'>propriae)</span> <span class='ocrx_word' id='word_1_232' title='bbox 738 2533 780 2572; x_wconf 91' lang='lat' dir='ltr'><em>B</em></span> <span class='ocrx_word' id='word_1_233' title='bbox 826 2535 851 2574; x_wconf 87' lang='lat'>9</span> <span class='ocrx_word' id='word_1_234' title='bbox 873 2534 1094 2572; x_wconf 91' lang='lat' dir='ltr'>inermem</span> <span class='ocrx_word' id='word_1_235' title='bbox 1115 2532 1181 2572; x_wconf 87' lang='lat' dir='ltr'>B:</span> <span class='ocrx_word' id='word_1_236' title='bbox 1205 2544 1420 2572; x_wconf 87' lang='lat' dir='ltr'>eneruem</span> <span class='ocrx_word' id='word_1_237' title='bbox 1442 2531 1480 2581; x_wconf 79' lang='lat' dir='ltr'>b,</span> <span class='ocrx_word' id='word_1_238' title='bbox 1505 2531 1699 2570; x_wconf 87' lang='lat' dir='ltr'>inertem</span> <span class='ocrx_word' id='word_1_239' title='bbox 1721 2539 1748 2573; x_wconf 86' lang='grc' dir='ltr'>ς</span> <span class='ocrx_word' id='word_1_240' title='bbox 1773 2527 1794 2581; x_wconf 53' lang='lat' dir='ltr'>lg</span> 
     </span>
     <span class='ocr_line' id='line_1_33' title="bbox 178 2587 1797 2642; baseline -0.006 -9"><span class='ocrx_word' id='word_1_241' title='bbox 178 2591 546 2633; x_wconf 73' lang='lat' dir='ltr'>intermissione*</span> <span class='ocrx_word' id='word_1_242' title='bbox 565 2591 607 2630; x_wconf 90' lang='lat' dir='ltr'><em>B</em></span> <span class='ocrx_word' id='word_1_243' title='bbox 687 2592 740 2630; x_wconf 91' lang='lat'>10</span> <span class='ocrx_word' id='word_1_244' title='bbox 775 2589 1038 2642; x_wconf 87' lang='lat' dir='ltr'>uegetiores</span> <span class='ocrx_word' id='word_1_245' title='bbox 1061 2588 1103 2627; x_wconf 91' lang='lat' dir='ltr'><em>B</em></span> <span class='ocrx_word' id='word_1_246' title='bbox 1125 2601 1238 2629; x_wconf 79' lang='lat' dir='ltr'>corr.</span> <span class='ocrx_word' id='word_1_247' title='bbox 1263 2601 1285 2628; x_wconf 85' lang='lat' dir='ltr'>e</span> <span class='ocrx_word' id='word_1_248' title='bbox 1307 2588 1564 2627; x_wconf 85' lang='lat' dir='ltr'>ueteriores</span> <span class='ocrx_word' id='word_1_249' title='bbox 1645 2587 1696 2625; x_wconf 85' lang='lat'>15</span> <span class='ocrx_word' id='word_1_250' title='bbox 1728 2598 1797 2625; x_wconf 89' lang='lat' dir='ltr'>re-</span> 
     </span>
     <span class='ocr_line' id='line_1_34' title="bbox 176 2642 1801 2699; baseline -0.006 -10"><span class='ocrx_word' id='word_1_251' title='bbox 176 2648 475 2689; x_wconf 83' lang='lat' dir='ltr'>missionibus</span> <span class='ocrx_word' id='word_1_252' title='bbox 494 2660 595 2690; x_wconf 83' lang='lat' dir='ltr'>nos:</span> <span class='ocrx_word' id='word_1_253' title='bbox 616 2645 903 2687; x_wconf 86' lang='lat' dir='ltr'>remissionis</span> <span class='ocrx_word' id='word_1_254' title='bbox 914 2645 970 2695; x_wconf 90' lang='lat' dir='ltr'>B,</span> <span class='ocrx_word' id='word_1_255' title='bbox 994 2645 1257 2685; x_wconf 89' lang='lat' dir='ltr'>remissioni</span> <span class='ocrx_word' id='word_1_256' title='bbox 1279 2645 1358 2688; x_wconf 82' lang='grc' dir='ltr'>ὂς;</span> <span class='ocrx_word' id='word_1_257' title='bbox 1379 2644 1434 2693; x_wconf 77' lang='lat' dir='ltr'>cf.</span> <span class='ocrx_word' id='word_1_258' title='bbox 1450 2644 1489 2682; x_wconf 94' lang='lat' dir='ltr'><em>P</em></span> <span class='ocrx_word' id='word_1_259' title='bbox 1547 2643 1598 2683; x_wconf 88' lang='grc'>16</span> <span class='ocrx_word' id='word_1_260' title='bbox 1622 2642 1801 2699; x_wconf 41' lang='lat' dir='ltr'>canetae</span> 
     </span>
     <span class='ocr_line' id='line_1_35' title="bbox 177 2696 1795 2760; baseline -0.005 -14"><span class='ocrx_word' id='word_1_261' title='bbox 177 2705 214 2746; x_wconf 89' lang='lat' dir='ltr'>B</span> <span class='ocrx_word' id='word_1_262' title='bbox 233 2702 256 2760; x_wconf 80' lang='lat' dir='ltr'>ss</span> <span class='ocrx_word' id='word_1_263' title='bbox 274 2717 423 2758; x_wconf 86' lang='lat' dir='ltr'>uagas</span> <span class='ocrx_word' id='word_1_264' title='bbox 444 2705 467 2745; x_wconf 86' lang='lat' dir='ltr'>b</span> <span class='ocrx_word' id='word_1_265' title='bbox 489 2701 507 2758; x_wconf 80' lang='grc' dir='ltr'>Η</span> <span class='ocrx_word' id='word_1_266' title='bbox 531 2703 750 2745; x_wconf 87' lang='lat' dir='ltr'>conculas</span> <span class='ocrx_word' id='word_1_267' title='bbox 775 2696 830 2741; x_wconf 92' lang='lat' dir='ltr'>B&#39;</span> <span class='ocrx_word' id='word_1_268' title='bbox 906 2704 957 2741; x_wconf 84' lang='lat'>17</span> <span class='ocrx_word' id='word_1_269' title='bbox 995 2701 1201 2742; x_wconf 89' lang='lat' dir='ltr'>obulicos</span> <span class='ocrx_word' id='word_1_270' title='bbox 1223 2701 1278 2750; x_wconf 92' lang='lat' dir='ltr'>B,</span> <span class='ocrx_word' id='word_1_271' title='bbox 1305 2699 1528 2740; x_wconf 90' lang='lat' dir='ltr'>obbilicos</span> <span class='ocrx_word' id='word_1_272' title='bbox 1550 2698 1594 2745; x_wconf 82' lang='lat' dir='ltr'>b,</span> <span class='ocrx_word' id='word_1_273' title='bbox 1619 2711 1693 2740; x_wconf 81' lang='lat' dir='ltr'>em.</span> <span class='ocrx_word' id='word_1_274' title='bbox 1722 2698 1795 2738; x_wconf 85' lang='lat' dir='ltr'><strong>Pz&#39;·</strong></span> 
     </span>
     <span class='ocr_line' id='line_1_36' title="bbox 174 2754 1797 2814; baseline -0.006 -12"><span class='ocrx_word' id='word_1_275' title='bbox 174 2762 319 2814; x_wconf 75' lang='lat' dir='ltr'>9hius;</span> <span class='ocrx_word' id='word_1_276' title='bbox 350 2761 407 2812; x_wconf 79' lang='lat' dir='ltr'>ef.</span> <span class='ocrx_word' id='word_1_277' title='bbox 439 2762 525 2804; x_wconf 84' lang='lat' dir='ltr'>Cic.</span> <span class='ocrx_word' id='word_1_278' title='bbox 555 2762 607 2801; x_wconf 85' lang='lat' dir='ltr'>de</span> <span class='ocrx_word' id='word_1_279' title='bbox 638 2758 755 2799; x_wconf 81' lang='lat' dir='ltr'>Orat.</span> <span class='ocrx_word' id='word_1_280' title='bbox 780 2758 851 2804; x_wconf 89' lang='lat' dir='ltr'>II,</span> <span class='ocrx_word' id='word_1_281' title='bbox 874 2758 897 2807; x_wconf 68' lang='grc' dir='ltr'>ἓ</span> <span class='ocrx_word' id='word_1_282' title='bbox 920 2760 976 2797; x_wconf 86' lang='grc'>22</span> <span class='ocrx_word' id='word_1_283' title='bbox 1018 2754 1037 2811; x_wconf 80' lang='grc' dir='ltr'>Η</span> <span class='ocrx_word' id='word_1_284' title='bbox 1076 2755 1146 2810; x_wconf 91' lang='grc' dir='ltr'>Ρ.]</span> <span class='ocrx_word' id='word_1_285' title='bbox 1180 2757 1233 2796; x_wconf 90' lang='lat' dir='ltr'>L.</span> <span class='ocrx_word' id='word_1_286' title='bbox 1269 2756 1350 2796; x_wconf 83' lang='lat' dir='ltr'>Cic.</span> <span class='ocrx_word' id='word_1_287' title='bbox 1382 2757 1434 2796; x_wconf 85' lang='lat' dir='ltr'>de</span> <span class='ocrx_word' id='word_1_288' title='bbox 1465 2761 1579 2796; x_wconf 81' lang='lat' dir='ltr'>orat.</span> <span class='ocrx_word' id='word_1_289' title='bbox 1611 2754 1653 2805; x_wconf 84' lang='lat' dir='ltr'>I,</span> <span class='ocrx_word' id='word_1_290' title='bbox 1687 2754 1710 2802; x_wconf 66' lang='grc' dir='ltr'>ξ</span> <span class='ocrx_word' id='word_1_291' title='bbox 1741 2756 1797 2793; x_wconf 72' lang='lat'>24</span> 
     </span>
     <span class='ocr_line' id='line_1_37' title="bbox 176 2812 1797 2870; baseline -0.006 -12"><span class='ocrx_word' id='word_1_292' title='bbox 176 2820 232 2859; x_wconf 91' lang='grc'>20</span> <span class='ocrx_word' id='word_1_293' title='bbox 262 2818 340 2870; x_wconf 90' lang='lat' dir='ltr'>qui</span> <span class='ocrx_word' id='word_1_294' title='bbox 369 2821 468 2858; x_wconf 84' lang='lat' dir='ltr'>erat</span> <span class='ocrx_word' id='word_1_295' title='bbox 501 2817 684 2868; x_wconf 78' lang='lat' dir='ltr'>scripsi:</span> <span class='ocrx_word' id='word_1_296' title='bbox 717 2829 794 2857; x_wconf 87' lang='lat' dir='ltr'>om.</span> <span class='ocrx_word' id='word_1_297' title='bbox 816 2815 858 2854; x_wconf 92' lang='lat' dir='ltr'><em>B</em></span> <span class='ocrx_word' id='word_1_298' title='bbox 879 2816 922 2854; x_wconf 81' lang='lat' dir='ltr'>in</span> <span class='ocrx_word' id='word_1_299' title='bbox 942 2828 1052 2862; x_wconf 63' lang='lat' dir='ltr'>ras„</span> <span class='ocrx_word' id='word_1_300' title='bbox 1085 2814 1272 2866; x_wconf 85' lang='lat' dir='ltr'>quietae</span> <span class='ocrx_word' id='word_1_301' title='bbox 1295 2813 1413 2858; x_wconf 70' lang='lat' dir='ltr'>dett„</span> <span class='ocrx_word' id='word_1_302' title='bbox 1437 2825 1559 2864; x_wconf 77' lang='lat' dir='ltr'>quam</span> <span class='ocrx_word' id='word_1_303' title='bbox 1581 2812 1797 2850; x_wconf 81' lang='lat' dir='ltr'>lectionem</span> 
     </span>
     <span class='ocr_line' id='line_1_38' title="bbox 176 2868 1390 2926; baseline -0.006 -12"><span class='ocrx_word' id='word_1_304' title='bbox 176 2887 356 2926; x_wconf 82' lang='lat' dir='ltr'>prauam</span> <span class='ocrx_word' id='word_1_305' title='bbox 376 2886 469 2915; x_wconf 82' lang='lat' dir='ltr'>esse</span> <span class='ocrx_word' id='word_1_306' title='bbox 490 2876 572 2914; x_wconf 84' lang='lat' dir='ltr'>iam</span> <span class='ocrx_word' id='word_1_307' title='bbox 592 2873 734 2913; x_wconf 76' lang='lat' dir='ltr'>Periz.</span> <span class='ocrx_word' id='word_1_308' title='bbox 756 2873 864 2912; x_wconf 79' lang='lat' dir='ltr'>uidit</span> <span class='ocrx_word' id='word_1_309' title='bbox 923 2873 976 2910; x_wconf 83' lang='lat'>22</span> <span class='ocrx_word' id='word_1_310' title='bbox 1000 2869 1326 2910; x_wconf 83' lang='lat' dir='ltr'>diuerticulum</span> <span class='ocrx_word' id='word_1_311' title='bbox 1348 2868 1390 2907; x_wconf 89' lang='lat' dir='ltr'><em>B</em></span> 
     </span>
    </p>

    <p class='ocr_par' dir='ltr' id='par_1_13' title="bbox 291 2928 962 2971">
     <span class='ocr_line' id='line_1_39' title="bbox 291 2928 962 2971; baseline -0.003 -2"><span class='ocrx_word' id='word_1_312' title='bbox 291 2931 347 2969; x_wconf 82' lang='lat'>24</span> <span class='ocrx_word' id='word_1_313' title='bbox 369 2931 533 2971; x_wconf 86' lang='lat' dir='ltr'>animis</span> <span class='ocrx_word' id='word_1_314' title='bbox 556 2928 894 2969; x_wconf 87' lang='lat' dir='ltr'>remissioribus</span> <span class='ocrx_word' id='word_1_315' title='bbox 923 2928 962 2967; x_wconf 89' lang='lat' dir='ltr'><em>V</em></span> 
     </span>
    </p>
   </div>
   <div class='ocr_carea' id='block_1_11' title="bbox 264 2993 1540 3042">
    <p class='ocr_par' dir='ltr' id='par_1_14' title="bbox 264 2993 1540 3042">
     <span class='ocr_line' id='line_1_40' title="bbox 264 2993 1540 3042; baseline 0.003 -4"><span class='ocrx_word' id='word_1_316' title='bbox 264 3012 369 3039; x_wconf 81' lang='lat' dir='ltr'><strong>VAL.</strong></span> <span class='ocrx_word' id='word_1_317' title='bbox 394 3012 502 3040; x_wconf 62' lang='lat' dir='ltr'>iiAx.</span> <span class='ocrx_word' id='word_1_318' title='bbox 1473 2993 1540 3042; x_wconf 63' lang='lat'>26</span> 
     </span>
    </p>
   </div>
  </div>
 </body>
</html>
