1878 3132
0 2899 47 3132 Qssffikxssz‘ssf'i'
0 2759 40 2814 ·-·;⁴2‘
9 2684 33 2743 ψ·

738 163 855 209 CAP.
882 163 921 214 1,
962 162 992 221 g
1023 166 1058 208 1.
1088 167 1127 207 2.
1648 159 1746 210 111

124 284 200 340 se,
227 273 336 325 nisi
361 272 617 343 precibus
647 271 1070 340 obtemperaret,
1099 271 1338 323 minatus
1368 278 1467 323 est.
1521 289 1622 323 nec
1648 271 1750 323 hac

122 362 181 396 re
209 343 279 396 ab
306 344 524 414 incepto
550 342 762 394 moueri
787 341 980 411 potuit.
1034 359 1297 412 expressa
1324 350 1408 394 est
1441 342 1628 413 itaque
1655 342 1750 394 illa

120 433 235 468 uox
259 413 492 469 homini:
524 411 896 482 ‘gratulemur
919 412 1098 478 nobis,
1126 412 1316 464 Latifii
1343 422 1396 465 et
1424 414 1576 480 socii,
1604 413 1750 466 hunc

122 504 241 538 esse
274 493 388 538 tam
430 503 689 555 paruum,
735 500 841 553 quo
877 492 1128 535 senatore
1165 503 1232 536 ne
1270 501 1490 554 sperare
1527 485 1750 555 quidem
1816 554 1819 555 ⁷

121 557 280 610 nobis
318 556 599 608 ciuitatem
634 554 925 607 licuisset'.
995 563 1181 606 tenero
1222 574 1349 624 ergo
1389 555 1568 609 animo
1608 555 1748 609 Cato
1772 570 1793 603 5

57 678 61 682 .
119 627 285 680 totius
321 627 515 679 curiaev
544 626 879 695 grauitatem
915 626 1197 695 praecepit
1230 627 1750 698 perseuerantiaque

46 718 50 724 “
122 716 222 750 sua
245 697 476 751 Latinos
511 697 636 750 iura
673 703 896 750 nostrae
932 697 1175 750 ciuitatis
1214 696 1624 768 adprehendere
1660 717 1748 751 011-

119 769 332 839 pientes
359 768 616 839 reppulit.

228 839 385 892 Idem
421 858 544 891 cum
580 838 859 892 salutandi
894 839 1488 909 gratia‘praetextatus
1530 840 1598 891 ad
1629 839 1747 892 Sul-

120 911 231 962 lam
256 911 500 979 uenisset
525 919 579 963 et
596 911 780 981 capita
795 910 1232 980 proscriptorum
1258 912 1315 962 in
1341 911 1543 963 atrium
1564 911 1749 963 adlata
1772 927 1814 958 10

120 980 380 1049 uidisset,
419 982 711 1035 atrocitate
737 983 817 1034 rei
853 989 1154 1034 commotus
1180 982 1564 1052 paedagogum
1592 1001 1750 1034 suum
1774 987 1778 989 ’

121 1053 342 1105 1101111116
389 1051 761 1124 Sarpedonem
803 1053 1168 1121 interrogauit
1213 1062 1546 1123 quapropter
1589 1071 1747 1105 nemo

122 1124 485 1189 inueniretur,
530 1124 624 1194 qui
650 1131 764 1175 tam
799 1123 1076 1175 crudelem
1111 1131 1408 1193 tyrannum
1444 1125 1744 1177 occideret:

122 1213 351 1266 cumque
376 1195 423 1246 is
451 1212 561 1247 non
586 1194 930 1247 uoluntatem
954 1193 1270 1247 hominibus
1300 1195 1397 1247 sed
1424 1194 1749 1248 facultatem

122 1264 339 1332 deesse,
368 1265 513 1336 quod
539 1263 687 1317 salus
716 1265 832 1317 eius
861 1283 1060 1334 magno
1087 1266 1366 1335 praesidio
1395 1265 1630 1318 militum
1659 1285 1747 1319 cu—
1772 1279 1814 1312 15

115 1336 448 1403 stodiretur,
486 1336 890 1407 respondisset,
926 1346 988 1389 ut
1014 1336 1223 1388 ferrum
1262 1337 1369 1389 sibi
1397 1337 1552 1389 daret
1592 1337 1747 1390 obse·

120 1408 318 1474 crauit,
375 1407 716 1460 adfirmando
752 1406 1015 1477 perfacile
1050 1426 1108 1460 56
1148 1426 1272 1460 611111
1310 1408 1747 1473 interfecturum,

121 1478 266 1549 quod
303 1479 361 1529 in
384 1477 525 1532 lecto
551 1477 700 1530 illius
727 1478 1014 1531 considere
1042 1478 1257 1531 soleret.
1283 1539 1285 1541 ,
1311 1479 1667 1549 paedagogus
1695 1488 1750 1531 et

121 1550 364 1602 animum
409 1549 634 1603 Catonis
687 1550 915 1619 agnouit
963 1558 1017 1602 et
1066 1551 1411 1620 propositum
1462 1550 1750 1603 exhorruit
1780 1579 1782 1581 v

120 1638 352 1690 eumque
376 1628 569 1691 postea
595 1620 667 1673 ad
695 1619 903 1673 Sullam
931 1639 1225 1674 excussum
1252 1640 1469 1692 semper
1495 1621 1747 1674 adduxit.
1771 1637 1812 1668 20

122 1689 258 1741 nihil
292 1689 394 1744 hoc
430 1690 831 1744 admirabilius.
892 1711 1028 1761 puer
1054 1693 1112 1743 in
1150 1691 1373 1746 officina
1399 1692 1748 1745 crudelitatis

124 1761 494 1830 deprehensus
538 1762 807 1815 uictorem
853 1781 965 1815 non
1013 1764 1297 1830 extimuit,
1350 1772 1467 1815 tum
1511 1765 1749 1815 maxime

122 1831 400 1898 consuleS,
427 1833 754 1902 municipia,
792 1833 1063 1902 legioneS,
1101 1834 1369 1903 equestris
1399 1834 1608 1885 ordinis
1636 1852 1746 1885 ma-

121 1903 294 1955 iorem
327 1910 542 1972 partem
575 1903 962 1955 trucidantem.
1030 1904 1213 1974 ipsum
1237 1904 1477 1956 Marium
1509 1903 1603 1956 illo
1638 1905 1748 1957 loci

122 1973 436 2040 statuisseS,
466 1973 698 2026 celerius
726 1975 933 2044 aliquid
961 1974 1029 2027 de
1058 1993 1156 2026 sua
1181 1975 1314 2044 fuga
1341 1993 1505 2045 quam
1533 1975 1600 2027 de
1628 1974 1745 2027 Sul-
1770 1990 1811 2022 25

120 2043 205 2096 lae
231 2062 364 2097 11606
388 2045 705 2113 cogitasset.
1662 2057 1669 2062 “

123 2191 297 2237 aedium
326 2198 502 2252 partem
528 2191 671 2238 latum
697 2193 979 2238 abiecturum
1007 2194 1124 2245 inde,
1153 2195 1239 2238 nisi
1268 2194 1482 2254 precibus
1511 2195 1743 2255 obtempe-
1767 2202 1858 2236 Par.

47 2324 50 2325 ⁷
122 2269 258 2313 13161,
287 2263 484 2308 minatus
512 2269 607 2308 est:
635 2277 720 2309 nec
746 2265 829 2309 hac
855 2279 904 2310 re
931 2266 1114 2324 incepto
1137 2267 1314 2311 moueri
1335 2266 1501 2326 potuit.
1534 2291 1594 2299 -
1626 2266 1744 2311 Idem

121 2332 230 2378 Cato
259 2347 360 2378 cum
402 2333 630 2379 salutandi
658 2336 804 2394 gratia
832 2342 1143 2395 praetextatus
1171 2337 1224 2389 ad
1253 2335 1423 2382 Sullam
1457 2339 1663 2382 uenisset
1701 2345 1746 2382 et

121 2404 270 2462 capita
305 2404 669 2464 proscriptorum
707 2407 752 2450 in
782 2407 944 2451 atrium
981 2406 1128 2451 adlata
1163 2407 1381 2457 uidisset,
1427 2408 1744 2468 paedagogum
1768 2417 1809 2448 30

125 2486 256 2517 suum
282 2476 464 2519 nomine
493 2474 803 2534 Sarpedonem
837 2477 1169 2536 interrogauit,
1209 2486 1491 2538 quapropter
1517 2492 1648 2523 nemo
1678 2480 1745 2522 in-

123 2543 387 2593 ueniretur,
415 2545 492 2603 qui
522 2549 611 2588 tam
639 2546 868 2592 crudelem
894 2555 1135 2607 tyrannum
1164 2548 1405 2593 occideret.
1468 2556 1511 2593 et
1539 2563 1638 2593 cum
1668 2549 1744 2593 ille

122 2613 347 2659 custodiri
383 2628 407 2659 a
432 2613 654 2660 militibus
682 2616 875 2668 diceret,
912 2630 1014 2663 eum
1041 2624 1092 2663 ut
1125 2617 1211 2663 sibi
1247 2618 1418 2663 serrum
1458 2619 1584 2663 daret
1612 2618 1745 2664 obse—

236 2752 261 2790 2
297 2752 472 2792 moueri
508 2752 596 2792 Pb:
634 2764 811 2792 morere
841 2753 884 2792 B
919 2759 965 2794 ut
994 2756 1162 2794 uidetur
1228 2756 1254 2794 3
1288 2754 1522 2795 hominum
1551 2756 1594 2795 B
1606 2788 1616 2807 ‚
1666 2770 1741 2797 em.

75 2814 84 2818 “
125 2806 317 2859 Lipsius,
368 2807 541 2848 homini
571 2811 665 2849 tum
697 2809 905 2849 Foercsclz
982 2813 1010 2849 4
1046 2812 1286 2851 senatore*
1320 2824 1377 2851 ne
1415 2811 1661 2865 desperare
1690 2813 1742 2852 „B

123 2863 151 2902 6
178 2863 418 2916 praecepit
438 2866 608 2905 Periz.:
639 2866 848 2918 percepit
868 2865 935 2917 B,
966 2867 1047 2906 sed
1074 2879 1157 2920 per
1183 2868 1225 2907 in
1247 2869 1376 2908 litura
1444 2870 1469 2909 9
1497 2873 1742 2922 praetexa-

125 2919 197 2958 tus
219 2919 262 2958 B
322 2920 374 2960 15
403 2919 528 2961 salus
552 2923 649 2961 eius
672 2923 774 2963 dett.
787 2935 802 2962 .·
833 2921 954 2974 sylla
974 2922 1018 2962 B
1046 2925 1089 2963 in
1119 2936 1208 2964 ras.
1242 2928 1403 2966 maiore
1461 2928 1513 2966 21
1547 2939 1686 2978 puero
1717 2924 1742 2964 b

124 2973 178 3014 22
202 2987 304 3016 cum
324 2975 519 3018 maxime
540 2977 583 3016 B
642 2980 696 3019 25
719 2979 964 3020 statuisset
982 2979 1025 3019 B
1048 2977 1167 3032 (add.
1189 2995 1240 3021 m.
1264 2985 1291 3023 2
1312 2981 1404 3034 ut),
1440 2997 1514 3024 em.
1538 2983 1713 3035 Lipsius
