1924 3152
555 185 676 235 CAP.
703 187 753 238 v,
781 186 810 246 3
838 190 876 232 3.
905 190 946 234 4.
984 186 1052 238 vl,
1081 165 1278 246 3'1-5,
1628 181 1731 236 143

108 295 234 350 silia
259 294 661 350 ac'molitiones
689 302 876 348 tantae
901 294 983 348 rei
1009 312 1232 366 operam
1258 295 1549 366 gymnasio
1578 293 1732 349 dedit

144 366 380 438 allioque
417 374 474 420 et
499 385 588 419 cre
630 365 737 418 idis
771 384 902 418 usus
939 375 1026 418 est.
1081 384 1182 419 nec
1216 365 1321 418 hac
1353 384 1414 419 re
1450 367 1729 436 segniores

105 386 329 491 {unicis
357 385 692 491 exercitibus
718 454 911 489 manus
938 436 1143 504 intulit,
1173 437 1271 489 sed
1298 437 1482 490 nescio
1510 456 1581 490 an
1605 436 1728 490 ideo

105 508 427 576 alacrioreS,
466 508 596 579 quia
630 514 831 576 uegeta
867 514 922 559 et
956 515 1181 561 strenua
1216 507 1437 577 ingenia
1471 526 1576 579 quo
1602 506 1728 578 plus

101 579 347 633 recessui
379 586 630 646 sumunt,
666 579 768 630 hoc
802 577 1238 631 uehementiores
1273 580 1510 650 impetus
1539 579 1726 632 edunt.
1753 594 1773 627 5

104 649 432 704 crediderim
469 649 635 703 etiam
671 649 918 702 fauorem
954 668 1077 702 eum
1114 650 1386 703 sociorum
1421 650 1732 703 uberiorem

105 741 162 774 se
199 721 527 792 adepturum
563 720 933 787 existimasse,
981 722 1025 773 si
1069 721 1277 774 uictum
1313 739 1500 773 eorum
1537 728 1591 773 et
1627 721 1731 774 sol·

105 792 310 845 lemnes
347 791 767 845 exercitationes
804 793 1214 863 conprobasset.
1266 791 1337 844 ad
1374 810 1509 863 quas
1546 799 1732 845 tamen

102 862 381 930 ueniebat,
432 881 557 915 cum
592 861 822 915 multum
859 881 922 915 ac
958 862 1053 915 diu
1090 862 1381 932 fatigasset
1423 881 1642 915 umeros
1677 869 1732 915 et

102 941 287 987 cetera
324 933 572 987 membra
605 933 830 986 militari
876 933 1177 1003 agitatione
1212 933 1530 987 firmitatem
1577 951 1732 986 suam
1754 950 1796 981 10

100 1005 337 1076 probare
374 1005 665 1074 coegisset,
714 1004 1156 1076 consistebatque
1193 1005 1251 1055 in
1283 1005 1368 1058 his
1402 1005 1560 1058 labor
1595 1004 1731 1072 eius,

101 1078 157 1128 in
183 1075 294 1128 illis
320 1075 566 1128 remissio
594 1075 815 1129 laboris.

210 1146 262 1198 2.
302 1146 460 1200 Lucii
495 1164 626 1198 uero
654 1145 744 1199 Sci
786 1146 927 1200 ionis
955 1154 1196 1199 statuam
1230 1145 1641 1217 chlamydatam
1676 1153 1731 1198 et

101 1217 450 1288 crepidatam·
472 1217 530 1269 in
559 1166 833 1287 Capitolio
870 1217 1159 1269 cernimus.
1190 1232 1193 1234 ·
1221 1235 1327 1288 quo
1354 1217 1548 1270 habitu
1577 1215 1730 1269 uide·

100 1287 247 1356 licet,
275 1289 405 1359 quia
431 1287 725 1359 aliquando
752 1306 883 1340 usus
913 1295 1054 1354 erat,
1084 1287 1325 1357 effigiem
1352 1306 1507 1340 suam
1532 1287 1729 1340 forma·
1754 1303 1796 1336 15

105 1367 219 1412 tam
243 1358 375 1430 poni
401 1358 594 1412 uoluit.
911 1403 914 1405 .
1620 1418 1624 1420 μ

207 1429 257 1483 3.
297 1430 361 1483 L.
388 1447 604 1501 quoque
627 1430 796 1496 Sulla,
824 1449 949 1482 cum
974 1430 1272 1500 imperator
1300 1437 1460 1496 esset,
1489 1429 1730 1498 chlamy-

104 1501 230 1554 dato
257 1500 362 1554 sibi
389 1508 443 1553 et
467 1500 749 1571 crepidato
775 1499 1007 1572 Neapoli
1036 1501 1319 1554 ambulare
1351 1501 1596 1554 deforme
1621 1519 1730 1554 non

103 1571 276 1624 duxit.

207 1642 258 1695 4.
299 1642 360 1695 C.
388 1650 571 1695 autem
597 1642 881 1710 Duellius,
910 1643 1003 1713 qui
1027 1643 1235 1713 primus
1261 1642 1517 1695 naualem
1543 1641 1729 1695 trium·
1753 1659 1795 1690 20

101 1713 274 1782 phum
317 1730 387 1764 ex
420 1712 618 1765 Poenis
663 1713 899 1780 rettulit,
946 1714 1431 1784 quotienscumque
1474 1712 1727 1783 epulatus

104 1790 246 1849 erat,
285 1782 354 1835 ad
380 1782 623 1835 funalem
650 1801 867 1836 cereum
892 1785 1242 1854 praecinente
1267 1783 1493 1836 tibicine
1530 1790 1586 1836 et
1608 1782 1728 1836 fidi-

105 1855 224 1906 cine
264 1871 297 1905 a
322 1869 458 1906 cena
483 1853 706 1906 domum
729 1854 932 1906 reuerti
959 1853 1148 1906 solitus
1178 1860 1283 1919 est,
1321 1854 1591 1922 insignem
1616 1852 1730 1905 bel-

104 1923 244 1977 licae
268 1924 350 1975 rei
377 1942 689 1976 successum
714 1931 984 1977 nocturna
1011 1922 1381 1977 celebratione
1406 1923 1678 1976 testando,

209 1994 260 2048 5.
310 1993 453 2047 Nam
487 1994 561 2047 M.
598 1995 853 2066 Papirius
890 1995 1110 2066 quidem
1147 1994 1364 2062 MassO,
1421 2012 1546 2047 cum
1592 1994 1732 2048 bene
1754 2009 1797 2043 25

107 2127 293 2175 operam
319 2114 454 2159 etiam
481 2114 719 2174 gymnasio
747 2114 882 2160 dedit.
945 2118 985 2159 2.
1023 2115 1070 2160 L.
1101 2113 1326 2175 Scipionis
1353 2120 1503 2160 statua
1530 2112 1732 2175 chlamy·
1755 2123 1846 2157 Par.

106 2184 208 2230 data
245 2190 290 2230 et
315 2184 543 2245 crepidata
570 2184 615 2230 in
642 2184 867 2246 Capitolio
893 2185 1046 2246 posita
1083 2192 1176 2236 est,
1214 2200 1304 2245 quo
1332 2184 1489 2231 habitu
1514 2199 1626 2231 usus
1654 2184 1734 2231 ali-

108 2255 287 2316 quando
315 2256 374 2301 ita
397 2268 446 2300 se
471 2255 661 2301 formari
687 2256 853 2302 uoluit.
905 2259 943 2302 3.
971 2255 1019 2301 L.
1043 2255 1166 2301 Sulla
1190 2270 1291 2302 cum
1319 2258 1568 2318 imperator
1594 2262 1730 2308 esset,

105 2324 294 2387 Neapoli
331 2326 590 2387 crepidatus
627 2334 672 2372 et
706 2327 1015 2388 chlamydatus
1051 2327 1311 2374 ambulauit.
1388 2331 1429 2373 4.
1467 2326 1513 2372 C.
1541 2326 1731 2378 Duilius,

109 2397 185 2455 qui
222 2397 398 2457 primus
432 2396 638 2443 naualem
677 2398 959 2458 triumphum
996 2412 1049 2443 ex
1074 2397 1238 2444 Poenis
1275 2397 1478 2449 rettulit,
1517 2395 1731 2458 quotiens
1754 2405 1795 2438 30

109 2466 291 2526 publice
317 2466 529 2526 epulatus
556 2474 677 2519 erat,
715 2469 770 2514 ad
794 2468 994 2514 funalem
1021 2482 1202 2514 cereum
1228 2469 1521 2528 praecinente
1547 2468 1732 2515 tibicine

111 2542 156 2581 et
183 2535 361 2582 fidicine
388 2535 709 2583 deducebatur.
762 2542 802 2584 5.
831 2540 885 2584 Μ.
913 2538 1120 2599 Papirius
1150 2553 1198 2584 re
1225 2539 1340 2585 hene
1367 2545 1496 2598 gesta
1523 2553 1624 2584 cum
1654 2538 1733 2583 tri·

222 2661 254 2700 2⁷
280 2662 351 2701 est
371 2671 448 2700 om.
473 2660 515 2700 B
579 2662 600 2701 '2
633 2661 674 2700 si
693 2661 839 2701 uitam
859 2661 902 2700 B
923 2663 967 2701 in
988 2663 1117 2701 litura
1176 2663 1201 2702 9
1233 2661 1381 2702 dium
1412 2659 1489 2712 (οτι)
1510 2659 1730 2711 diutius?)

106 2716 150 2756 B
210 2718 264 2757 13
288 2715 589 2757 clamidatam
610 2716 652 2756 B
676 2716 791 2767 (item
813 2716 963 2757 clami.
986 2732 1026 2757 u.
1047 2716 1119 2769 17)
1179 2719 1234 2758 20
1255 2717 1427 2769 primus
1448 2717 1509 2757 P:
1540 2718 1667 2770 prius
1687 2716 1731 2757 B

107 2773 400 2825 21·quotiens
421 2774 463 2813 P
479 2770 499 2827 Η
522 2773 792 2827 epulaturus
813 2772 867 2821 B,
899 2786 976 2814 em.
1000 2774 1142 2814 Periz.
1167 2774 1222 2824 cf.
1247 2775 1290 2813 P
1345 2775 1398 2813 22
1427 2774 1729 2826 praecinente

111 2829 183 2869 P:·
200 2833 455 2882 praeeunte
476 2830 545 2878 B;
576 2831 632 2883 cf.
655 2831 751 2872 Liu.
774 2830 877 2875 Per.
900 2832 955 2869 17
982 2829 1172 2871 tibicine
1206 2832 1440 2882 canente,'
1461 2830 1580 2872 Flor.
1613 2833 1653 2881 1,
1673 2831 1731 2878 18

107 2881 168 2936 (2,
191 2884 240 2936 2)
270 2884 296 2935 ξ
319 2888 375 2926 10
403 2887 676 2939 praecinere
706 2886 799 2928 sibi
819 2886 961 2926 tibias
983 2886 1122 2927 iussit
1188 2887 1242 2927 25
1269 2886 1387 2928 Nam
1415 2886 1475 2926 M.
1508 2899 1607 2928 nos:
1640 2898 1739 2947 *itm-

107 2940 152 2980 B
175 2939 252 2991 (eae
271 2942 344 2994 P),
374 2942 493 2984 Nam
514 2945 613 2985 edd.

220 2999 274 3039 29
298 2998 450 3040 dulius
478 3000 523 3040 V
527 2993 552 3050 ',
587 2999 789 3041 duellius
816 2999 858 3039 V
876 3012 990 3041 corr.
