1924 3152
167 103 273 156 282
427 67 428 70 Ἴ
818 72 821 73 ’
868 108 968 153 Lm.
1005 107 1072 163 Vl-

275 216 325 267 8.
364 215 594 266 Heluius
623 214 844 266 Mancia
870 215 1192 266 Formianus
1208 254 1222 280 ,
1261 214 1502 268 libertini
1527 215 1672 270 filius
1698 216 1780 269 ul-

168 287 331 337 timae
361 284 680 351 senectutiS,
719 285 782 336 L.
810 284 1079 337 Libonem
1104 285 1250 356 apud
1280 303 1531 339 censores
1558 304 1777 341 accusa-

164 357 278 408 bat.
330 356 387 405 in
414 374 519 435 quo
550 357 843 407 certamine
871 374 993 407 cum
1019 355 1313 426 Pompeius
1341 355 1578 425 Magnus
1605 356 1778 409 humi-v

165 425 375 477 litatem
397 443 444 476 e1
467 433 809 496 aetatemque
837 427 1198 495 exprobrans,
1226 427 1295 479 ab
1317 426 1509 479 inferis
1529 425 1683 479 illum
1708 427 1781 479 ad

121 512 141 543 5
167 494 534 547 accusandum
553 497 841 548 remissum
863 496 1114 563 dixisset,
1144 505 1272 549 ‘non
1286 497 1573 564 mentiris',
1601 497 1780 568 inquit

165 566 449 636 ‘Pompei’:
491 567 650 618 uenio
689 568 830 618 enim
867 569 936 620 ab
964 567 1181 633 inferiS,
1220 569 1278 618 in
1305 567 1366 619 L.
1396 567 1662 620 Libonem
1691 586 1776 620 ac-

165 644 386 689 cusator
420 638 595 691 uenio.
649 637 747 689 sed
783 637 911 689 dum
948 636 1059 689 illic
1096 655 1303 703 moror,
1347 637 1467 690 uidi
1493 646 1776 690 cruentum

165 706 584 760 Cn.Domitium
596 707 1047 775 Ahenobarbum,
1078 707 1365 759 deflentem
1392 707 1535 778 quod
1564 727 1774 762 summo

162 795 360 846 genere
387 786 575 844 natus,
614 779 998 846 integerrimae
1034 778 1209 842 uitae,
1248 777 1656 829 amantissimus
1683 797 1776 848 pa-

98 871 138 901 10
160 850 323 914 triae,
359 849 416 899 in
441 849 561 916 ipso
589 848 846 900 iuuentae
874 848 1006 901 flore
1034 857 1127 900 tuo
1165 848 1318 899 iussu
1353 855 1498 899 esset
1535 849 1772 900 occisus:

160 918 277 970 uidi
302 919 423 988 pari
448 918 696 972 claritate
724 920 1078 988 conspicuum
1103 917 1179 970 M.
1209 920 1441 971 Brutum
1465 918 1610 971 ferro
1637 918 1775 971 lace-

159 996 354 1053 ratum,
383 998 698 1059 querentem
725 989 782 1040 id
810 989 916 1041 sibi
942 990 1095 1059 prius
1123 988 1372 1059 perfidia,
1402 987 1598 1040 deinde
1611 986 1777 1042 etiam

161 1058 488 1111 crudelitate
526 1068 622 1111 tua
658 1060 952 1111 accidisse:
994 1059 1112 1110 uidi
1140 1059 1240 1111 Cn.
1269 1058 1599 1125 Carbonem,
1628 1077 1774 1111 acer-

157 1130 358 1181 rimum
386 1130 652 1199 pueritiae
679 1139 805 1182 tuae
831 1131 1205 1200 bonorumque
1231 1131 1403 1199 patris
1425 1131 1505 1182 tui
1524 1129 1774 1184 defenso-

95 1222 136 1254 15
159 1218 297 1266 rem,
334 1200 392 1250 in
417 1202 577 1253 tertio
605 1200 892 1253 consulatu
919 1200 1150 1265 eatenis,
1189 1219 1321 1270 quas
1349 1208 1410 1252 tu
1437 1201 1487 1251 ei
1512 1200 1642 1252 inici
1667 1201 1774 1253 ius-

159 1288 326 1337 seraS,
353 1270 615 1338 uinctum,
645 1271 1010 1323 obtestantem
1031 1289 1088 1321 se
1117 1270 1381 1321 aduersus
1412 1289 1570 1322 omne
1596 1271 1682 1322 fas
1710 1289 1774 1323 ac

157 1339 341 1407 nefas,
382 1359 502 1392 cum
530 1342 587 1391 in
615 1360 821 1393 summo
850 1349 994 1392 esset
1028 1340 1283 1410 imperio,
1321 1359 1352 1391 a
1379 1348 1432 1392 te
1461 1340 1641 1410 equite
1667 1341 1773 1394 Ro-

157 1429 319 1463 mano
364 1411 720 1462 trucidatum:
781 1410 899 1462 uidi
945 1410 1135 1463 eodem
1180 1411 1374 1463 habitu
1417 1419 1470 1463 et
1506 1410 1772 1480 quiritatu

155 1481 490 1550 praetorium
525 1482 703 1532 uirum
741 1481 1083 1551 Perpennam
1120 1481 1408 1532 saeuitiam
1451 1488 1602 1532 tuam
1647 1501 1770 1534 exe-

88 1572 134 1605 ρο
157 1559 419 1618 orantem,
460 1569 752 1622 omnesque
778 1571 870 1604 eos
901 1570 1012 1603 una
1048 1569 1181 1603 uoce
1212 1551 1578 1620 indignanteS,
1625 1552 1774 1622 quod

154 1620 458 1674 indemnati
483 1622 583 1674 sub
607 1630 659 1674 te
687 1621 1094 1674 adulescentulo
1123 1621 1376 1672 carnifice
1404 1620 1771 1674 occidissent'.

155 1691 397 1744 obducta
431 1692 540 1743 iam
575 1695 808 1744 uetustis
847 1692 1197 1744 cicatricibus
1234 1690 1501 1744 bellorum
1527 1692 1773 1744 ciuilium

153 1762 472 1815 uastissima
497 1762 725 1814 uulnera
751 1761 1068 1832 municipali
1094 1762 1318 1828 homini,
1349 1761 1666 1814 seruitutem
1679 1781 1771 1833 pa-

154 1842 363 1885 ternam
390 1832 685 1900 redolenti,
715 1834 1010 1885 effrenatae
1036 1833 1379 1899 temeritatis,
1407 1831 1770 1886 intolerabilis

90 1925 131 1956 25
156 1903 407 1973 spiritUS,
444 1903 646 1973 inpune
681 1923 941 1956 reuocare
978 1903 1149 1955 licuit.
1224 1903 1411 1972 itaque
1438 1921 1499 1954 eo
1527 1910 1770 1974 tempore

155 1982 208 2026 et
233 1974 594 2027 fortissimum
622 1983 737 2035 erat
760 1974 1131 2044 Cn.Pompeio
1159 1973 1299 2024 male
1328 1972 1507 2024 dicere
1535 1981 1587 2024 et
1611 1975 1769 2026 tutis-

35 2077 129 2112 Par.
155 2078 448 2138 exprobrans.
539 2082 578 2123 8.
631 2079 818 2123 Heluius
862 2078 1027 2122 Mancia
1072 2078 1355 2127 Formianus‚
1400 2075 1599 2121 libertini
1648 2077 1768 2123 filius

153 2148 340 2192 ultimae
367 2150 638 2199 senectutis,
677 2149 893 2194 Libonem
919 2147 1035 2207 apud
1063 2161 1277 2192 censores
1299 2147 1551 2192 accusabat.
1603 2148 1648 2191 in
1677 2162 1767 2207 quo

153 2218 399 2264 certamine
435 2233 535 2263 cum
574 2221 614 2263 ei
648 2219 723 2263 Cn.
761 2218 1003 2277 Pompeius
1048 2217 1348 2262 humilitatem
1393 2217 1673 2277 exprobrans
1714 2217 1767 2263 ab

87 2299 130 2332 30
153 2288 312 2334 inferis
341 2288 466 2333 illum
494 2289 547 2334 ad
574 2289 872 2333 accusandum
900 2290 1138 2332 remissum
1166 2287 1365 2336 dixisset,
1393 2285 1503 2332 enon
1524 2289 1767 2338 mentiris',

154 2360 314 2418 inquit,
341 2358 551 2420 Pompei:
581 2361 715 2403 uenio
738 2359 852 2403 enim
882 2358 935 2403 ab
964 2358 1120 2402 inferis
1149 2365 1412 2403 accusator:
1441 2358 1518 2402 sed
1545 2357 1649 2403 dum
1675 2358 1768 2404 illic

153 2443 309 2474 moror
334 2429 440 2479 uidi,
471 2429 546 2475 Cn.
574 2429 782 2489 Pompei,
811 2430 1051 2474 Domitium
1078 2428 1452 2479 Ahenobarbum,
1480 2427 1535 2472 M.
1561 2429 1766 2482 Brutum,

151 2498 227 2545 Cn.
256 2499 518 2550 Carbonem,
545 2501 816 2560 Perpernam
847 2507 1130 2559 praetorem,
1169 2501 1293 2544 uiros
1321 2498 1599 2544 clarissimos
1626 2499 1767 2554 scele-

153 2570 216 2615 ris
246 2572 310 2615 tui
338 2571 500 2616 indicia
539 2570 926 2620 circumferentis,
970 2584 1085 2629 quos
1122 2569 1361 2614 admodum
1399 2569 1765 2614 adulescentulus

266 2681 291 2719 9
312 2684 493 2720 *matus
515 2680 557 2719 B
619 2681 669 2720 10
690 2680 931 2719 iuuentute
953 2679 1008 2725 B,
1032 2679 1088 2728 cf.
1114 2680 1173 2718 ad
1193 2680 1334 2725 6,1z·n.
1398 2679 1447 2717 ll
1471 2677 1606 2719 M.P.·
1636 2675 1764 2717 om.B

155 2737 205 2776 16
226 2736 402 2775 uictum
423 2729 479 2775 B'
499 2733 517 2789 [l
541 2749 588 2775 se
613 2737 793 2788 Kempf:
816 2739 860 2775 te
887 2736 928 2775 B
969 2737 1023 2774 22
1046 2738 1182 2774 uetus
1206 2727 1273 2778 B'.
1295 2734 1435 2773 uietis
1459 2733 1502 2774 Γ
1556 2734 1610 2772 24
1632 2730 1768 2771 effre-

151 2791 317 2832 nataB
337 2788 356 2845 ΙΙ
377 2792 673 2832 temeritateb
695 2790 713 2845 Η
734 2791 1053 2832 intolerabiles
1064 2784 1118 2829 B'
1159 2792 1212 2830 25
1234 2789 1513 2838 τεηοοεΥἰΒ,
1535 2800 1763 2828 renouare

154 2849 276 2900 Lips.
289 2848 742 2901 quoduerumuidetar!
754 2847 923 2899 leodem
934 2851 1137 2900 ternpore
1147 2847 1196 2893 F,
1208 2847 1266 2898 cf.
1276 2846 1443 2897 Kempf
1465 2846 1518 2884 26
1529 2844 1711 2897 pompei
1725 2844 1764 2883 Β

265 2905 319 2944 28
342 2917 576 2944 censorem
606 2905 647 2943 V
703 2906 758 2944 34
779 2903 954 2943 iudicia
982 2904 1021 2943 V
