1936 3120
940 0 1786 36 WWw-‘Wmfflwst

759 154 875 200 CAP.
903 155 950 205 v,
991 154 1021 213 g
1050 157 1186 200 1—5.
1677 149 1779 202 357

274 263 326 315 3.
364 260 560 314 Nullus
607 280 762 315 error
806 260 932 313 talis
967 261 1026 312 in
1064 261 1128 313 L.
1169 260 1404 312 Aemilio
1443 260 1612 313 Paulo
1655 279 1780 315 con-

167 342 386 404 spectus
414 340 515 399 est,
544 332 641 384 sed
660 340 842 384 tamen
863 331 1189 401 aliquotiens
1210 332 1418 383 frustra
1438 330 1782 384 consulatum

166 404 342 475 petiit.
392 403 662 473 idemque,
691 422 814 454 cum
839 402 950 453 iam
975 420 1228 471 campum
1253 401 1487 472 repulsis
1516 403 1629 454 suis
1656 402 1781 453 fati-

166 481 380 544 gasset,
431 473 520 525 bis·
564 471 754 524 consul
808 481 862 524 et
907 490 1099 524 censor
1154 473 1348 524 factus
1384 472 1781 542 amplissimum

166 545 332 597 etiam
359 543 646 612 dignitatis
674 542 908 611 gradum
931 542 1183 595 obtinuit.
1235 544 1388 595 cuius
1415 544 1674 594 uirtutem
1699 542 1778 594 in·
1801 562 1823 595 5

166 614 338 667 iuriae
365 633 473 666 non
498 613 800 682 fregerunt,
831 613 927 665 sed
954 622 1245 679 acuerunt,
1275 614 1531 683 quoniam
1559 613 1779 683 quidem

164 685 286 755 ipsa
319 693 452 738 nota
485 702 770 735 accensam
814 683 1170 753 cupiditatem
1208 684 1404 735 summi
1439 683 1660 736 honoris
1697 701 1779 735 ar—

166 755 468 808 dentiorem
495 754 566 806 ad
593 754 814 807 comitia
842 753 1053 819 detulit,
1080 761 1141 805 ut
1166 755 1444 824 populum,
1473 755 1602 824 quia
1626 753 1780 806 nobi-

162 825 334 877 litatis
363 824 651 895 splendore
679 832 733 876 et
759 825 926 875 animi
952 825 1111 876 bonis
1128 843 1349 877 mouere
1375 843 1482 876 non
1507 831 1778 894 potuerat,

163 895 467 966 pertinacia
490 895 749 946 uinceret.
1802 914 1844 947 10

270 966 322 1017 4.
364 966 630 1031 Quintum
667 972 849 1017 autem
879 964 1178 1017 Caecilium
1216 965 1499 1017 Metellum
1532 969 1690 1034 pauci
1726 971 1782 1016 et

164 1036 360 1088 maesti
396 1037 558 1087 amici
594 1036 904 1088 consulatus
939 1035 1157 1106 repulsa
1201 1035 1507 1100 adflictum,
1555 1035 1783 1087 tristitia

165 1125 230 1159 ac
262 1107 462 1159 rubore
498 1106 745 1175 plenum,
785 1106 1005 1159 domum
1038 1107 1402 1158 reduxerunt:
1457 1106 1687 1157 eundem
1713 1105 1781 1157 de

164 1176 630 1247 Pseudophilippo
658 1176 1083 1246 triumphantem
1102 1177 1391 1232 uniuersus
1422 1183 1644 1227 senatus
1671 1174 1779 1226 lae·

163 1253 279 1300 tum
299 1255 352 1299 et
371 1245 607 1299 alacrem
630 1249 687 1298 in
705 1247 1035 1317 Capitolium
1054 1256 1374 1317 prosecutus
1399 1255 1516 1298 ests
1549 1245 1781 1298 Achaici
1803 1264 1845 1297 15

163 1318 327 1370 etiam
352 1317 508 1383 belli,
546 1318 633 1369 cui
671 1337 937 1370 summam
971 1331 1190 1370 manum
1218 1318 1282 1369 L.
1310 1317 1603 1369 Mummius
1633 1314 1779 1368 adie-

164 1388 254 1454 cit,
282 1388 526 1440 maxima
546 1407 672 1458 pars
696 1389 764 1441 ab
785 1389 887 1440 hoc
906 1389 1027 1441 uiro
1047 1388 1338 1459 profligata
1359 1396 1458 1439 est.
1511 1388 1629 1438 eine
1651 1404 1779 1455 ergo

162 1458 395 1529 populus
423 1457 764 1510 consulatum
790 1478 992 1528 negare
1018 1459 1216 1529 potuit,
1245 1459 1333 1510 cui
1360 1477 1488 1510 mox
1515 1457 1652 1508 duas
1674 1457 1780 1508 cla-

162 1528 414 1580 rissimas
448 1529 762 1598 prouincias
801 1538 896 1581 aut
932 1530 1161 1581 daturus
1200 1538 1316 1581 erat
1352 1540 1445 1580 aut
1474 1528 1778 1593 debiturus,

163 1598 431 1650 Achaiam
458 1606 512 1650 et
536 1599 954 1653 Macedoniam?
1005 1609 1058 1652 et
1084 1601 1301 1670 quidem
1332 1599 1432 1652 hoc
1458 1599 1604 1651 facto
1630 1596 1778 1650 meli·
1803 1616 1845 1647 20

164 1687 256 1721 ore
283 1686 344 1720 eo
373 1668 493 1720 ciue
518 1687 649 1720 usus
679 1666 784 1721 est':
850 1669 1123 1721 intellexit
1151 1670 1294 1721 enim
1321 1688 1484 1739 quam
1511 1668 1779 1720 industrie

165 1738 271 1790 sibi
307 1738 580 1806 gerendus
620 1748 763 1791 esset
809 1739 1153 1806 consulatus)
1202 1758 1362 1809 quem
1397 1748 1548 1790 tanto
1592 1738 1780 1790 labore

97 1822 100 1824 ’
163 1809 448 1878 impetrari
475 1818 737 1876 senserat.

268 1879 318 1931 5.
361 1878 508 1944 Quid
534 1886 648 1930 tam
675 1878 963 1946 excellens,
992 1879 1125 1949 quid
1146 1887 1259 1931 tam
1280 1879 1594 1949 opulentum
1615 1896 1778 1948 quam

161 1948 222 2000 L.
244 1947 434 2001 Sulla?
474 1948 716 2016 diuitias,
738 1950 969 2020 imperia
988 1950 1217 2018 largitus
1240 1957 1338 2015 est,
1360 1949 1507 2018 leges
1530 1956 1784 2011 uetustas.
1803 1965 1846 1998 25

165 2019 476 2087 abrogauit,
498 2038 670 2072 nouas
691 2021 833 2073 tulit.
885 2020 972 2072 hic
993 2039 1207 2090 quoque
1230 2021 1285 2071 in
1309 2038 1370 2071 eo
1393 2038 1603 2088 campo,
1625 2020 1777 2070 cuius

160 2097 353 2160 postea
380 2090 631 2142 dominus
660 2092 860 2156 extitit,
888 2090 1107 2160 repulsa
1133 2099 1424 2160 praeturae
1451 2089 1778 2158 suggillatus

163 2167 275 2226 est,
314 2161 496 2211 omnia
521 2160 643 2213 loca
668 2162 828 2231 petiti
853 2161 1076 2214 honoris
1092 2201 1105 2226 ,
1145 2162 1191 2212 si
1218 2162 1338 2230 quis
1364 2161 1526 2213 modo
1555 2160 1779 2213 deorum

162 2305 319 2365 pulsae
346 2306 544 2365 Scipioni
577 2307 675 2351 suit.
751 2310 790 2352 3.
830 2309 878 2352 L.
908 2308 1125 2352 Aemilius
1152 2308 1316 2352 Paulus
1354 2322 1453 2353 cum
1491 2306 1766 2366 aliquotiens
1793 2317 1886 2349 Par.
1923 2355 1927 2358 ,

163 2375 331 2420 frustra
357 2377 551 2435 petisset
578 2378 878 2427 consulatum,
907 2378 1085 2422 tandem
1111 2377 1181 2422 bis
1209 2378 1368 2423 consul
1396 2392 1649 2436 censorque
1678 2377 1765 2421 sac·
1801 2388 1842 2420 30

163 2451 236 2489 tus
265 2451 349 2489 est.
423 2449 465 2492 4.
504 2446 553 2501 Q.
580 2446 808 2491 Metellum
835 2448 966 2506 pauci
995 2454 1040 2491 et
1067 2450 1226 2492 maesti
1254 2448 1383 2492 amici
1413 2448 1674 2491 consulatus
1703 2460 1772 2491 re-

161 2514 292 2574 pulsa
319 2514 571 2566 adflictum,
611 2517 795 2561 tristitia
824 2531 875 2561 ac
901 2531 1104 2562 maerore
1131 2517 1337 2576 plenum,
1381 2518 1560 2561 domum
1588 2517 1778 2561 reduxe-

161 2591 282 2630 runt.
359 2588 398 2627 5.
440 2587 485 2630 L.
515 2586 635 2631 Sulla
675 2587 855 2645 repulsa
889 2594 1128 2646 praeturae
1165 2587 1439 2647 suggillatus
1479 2593 1563 2630 est.
1638 2589 1679 2628 6.
1722 2586 1775 2630 M.

275 2724 300 2762 3
322 2722 441 2774 petit
463 2715 518 2762 B'
578 2724 604 2761 4
628 2726 673 2762 et
696 2735 883 2762 consors
905 2716 962 2761 B'
990 2719 1008 2775 ΙΙ
1049 2723 1202 2763 factus
1225 2721 1247 2763 ὲ
1269 2723 1292 2762 b
1352 2725 1377 2762 9
1402 2723 1566 2762 animis
1586 2723 1697 2763 boni
1720 2722 1774 2767 B,

161 2779 305 2818 animi
328 2781 398 2818 sui
420 2780 554 2819 bonis
576 2779 600 2819 b
681 2781 732 2819 12
776 2779 998 2819 afflictum
1020 2778 1062 2817 B
1084 2781 1125 2819 in
1148 2792 1251 2826 ras„
1277 2780 1483 2819 afflatum
1506 2780 1600 2819 cod.
1624 2778 1774 2818 Acreb.

162 2835 215 2875 13
236 2834 398 2875 robore
420 2836 605 2888 plenam
627 2829 683 2874 B'
745 2837 797 2875 14
818 2835 988 2887 pemdo
1010 2835 1217 2888 philippo
1239 2835 1281 2875 B
1341 2838 1395 2876 20
1418 2839 1463 2875 et
1498 2836 1612 2883 (ante
1634 2834 1774 2886 Mac.)

161 2903 222 2930 m:
255 2895 335 2930 aut
354 2890 396 2929 B
457 2895 510 2933 23
532 2893 767 2943 impetrati
788 2886 856 2940 B',
881 2890 1132 2944 impetratu
1161 2906 1199 2933 u.
1223 2894 1249 2935 l.
1271 2894 1317 2940 in
1335 2905 1412 2945 ηις.
1432 2891 1473 2931 Β
1493 2888 1512 2945 ΙΙ
1534 2895 1777 2931 senserant

160 2945 204 2985 B
262 2948 315 2986 27
336 2948 596 3002 suggilatus
618 2941 674 2988 B'
1697 2943 1716 2959 ⁶
