<?xml version="1.0" encoding="UTF-8"?>
<!DOCTYPE html PUBLIC "-//W3C//DTD XHTML 1.0 Transitional//EN"
    "http://www.w3.org/TR/xhtml1/DTD/xhtml1-transitional.dtd">
<html xmlns="http://www.w3.org/1999/xhtml" xml:lang="en" lang="en">
 <head>
  <title>
</title>
<meta http-equiv="Content-Type" content="text/html;charset=utf-8" />
  <meta name='ocr-system' content='tesseract 3.04.00' />
  <meta name='ocr-capabilities' content='ocr_page ocr_carea ocr_par ocr_line ocrx_word'/>
</head>
<body>
  <div class='ocr_page' id='page_1' title='image "./factorumetdictor00valeuoft_0319.png"; bbox 0 0 1924 3152; ppageno 0'>
   <div class='ocr_carea' id='block_1_1' title="bbox 19 0 566 74">
    <p class='ocr_par' dir='ltr' id='par_1_1' title="bbox 19 0 566 74">
     <span class='ocr_line' id='line_1_1' title="bbox 19 0 566 74; baseline 0.004 -2"><span class='ocrx_word' id='word_1_1' title='bbox 19 0 566 74; x_wconf 95' lang='lat' dir='ltr'>  </span> 
     </span>
    </p>
   </div>
   <div class='ocr_carea' id='block_1_2' title="bbox 146 69 286 90">
    <p class='ocr_par' dir='ltr' id='par_1_2' title="bbox 146 69 286 90">
     <span class='ocr_line' id='line_1_2' title="bbox 146 69 286 90; baseline 0.007 -1"><span class='ocrx_word' id='word_1_2' title='bbox 146 75 209 90; x_wconf 55' lang='grc' dir='ltr'>-ὶν</span> <span class='ocrx_word' id='word_1_3' title='bbox 259 69 286 77; x_wconf 87' lang='grc'>·”</span> 
     </span>
    </p>
   </div>
   <div class='ocr_carea' id='block_1_3' title="bbox 22 74 188 102">
    <p class='ocr_par' dir='ltr' id='par_1_3' title="bbox 22 74 188 102">
     <span class='ocr_line' id='line_1_3' title="bbox 22 74 188 102; baseline 0 0"><span class='ocrx_word' id='word_1_4' title='bbox 22 74 188 102; x_wconf 95' lang='lat' dir='ltr'>  </span> 
     </span>
    </p>
   </div>
   <div class='ocr_carea' id='block_1_4' title="bbox 771 137 1825 210">
    <p class='ocr_par' dir='ltr' id='par_1_4' title="bbox 771 137 1825 210">
     <span class='ocr_line' id='line_1_4' title="bbox 771 137 1825 210; baseline -0.003 -12"><span class='ocrx_word' id='word_1_5' title='bbox 771 151 986 203; x_wconf 80' lang='lat' dir='ltr'>cAP.111,</span> <span class='ocrx_word' id='word_1_6' title='bbox 1026 150 1056 210; x_wconf 67' lang='lat' dir='ltr'>g</span> <span class='ocrx_word' id='word_1_7' title='bbox 1081 137 1251 196; x_wconf 74' lang='grc'><strong>5-11.</strong></span> <span class='ocrx_word' id='word_1_8' title='bbox 1720 143 1825 196; x_wconf 82' lang='lat'>291</span> 
     </span>
    </p>
   </div>
   <div class='ocr_carea' id='block_1_5' title="bbox 196 254 1866 736">
    <p class='ocr_par' dir='ltr' id='par_1_5' title="bbox 196 254 1866 736">
     <span class='ocr_line' id='line_1_5' title="bbox 198 254 1826 329; baseline -0.003 -16"><span class='ocrx_word' id='word_1_9' title='bbox 198 260 503 325; x_wconf 89' lang='lat' dir='ltr'>consulem,</span> <span class='ocrx_word' id='word_1_10' title='bbox 538 259 673 311; x_wconf 91' lang='lat' dir='ltr'>item</span> <span class='ocrx_word' id='word_1_11' title='bbox 697 258 940 326; x_wconf 86' lang='lat' dir='ltr'>Licinia,</span> <span class='ocrx_word' id='word_1_12' title='bbox 978 276 1118 329; x_wconf 90' lang='lat' dir='ltr'>quae</span> <span class='ocrx_word' id='word_1_13' title='bbox 1145 255 1441 310; x_wconf 85' lang='lat' dir='ltr'>Claudium</span> <span class='ocrx_word' id='word_1_14' title='bbox 1467 254 1719 309; x_wconf 91' lang='lat' dir='ltr'>Asellum</span> <span class='ocrx_word' id='word_1_15' title='bbox 1744 256 1826 308; x_wconf 91' lang='lat' dir='ltr'>ui-</span> 
     </span>
     <span class='ocr_line' id='line_1_6' title="bbox 197 327 1824 400; baseline -0.002 -17"><span class='ocrx_word' id='word_1_16' title='bbox 197 350 288 385; x_wconf 91' lang='lat' dir='ltr'>ros</span> <span class='ocrx_word' id='word_1_17' title='bbox 318 348 447 384; x_wconf 89' lang='lat' dir='ltr'>suos</span> <span class='ocrx_word' id='word_1_18' title='bbox 483 348 696 382; x_wconf 90' lang='lat' dir='ltr'>ueneno</span> <span class='ocrx_word' id='word_1_19' title='bbox 735 338 1094 396; x_wconf 88' lang='lat' dir='ltr'>necauerant,</span> <span class='ocrx_word' id='word_1_20' title='bbox 1130 328 1565 400; x_wconf 89' lang='lat' dir='ltr'>propinquorum</span> <span class='ocrx_word' id='word_1_21' title='bbox 1605 327 1824 380; x_wconf 89' lang='lat' dir='ltr'>decreto</span> 
     </span>
     <span class='ocr_line' id='line_1_7' title="bbox 200 397 1826 471; baseline -0.002 -17"><span class='ocrx_word' id='word_1_22' title='bbox 200 399 576 471; x_wconf 81' lang='lat' dir='ltr'>strangulatae</span> <span class='ocrx_word' id='word_1_23' title='bbox 603 407 746 453; x_wconf 89' lang='lat' dir='ltr'>sunt.</span> <span class='ocrx_word' id='word_1_24' title='bbox 807 417 918 452; x_wconf 91' lang='lat' dir='ltr'>non</span> <span class='ocrx_word' id='word_1_25' title='bbox 945 400 1091 453; x_wconf 89' lang='lat' dir='ltr'>enim</span> <span class='ocrx_word' id='word_1_26' title='bbox 1115 406 1452 469; x_wconf 86' lang='lat' dir='ltr'>putauerunt</span> <span class='ocrx_word' id='word_1_27' title='bbox 1488 397 1826 451; x_wconf 90' lang='lat' dir='ltr'>seuerissimi</span> 
     </span>
     <span class='ocr_line' id='line_1_8' title="bbox 196 468 1823 540; baseline -0.002 -15"><span class='ocrx_word' id='word_1_28' title='bbox 196 473 303 525; x_wconf 93' lang='lat' dir='ltr'>uiri</span> <span class='ocrx_word' id='word_1_29' title='bbox 338 473 398 535; x_wconf 87' lang='lat' dir='ltr'>in</span> <span class='ocrx_word' id='word_1_30' title='bbox 433 478 546 524; x_wconf 91' lang='lat' dir='ltr'>tam</span> <span class='ocrx_word' id='word_1_31' title='bbox 582 469 829 524; x_wconf 90' lang='lat' dir='ltr'>euidenti</span> <span class='ocrx_word' id='word_1_32' title='bbox 865 470 1067 523; x_wconf 89' lang='lat' dir='ltr'>scelere</span> <span class='ocrx_word' id='word_1_33' title='bbox 1102 469 1330 539; x_wconf 84' lang='lat' dir='ltr'>longum</span> <span class='ocrx_word' id='word_1_34' title='bbox 1364 468 1620 540; x_wconf 89' lang='lat' dir='ltr'>publicae</span> <span class='ocrx_word' id='word_1_35' title='bbox 1659 486 1823 540; x_wconf 86' lang='lat' dir='ltr'>quae-</span> 
     </span>
     <span class='ocr_line' id='line_1_9' title="bbox 199 541 1866 611; baseline -0.002 -15"><span class='ocrx_word' id='word_1_36' title='bbox 199 542 392 596; x_wconf 85' lang='lat' dir='ltr'>stionis</span> <span class='ocrx_word' id='word_1_37' title='bbox 428 548 539 594; x_wconf 85' lang='lat' dir='ltr'>tem</span> <span class='ocrx_word' id='word_1_38' title='bbox 579 559 644 594; x_wconf 91' lang='lat' dir='ltr'>us</span> <span class='ocrx_word' id='word_1_39' title='bbox 680 542 1101 611; x_wconf 86' lang='lat' dir='ltr'>expectandum.</span> <span class='ocrx_word' id='word_1_40' title='bbox 1175 542 1362 611; x_wconf 91' lang='lat' dir='ltr'>itaque</span> <span class='ocrx_word' id='word_1_41' title='bbox 1399 545 1629 610; x_wconf 83' lang='lat' dir='ltr'>quarum</span> <span class='ocrx_word' id='word_1_42' title='bbox 1668 541 1820 593; x_wconf 90' lang='lat' dir='ltr'>inno·</span> <span class='ocrx_word' id='word_1_43' title='bbox 1845 559 1866 592; x_wconf 87' lang='lat'>5</span> 
     </span>
     <span class='ocr_line' id='line_1_10' title="bbox 197 610 1823 680; baseline -0.001 -15"><span class='ocrx_word' id='word_1_44' title='bbox 197 611 436 665; x_wconf 89' lang='lat' dir='ltr'>centium</span> <span class='ocrx_word' id='word_1_45' title='bbox 455 612 521 665; x_wconf 91' lang='lat' dir='ltr'>de</span> <span class='ocrx_word' id='word_1_46' title='bbox 551 628 771 664; x_wconf 89' lang='lat' dir='ltr'>ensores</span> <span class='ocrx_word' id='word_1_47' title='bbox 791 611 1047 680; x_wconf 87' lang='lat' dir='ltr'>fuissent,</span> <span class='ocrx_word' id='word_1_48' title='bbox 1078 613 1315 665; x_wconf 90' lang='lat' dir='ltr'>sontium</span> <span class='ocrx_word' id='word_1_49' title='bbox 1336 618 1549 677; x_wconf 85' lang='lat' dir='ltr'>mature</span> <span class='ocrx_word' id='word_1_50' title='bbox 1570 610 1823 664; x_wconf 90' lang='lat' dir='ltr'>uindices</span> 
     </span>
     <span class='ocr_line' id='line_1_11' title="bbox 197 685 516 736; baseline -0.003 0"><span class='ocrx_word' id='word_1_51' title='bbox 197 685 516 736; x_wconf 88' lang='lat' dir='ltr'>extiterunt.</span> 
     </span>
    </p>
   </div>
   <div class='ocr_carea' id='block_1_6' title="bbox 190 765 1888 1404">
    <p class='ocr_par' dir='ltr' id='par_1_6' title="bbox 190 765 1888 1404">
     <span class='ocr_line' id='line_1_12' title="bbox 303 765 1826 838; baseline -0.002 -17"><span class='ocrx_word' id='word_1_52' title='bbox 303 768 355 821; x_wconf 89' lang='lat'>9.</span> <span class='ocrx_word' id='word_1_53' title='bbox 393 767 596 838; x_wconf 88' lang='lat' dir='ltr'>Magno</span> <span class='ocrx_word' id='word_1_54' title='bbox 625 767 830 821; x_wconf 90' lang='lat' dir='ltr'>scelere</span> <span class='ocrx_word' id='word_1_55' title='bbox 864 767 1063 820; x_wconf 91' lang='lat' dir='ltr'>horum</span> <span class='ocrx_word' id='word_1_56' title='bbox 1101 767 1365 819; x_wconf 89' lang='lat' dir='ltr'>seueritas</span> <span class='ocrx_word' id='word_1_57' title='bbox 1393 768 1465 819; x_wconf 90' lang='lat' dir='ltr'>ad</span> <span class='ocrx_word' id='word_1_58' title='bbox 1493 765 1826 836; x_wconf 79' lang='lat' dir='ltr'>exigendam</span> 
     </span>
     <span class='ocr_line' id='line_1_13' title="bbox 193 835 1824 907; baseline -0.001 -16"><span class='ocrx_word' id='word_1_59' title='bbox 193 837 495 891; x_wconf 89' lang='lat' dir='ltr'>uindictam</span> <span class='ocrx_word' id='word_1_60' title='bbox 520 838 796 893; x_wconf 85' lang='lat' dir='ltr'>concitata</span> <span class='ocrx_word' id='word_1_61' title='bbox 822 847 936 906; x_wconf 90' lang='lat' dir='ltr'>est,</span> <span class='ocrx_word' id='word_1_62' title='bbox 973 837 1181 907; x_wconf 82' lang='lat' dir='ltr'>Egnati</span> <span class='ocrx_word' id='word_1_63' title='bbox 1208 846 1394 891; x_wconf 89' lang='lat' dir='ltr'>autem</span> <span class='ocrx_word' id='word_1_64' title='bbox 1419 837 1635 890; x_wconf 82' lang='lat' dir='ltr'>Meceni</span> <span class='ocrx_word' id='word_1_65' title='bbox 1659 835 1824 906; x_wconf 86' lang='lat' dir='ltr'>longe</span> 
     </span>
     <span class='ocr_line' id='line_1_14' title="bbox 195 907 1887 980; baseline -0.001 -18"><span class='ocrx_word' id='word_1_66' title='bbox 195 910 406 962; x_wconf 92' lang='lat' dir='ltr'>minore</span> <span class='ocrx_word' id='word_1_67' title='bbox 433 908 501 961; x_wconf 88' lang='lat' dir='ltr'>de</span> <span class='ocrx_word' id='word_1_68' title='bbox 529 926 720 977; x_wconf 85' lang='lat' dir='ltr'>causa,</span> <span class='ocrx_word' id='word_1_69' title='bbox 759 909 852 980; x_wconf 89' lang='lat' dir='ltr'>qui</span> <span class='ocrx_word' id='word_1_70' title='bbox 878 926 1137 976; x_wconf 85' lang='lat' dir='ltr'>uxorem,</span> <span class='ocrx_word' id='word_1_71' title='bbox 1177 907 1322 979; x_wconf 90' lang='lat' dir='ltr'>quod</span> <span class='ocrx_word' id='word_1_72' title='bbox 1346 908 1540 960; x_wconf 91' lang='lat' dir='ltr'>uinum</span> <span class='ocrx_word' id='word_1_73' title='bbox 1566 908 1820 974; x_wconf 81' lang='lat' dir='ltr'>bibisset,</span> <span class='ocrx_word' id='word_1_74' title='bbox 1846 929 1887 960; x_wconf 88' lang='lat'>10</span> 
     </span>
     <span class='ocr_line' id='line_1_15' title="bbox 200 978 1821 1051; baseline 0 -20"><span class='ocrx_word' id='word_1_75' title='bbox 200 979 337 1034; x_wconf 84' lang='lat' dir='ltr'>fusti</span> <span class='ocrx_word' id='word_1_76' title='bbox 362 997 683 1051; x_wconf 84' lang='lat' dir='ltr'>percussam</span> <span class='ocrx_word' id='word_1_77' title='bbox 707 981 1001 1034; x_wconf 83' lang='lat' dir='ltr'>interemit.</span> <span class='ocrx_word' id='word_1_78' title='bbox 1052 979 1217 1050; x_wconf 92' lang='lat' dir='ltr'>idque</span> <span class='ocrx_word' id='word_1_79' title='bbox 1243 978 1450 1032; x_wconf 84' lang='lat' dir='ltr'>factum</span> <span class='ocrx_word' id='word_1_80' title='bbox 1469 997 1582 1033; x_wconf 92' lang='lat' dir='ltr'>non</span> <span class='ocrx_word' id='word_1_81' title='bbox 1602 996 1821 1032; x_wconf 89' lang='lat' dir='ltr'>accusa-</span> 
     </span>
     <span class='ocr_line' id='line_1_16' title="bbox 194 1049 1822 1121; baseline -0.001 -18"><span class='ocrx_word' id='word_1_82' title='bbox 194 1058 315 1104; x_wconf 87' lang='lat' dir='ltr'>tore</span> <span class='ocrx_word' id='word_1_83' title='bbox 340 1057 573 1118; x_wconf 86' lang='lat' dir='ltr'>tantum,</span> <span class='ocrx_word' id='word_1_84' title='bbox 603 1051 697 1103; x_wconf 91' lang='lat' dir='ltr'>sed</span> <span class='ocrx_word' id='word_1_85' title='bbox 724 1051 893 1104; x_wconf 90' lang='lat' dir='ltr'>etiam</span> <span class='ocrx_word' id='word_1_86' title='bbox 912 1049 1308 1121; x_wconf 87' lang='lat' dir='ltr'>reprehensore</span> <span class='ocrx_word' id='word_1_87' title='bbox 1337 1049 1534 1117; x_wconf 90' lang='lat' dir='ltr'>caruit,</span> <span class='ocrx_word' id='word_1_88' title='bbox 1561 1066 1671 1102; x_wconf 88' lang='lat' dir='ltr'>uno</span> <span class='ocrx_word' id='word_1_89' title='bbox 1692 1067 1822 1119; x_wconf 92' lang='lat' dir='ltr'>quo-</span> 
     </span>
     <span class='ocr_line' id='line_1_17' title="bbox 194 1119 1822 1192; baseline -0.001 -18"><span class='ocrx_word' id='word_1_90' title='bbox 194 1140 299 1192; x_wconf 92' lang='lat' dir='ltr'>que</span> <span class='ocrx_word' id='word_1_91' title='bbox 336 1121 688 1175; x_wconf 84' lang='lat' dir='ltr'>existimante</span> <span class='ocrx_word' id='word_1_92' title='bbox 727 1122 934 1192; x_wconf 86' lang='lat' dir='ltr'>optimo</span> <span class='ocrx_word' id='word_1_93' title='bbox 981 1120 1134 1174; x_wconf 90' lang='lat' dir='ltr'>illam</span> <span class='ocrx_word' id='word_1_94' title='bbox 1171 1121 1423 1192; x_wconf 82' lang='lat' dir='ltr'>exemplo</span> <span class='ocrx_word' id='word_1_95' title='bbox 1461 1119 1701 1173; x_wconf 88' lang='lat' dir='ltr'>uiolatae</span> <span class='ocrx_word' id='word_1_96' title='bbox 1740 1137 1822 1172; x_wconf 90' lang='lat' dir='ltr'>so-</span> 
     </span>
     <span class='ocr_line' id='line_1_18' title="bbox 195 1191 1821 1263; baseline -0.001 -18"><span class='ocrx_word' id='word_1_97' title='bbox 195 1193 447 1246; x_wconf 67' lang='lat' dir='ltr'>brietatis</span> <span class='ocrx_word' id='word_1_98' title='bbox 473 1209 678 1262; x_wconf 91' lang='lat' dir='ltr'>poenas</span> <span class='ocrx_word' id='word_1_99' title='bbox 705 1191 1051 1263; x_wconf 84' lang='lat' dir='ltr'>pependisse.</span> <span class='ocrx_word' id='word_1_100' title='bbox 1106 1200 1160 1244; x_wconf 88' lang='lat' dir='ltr'>et</span> <span class='ocrx_word' id='word_1_101' title='bbox 1188 1210 1318 1244; x_wconf 92' lang='lat' dir='ltr'>sane</span> <span class='ocrx_word' id='word_1_102' title='bbox 1340 1209 1717 1263; x_wconf 88' lang='lat' dir='ltr'>quaecumque</span> <span class='ocrx_word' id='word_1_103' title='bbox 1743 1193 1821 1243; x_wconf 85' lang='lat' dir='ltr'>fe-</span> 
     </span>
     <span class='ocr_line' id='line_1_19' title="bbox 192 1262 1888 1333; baseline 0 -19"><span class='ocrx_word' id='word_1_104' title='bbox 192 1263 343 1316; x_wconf 87' lang='lat' dir='ltr'>mina</span> <span class='ocrx_word' id='word_1_105' title='bbox 366 1263 484 1316; x_wconf 84' lang='lat' dir='ltr'>uini</span> <span class='ocrx_word' id='word_1_106' title='bbox 508 1280 672 1316; x_wconf 89' lang='lat' dir='ltr'>usum</span> <span class='ocrx_word' id='word_1_107' title='bbox 696 1262 1056 1316; x_wconf 84' lang='lat' dir='ltr'>immoderate</span> <span class='ocrx_word' id='word_1_108' title='bbox 1083 1263 1320 1333; x_wconf 88' lang='lat' dir='ltr'>appetit,</span> <span class='ocrx_word' id='word_1_109' title='bbox 1349 1262 1604 1316; x_wconf 89' lang='lat' dir='ltr'>omnibus</span> <span class='ocrx_word' id='word_1_110' title='bbox 1634 1270 1688 1315; x_wconf 91' lang='lat' dir='ltr'>et</span> <span class='ocrx_word' id='word_1_111' title='bbox 1712 1263 1820 1313; x_wconf 87' lang='lat' dir='ltr'>uir·</span> <span class='ocrx_word' id='word_1_112' title='bbox 1845 1282 1888 1314; x_wconf 85' lang='lat'>15</span> 
     </span>
     <span class='ocr_line' id='line_1_20' title="bbox 190 1332 1428 1404; baseline -0.002 -18"><span class='ocrx_word' id='word_1_113' title='bbox 190 1334 400 1387; x_wconf 81' lang='lat' dir='ltr'>tuti-bus</span> <span class='ocrx_word' id='word_1_114' title='bbox 426 1333 650 1387; x_wconf 89' lang='lat' dir='ltr'>ianuam</span> <span class='ocrx_word' id='word_1_115' title='bbox 677 1332 885 1388; x_wconf 82' lang='lat' dir='ltr'>claudit</span> <span class='ocrx_word' id='word_1_116' title='bbox 911 1341 966 1386; x_wconf 90' lang='lat' dir='ltr'>et</span> <span class='ocrx_word' id='word_1_117' title='bbox 993 1333 1210 1386; x_wconf 90' lang='lat' dir='ltr'>delictis</span> <span class='ocrx_word' id='word_1_118' title='bbox 1237 1333 1428 1404; x_wconf 88' lang='lat' dir='ltr'>aperit.</span> 
     </span>
    </p>
   </div>
   <div class='ocr_carea' id='block_1_7' title="bbox 191 1417 1886 2053">
    <p class='ocr_par' dir='ltr' id='par_1_7' title="bbox 191 1417 1886 2053">
     <span class='ocr_line' id='line_1_21' title="bbox 300 1417 1821 1490; baseline 0.001 -20"><span class='ocrx_word' id='word_1_119' title='bbox 300 1418 384 1490; x_wconf 73' lang='lat'>10.</span> <span class='ocrx_word' id='word_1_120' title='bbox 423 1417 726 1471; x_wconf 89' lang='lat' dir='ltr'>Horridum</span> <span class='ocrx_word' id='word_1_121' title='bbox 752 1418 859 1472; x_wconf 82' lang='lat' dir='ltr'>Gai</span> <span class='ocrx_word' id='word_1_122' title='bbox 886 1437 1100 1489; x_wconf 91' lang='lat' dir='ltr'>quoque</span> <span class='ocrx_word' id='word_1_123' title='bbox 1128 1417 1358 1488; x_wconf 85' lang='lat' dir='ltr'>Sulpicii</span> <span class='ocrx_word' id='word_1_124' title='bbox 1387 1417 1538 1471; x_wconf 79' lang='lat' dir='ltr'>Galli</span> <span class='ocrx_word' id='word_1_125' title='bbox 1563 1417 1821 1471; x_wconf 83' lang='lat' dir='ltr'>maritale</span> 
     </span>
     <span class='ocr_line' id='line_1_22' title="bbox 193 1488 1820 1560; baseline -0.001 -19"><span class='ocrx_word' id='word_1_126' title='bbox 193 1489 573 1559; x_wconf 86' lang='lat' dir='ltr'>supercilium:</span> <span class='ocrx_word' id='word_1_127' title='bbox 623 1507 754 1542; x_wconf 91' lang='lat' dir='ltr'>nam</span> <span class='ocrx_word' id='word_1_128' title='bbox 787 1507 1017 1543; x_wconf 82' lang='lat' dir='ltr'>uxorem</span> <span class='ocrx_word' id='word_1_129' title='bbox 1045 1488 1280 1556; x_wconf 84' lang='lat' dir='ltr'>dimisit,</span> <span class='ocrx_word' id='word_1_130' title='bbox 1320 1488 1466 1560; x_wconf 90' lang='lat' dir='ltr'>quod</span> <span class='ocrx_word' id='word_1_131' title='bbox 1493 1507 1614 1542; x_wconf 88' lang='lat' dir='ltr'>eam</span> <span class='ocrx_word' id='word_1_132' title='bbox 1641 1489 1820 1559; x_wconf 89' lang='lat' dir='ltr'>capite</span> 
     </span>
     <span class='ocr_line' id='line_1_23' title="bbox 192 1559 1818 1630; baseline -0.001 -18"><span class='ocrx_word' id='word_1_133' title='bbox 192 1568 384 1630; x_wconf 91' lang='lat' dir='ltr'>aperto</span> <span class='ocrx_word' id='word_1_134' title='bbox 409 1559 547 1613; x_wconf 80' lang='lat' dir='ltr'>foris</span> <span class='ocrx_word' id='word_1_135' title='bbox 573 1568 851 1613; x_wconf 88' lang='lat' dir='ltr'>uersatam</span> <span class='ocrx_word' id='word_1_136' title='bbox 877 1567 1240 1629; x_wconf 85' lang='lat' dir='ltr'>cognouerat,</span> <span class='ocrx_word' id='word_1_137' title='bbox 1278 1560 1499 1613; x_wconf 88' lang='lat' dir='ltr'>abscisa</span> <span class='ocrx_word' id='word_1_138' title='bbox 1525 1560 1818 1626; x_wconf 89' lang='lat' dir='ltr'>sententia,</span> 
     </span>
     <span class='ocr_line' id='line_1_24' title="bbox 195 1628 1886 1701; baseline 0.001 -20"><span class='ocrx_word' id='word_1_139' title='bbox 195 1628 292 1682; x_wconf 89' lang='lat' dir='ltr'>sed</span> <span class='ocrx_word' id='word_1_140' title='bbox 326 1637 512 1682; x_wconf 89' lang='lat' dir='ltr'>tamen</span> <span class='ocrx_word' id='word_1_141' title='bbox 553 1629 740 1701; x_wconf 90' lang='lat' dir='ltr'>aliqua</span> <span class='ocrx_word' id='word_1_142' title='bbox 780 1630 996 1684; x_wconf 91' lang='lat' dir='ltr'>ratione</span> <span class='ocrx_word' id='word_1_143' title='bbox 1039 1639 1205 1684; x_wconf 89' lang='lat' dir='ltr'>mota.</span> <span class='ocrx_word' id='word_1_144' title='bbox 1284 1629 1395 1683; x_wconf 80' lang='lat' dir='ltr'>‘lex</span> <span class='ocrx_word' id='word_1_145' title='bbox 1430 1630 1596 1683; x_wconf 90' lang='lat' dir='ltr'>enim&#39;</span> <span class='ocrx_word' id='word_1_146' title='bbox 1641 1630 1821 1701; x_wconf 91' lang='lat' dir='ltr'>inquit</span> <span class='ocrx_word' id='word_1_147' title='bbox 1845 1650 1886 1682; x_wconf 83' lang='lat'>20</span> 
     </span>
     <span class='ocr_line' id='line_1_25' title="bbox 193 1699 1821 1772; baseline -0.001 -20"><span class='ocrx_word' id='word_1_148' title='bbox 193 1699 318 1753; x_wconf 69' lang='lat' dir='ltr'>‘tibi</span> <span class='ocrx_word' id='word_1_149' title='bbox 351 1717 500 1753; x_wconf 89' lang='lat' dir='ltr'>meos</span> <span class='ocrx_word' id='word_1_150' title='bbox 537 1707 752 1753; x_wconf 88' lang='lat' dir='ltr'>tantum</span> <span class='ocrx_word' id='word_1_151' title='bbox 788 1701 1046 1771; x_wconf 87' lang='lat' dir='ltr'>praefinit</span> <span class='ocrx_word' id='word_1_152' title='bbox 1083 1700 1300 1767; x_wconf 78' lang='lat' dir='ltr'>ocUIOS,</span> <span class='ocrx_word' id='word_1_153' title='bbox 1347 1701 1546 1772; x_wconf 89' lang='lat' dir='ltr'>quibus</span> <span class='ocrx_word' id='word_1_154' title='bbox 1583 1702 1821 1753; x_wconf 87' lang='lat' dir='ltr'>formam</span> 
     </span>
     <span class='ocr_line' id='line_1_26' title="bbox 191 1769 1821 1841; baseline 0 -18"><span class='ocrx_word' id='word_1_155' title='bbox 191 1777 345 1823; x_wconf 92' lang='lat' dir='ltr'>tuam</span> <span class='ocrx_word' id='word_1_156' title='bbox 371 1769 664 1840; x_wconf 77' lang='lat' dir='ltr'>adprobeS.</span> <span class='ocrx_word' id='word_1_157' title='bbox 695 1770 796 1823; x_wconf 51' lang='lat' dir='ltr'>xhis</span> <span class='ocrx_word' id='word_1_158' title='bbox 818 1771 1032 1824; x_wconf 91' lang='lat' dir='ltr'>decoris</span> <span class='ocrx_word' id='word_1_159' title='bbox 1054 1771 1423 1824; x_wconf 89' lang='lat' dir='ltr'>instrumenta</span> <span class='ocrx_word' id='word_1_160' title='bbox 1449 1789 1708 1841; x_wconf 80' lang='lat' dir='ltr'>conpara,</span> <span class='ocrx_word' id='word_1_161' title='bbox 1736 1770 1821 1823; x_wconf 92' lang='lat' dir='ltr'>his</span> 
     </span>
     <span class='ocr_line' id='line_1_27' title="bbox 194 1840 1819 1912; baseline 0 -18"><span class='ocrx_word' id='word_1_162' title='bbox 194 1849 310 1895; x_wconf 87' lang='lat' dir='ltr'>esto</span> <span class='ocrx_word' id='word_1_163' title='bbox 338 1842 607 1912; x_wconf 89' lang='lat' dir='ltr'>speciosa,</span> <span class='ocrx_word' id='word_1_164' title='bbox 634 1841 830 1893; x_wconf 90' lang='lat' dir='ltr'>horum</span> <span class='ocrx_word' id='word_1_165' title='bbox 856 1849 909 1894; x_wconf 93' lang='lat' dir='ltr'>te</span> <span class='ocrx_word' id='word_1_166' title='bbox 937 1842 1158 1895; x_wconf 86' lang='lat' dir='ltr'>certiori</span> <span class='ocrx_word' id='word_1_167' title='bbox 1183 1842 1345 1894; x_wconf 91' lang='lat' dir='ltr'>crede</span> <span class='ocrx_word' id='word_1_168' title='bbox 1372 1842 1621 1894; x_wconf 88' lang='lat' dir='ltr'>notitiae.</span> <span class='ocrx_word' id='word_1_169' title='bbox 1683 1840 1819 1894; x_wconf 90' lang='lat' dir='ltr'>ulte-</span> 
     </span>
     <span class='ocr_line' id='line_1_28' title="bbox 192 1911 1818 1983; baseline 0 -19"><span class='ocrx_word' id='word_1_170' title='bbox 192 1911 303 1964; x_wconf 92' lang='lat' dir='ltr'>rior</span> <span class='ocrx_word' id='word_1_171' title='bbox 327 1913 411 1965; x_wconf 92' lang='lat' dir='ltr'>tui</span> <span class='ocrx_word' id='word_1_172' title='bbox 437 1921 761 1982; x_wconf 89' lang='lat' dir='ltr'>conspectus</span> <span class='ocrx_word' id='word_1_173' title='bbox 792 1930 1137 1983; x_wconf 89' lang='lat' dir='ltr'>superuacua</span> <span class='ocrx_word' id='word_1_174' title='bbox 1172 1912 1494 1966; x_wconf 88' lang='lat' dir='ltr'>inritatione</span> <span class='ocrx_word' id='word_1_175' title='bbox 1522 1912 1818 1965; x_wconf 87' lang='lat' dir='ltr'>arcessitus</span> 
     </span>
     <span class='ocr_line' id='line_1_29' title="bbox 191 1982 1886 2053; baseline 0 -19"><span class='ocrx_word' id='word_1_176' title='bbox 191 1983 250 2034; x_wconf 91' lang='lat' dir='ltr'>in</span> <span class='ocrx_word' id='word_1_177' title='bbox 277 1982 590 2053; x_wconf 88' lang='lat' dir='ltr'>suspicione</span> <span class='ocrx_word' id='word_1_178' title='bbox 618 1990 672 2036; x_wconf 89' lang='lat' dir='ltr'>et</span> <span class='ocrx_word' id='word_1_179' title='bbox 698 1983 926 2036; x_wconf 87' lang='lat' dir='ltr'>crimine</span> <span class='ocrx_word' id='word_1_180' title='bbox 952 1983 1177 2036; x_wconf 89' lang='lat' dir='ltr'>haereat</span> <span class='ocrx_word' id='word_1_181' title='bbox 1202 2001 1427 2036; x_wconf 89' lang='lat' dir='ltr'>necesse</span> <span class='ocrx_word' id='word_1_182' title='bbox 1453 1990 1578 2037; x_wconf 90' lang='lat' dir='ltr'>est’.</span> <span class='ocrx_word' id='word_1_183' title='bbox 1844 2002 1886 2035; x_wconf 83' lang='lat'>25</span> 
     </span>
    </p>
   </div>
   <div class='ocr_carea' id='block_1_8' title="bbox 301 2066 1819 2139">
    <p class='ocr_par' dir='ltr' id='par_1_8' title="bbox 301 2066 1819 2139">
     <span class='ocr_line' id='line_1_30' title="bbox 301 2066 1819 2139; baseline 0.001 -20"><span class='ocrx_word' id='word_1_184' title='bbox 301 2068 385 2119; x_wconf 87' lang='lat'>11.</span> <span class='ocrx_word' id='word_1_185' title='bbox 425 2066 541 2119; x_wconf 88' lang='lat' dir='ltr'>Nec</span> <span class='ocrx_word' id='word_1_186' title='bbox 578 2066 738 2121; x_wconf 91' lang='lat' dir='ltr'>aliter</span> <span class='ocrx_word' id='word_1_187' title='bbox 774 2068 947 2121; x_wconf 90' lang='lat' dir='ltr'>sensit</span> <span class='ocrx_word' id='word_1_188' title='bbox 986 2068 1054 2134; x_wconf 74' lang='lat' dir='ltr'>Q.</span> <span class='ocrx_word' id='word_1_189' title='bbox 1083 2068 1361 2121; x_wconf 89' lang='lat' dir='ltr'>Antistius</span> <span class='ocrx_word' id='word_1_190' title='bbox 1388 2068 1563 2122; x_wconf 87' lang='lat' dir='ltr'>Vetus</span> <span class='ocrx_word' id='word_1_191' title='bbox 1601 2067 1819 2139; x_wconf 89' lang='lat' dir='ltr'>repudi-</span> 
     </span>
    </p>
   </div>
   <div class='ocr_carea' id='block_1_9' title="bbox 188 2199 1920 2545">
    <p class='ocr_par' dir='ltr' id='par_1_9' title="bbox 188 2199 1920 2545">
     <span class='ocr_line' id='line_1_31' title="bbox 188 2199 1920 2263; baseline 0.002 -18"><span class='ocrx_word' id='word_1_192' title='bbox 188 2199 393 2246; x_wconf 87' lang='lat' dir='ltr'>Asellum</span> <span class='ocrx_word' id='word_1_193' title='bbox 417 2202 545 2248; x_wconf 85' lang='lat' dir='ltr'>uiros</span> <span class='ocrx_word' id='word_1_194' title='bbox 572 2215 682 2248; x_wconf 93' lang='lat' dir='ltr'>suos</span> <span class='ocrx_word' id='word_1_195' title='bbox 707 2215 886 2248; x_wconf 88' lang='lat' dir='ltr'>ueneno</span> <span class='ocrx_word' id='word_1_196' title='bbox 913 2209 1204 2253; x_wconf 83' lang='lat' dir='ltr'>necauerant,</span> <span class='ocrx_word' id='word_1_197' title='bbox 1231 2204 1600 2263; x_wconf 80' lang='lat' dir='ltr'>propinquorum</span> <span class='ocrx_word' id='word_1_198' title='bbox 1626 2202 1813 2248; x_wconf 85' lang='lat' dir='ltr'>decreto</span> <span class='ocrx_word' id='word_1_199' title='bbox 1838 2215 1920 2248; x_wconf 79' lang='lat' dir='ltr'>Par</span> 
     </span>
     <span class='ocr_line' id='line_1_32' title="bbox 197 2270 1816 2333; baseline 0.001 -17"><span class='ocrx_word' id='word_1_200' title='bbox 197 2270 510 2331; x_wconf 80' lang='lat' dir='ltr'>strangulatae</span> <span class='ocrx_word' id='word_1_201' title='bbox 536 2279 655 2318; x_wconf 87' lang='lat' dir='ltr'>sunt.</span> <span class='ocrx_word' id='word_1_202' title='bbox 730 2275 769 2318; x_wconf 88' lang='lat'>9.</span> <span class='ocrx_word' id='word_1_203' title='bbox 809 2271 1029 2333; x_wconf 82' lang='lat' dir='ltr'>Egnatius</span> <span class='ocrx_word' id='word_1_204' title='bbox 1055 2273 1279 2319; x_wconf 88' lang='lat' dir='ltr'>Metenius</span> <span class='ocrx_word' id='word_1_205' title='bbox 1306 2287 1494 2319; x_wconf 85' lang='lat' dir='ltr'>uxorem</span> <span class='ocrx_word' id='word_1_206' title='bbox 1523 2286 1664 2324; x_wconf 87' lang='lat' dir='ltr'>suam,</span> <span class='ocrx_word' id='word_1_207' title='bbox 1694 2273 1816 2333; x_wconf 85' lang='lat' dir='ltr'>quod</span> 
     </span>
     <span class='ocr_line' id='line_1_33' title="bbox 190 2341 1816 2404; baseline 0.001 -18"><span class='ocrx_word' id='word_1_208' title='bbox 190 2342 347 2386; x_wconf 89' lang='lat' dir='ltr'>uinum</span> <span class='ocrx_word' id='word_1_209' title='bbox 374 2341 581 2393; x_wconf 83' lang='lat' dir='ltr'>bibisset,</span> <span class='ocrx_word' id='word_1_210' title='bbox 608 2342 732 2389; x_wconf 81' lang='lat' dir='ltr'>fuste</span> <span class='ocrx_word' id='word_1_211' title='bbox 758 2345 1007 2403; x_wconf 88' lang='lat' dir='ltr'>percussit.</span> <span class='ocrx_word' id='word_1_212' title='bbox 1082 2346 1151 2389; x_wconf 91' lang='lat'>10.</span> <span class='ocrx_word' id='word_1_213' title='bbox 1193 2343 1237 2389; x_wconf 90' lang='lat' dir='ltr'>C.</span> <span class='ocrx_word' id='word_1_214' title='bbox 1269 2344 1495 2404; x_wconf 88' lang='lat' dir='ltr'>Sulpitius</span> <span class='ocrx_word' id='word_1_215' title='bbox 1533 2357 1720 2390; x_wconf 83' lang='lat' dir='ltr'>uxorem</span> <span class='ocrx_word' id='word_1_216' title='bbox 1749 2344 1816 2388; x_wconf 86' lang='lat' dir='ltr'>di-</span> 
     </span>
     <span class='ocr_line' id='line_1_34' title="bbox 189 2412 1882 2474; baseline 0.003 -19"><span class='ocrx_word' id='word_1_217' title='bbox 189 2412 337 2462; x_wconf 87' lang='lat' dir='ltr'>misit,</span> <span class='ocrx_word' id='word_1_218' title='bbox 384 2412 506 2471; x_wconf 88' lang='lat' dir='ltr'>quod</span> <span class='ocrx_word' id='word_1_219' title='bbox 541 2426 638 2458; x_wconf 84' lang='lat' dir='ltr'>eam</span> <span class='ocrx_word' id='word_1_220' title='bbox 681 2414 828 2473; x_wconf 82' lang='lat' dir='ltr'>capite</span> <span class='ocrx_word' id='word_1_221' title='bbox 874 2421 1034 2474; x_wconf 83' lang='lat' dir='ltr'>operto</span> <span class='ocrx_word' id='word_1_222' title='bbox 1080 2414 1194 2460; x_wconf 85' lang='lat' dir='ltr'>soris</span> <span class='ocrx_word' id='word_1_223' title='bbox 1239 2422 1469 2460; x_wconf 79' lang='lat' dir='ltr'>uersatam</span> <span class='ocrx_word' id='word_1_224' title='bbox 1515 2421 1813 2474; x_wconf 82' lang='lat' dir='ltr'>cognouerat.</span> <span class='ocrx_word' id='word_1_225' title='bbox 1840 2429 1882 2460; x_wconf 85' lang='lat'>30</span> 
     </span>
     <span class='ocr_line' id='line_1_35' title="bbox 190 2480 1817 2545; baseline 0.004 -21"><span class='ocrx_word' id='word_1_226' title='bbox 190 2483 259 2526; x_wconf 88' lang='lat'>11.</span> <span class='ocrx_word' id='word_1_227' title='bbox 301 2480 350 2536; x_wconf 86' lang='lat' dir='ltr'>Q.</span> <span class='ocrx_word' id='word_1_228' title='bbox 379 2482 605 2528; x_wconf 86' lang='lat' dir='ltr'>Antistius</span> <span class='ocrx_word' id='word_1_229' title='bbox 633 2483 770 2529; x_wconf 84' lang='lat' dir='ltr'>Vetus</span> <span class='ocrx_word' id='word_1_230' title='bbox 796 2497 985 2529; x_wconf 84' lang='lat' dir='ltr'>uxorem</span> <span class='ocrx_word' id='word_1_231' title='bbox 1014 2485 1299 2544; x_wconf 83' lang='lat' dir='ltr'>repudiauit,</span> <span class='ocrx_word' id='word_1_232' title='bbox 1341 2485 1462 2544; x_wconf 82' lang='lat' dir='ltr'>quod</span> <span class='ocrx_word' id='word_1_233' title='bbox 1499 2483 1623 2530; x_wconf 86' lang='lat' dir='ltr'>illam</span> <span class='ocrx_word' id='word_1_234' title='bbox 1650 2485 1696 2530; x_wconf 90' lang='lat' dir='ltr'>in</span> <span class='ocrx_word' id='word_1_235' title='bbox 1734 2499 1817 2545; x_wconf 90' lang='lat' dir='ltr'>pu·</span> 
     </span>
    </p>
   </div>
   <div class='ocr_carea' id='block_1_10' title="bbox 187 2614 1818 3016">
    <p class='ocr_par' dir='ltr' id='par_1_10' title="bbox 187 2614 1818 2958">
     <span class='ocr_line' id='line_1_36' title="bbox 305 2614 1818 2675; baseline 0.001 -15"><span class='ocrx_word' id='word_1_236' title='bbox 305 2621 327 2659; x_wconf 93' lang='lat'>1</span> <span class='ocrx_word' id='word_1_237' title='bbox 351 2618 545 2660; x_wconf 47' lang='lat' dir='ltr'>mellum</span> <span class='ocrx_word' id='word_1_238' title='bbox 560 2619 620 2672; x_wconf 88' lang='lat' dir='ltr'>B,</span> <span class='ocrx_word' id='word_1_239' title='bbox 642 2619 817 2661; x_wconf 86' lang='grc'><strong>1101111111</strong></span> <span class='ocrx_word' id='word_1_240' title='bbox 838 2620 903 2662; x_wconf 86' lang='lat' dir='ltr'>Pb</span> <span class='ocrx_word' id='word_1_241' title='bbox 939 2618 959 2675; x_wconf 91' lang='grc'>[]</span> <span class='ocrx_word' id='word_1_242' title='bbox 997 2633 1151 2662; x_wconf 57' lang='lat' dir='ltr'>*unos</span> <span class='ocrx_word' id='word_1_243' title='bbox 1174 2615 1231 2661; x_wconf 92' lang='lat' dir='ltr'>B&#39;</span> <span class='ocrx_word' id='word_1_244' title='bbox 1292 2623 1318 2662; x_wconf 86' lang='lat'>3</span> <span class='ocrx_word' id='word_1_245' title='bbox 1340 2621 1650 2674; x_wconf 79' lang='lat' dir='ltr'>strangilatae</span> <span class='ocrx_word' id='word_1_246' title='bbox 1673 2614 1730 2661; x_wconf 90' lang='lat' dir='ltr'>B&#39;</span> <span class='ocrx_word' id='word_1_247' title='bbox 1789 2623 1818 2662; x_wconf 84' lang='lat'>4</span> 
     </span>
     <span class='ocr_line' id='line_1_37' title="bbox 189 2670 1815 2732; baseline 0.001 -16"><span class='ocrx_word' id='word_1_248' title='bbox 189 2677 495 2728; x_wconf 86' lang='lat' dir='ltr'>quaesitionis</span> <span class='ocrx_word' id='word_1_249' title='bbox 516 2670 572 2716; x_wconf 92' lang='lat' dir='ltr'>B&#39;</span> <span class='ocrx_word' id='word_1_250' title='bbox 621 2678 647 2718; x_wconf 88' lang='grc'>6</span> <span class='ocrx_word' id='word_1_251' title='bbox 668 2677 840 2718; x_wconf 85' lang='lat' dir='ltr'>maturi</span> <span class='ocrx_word' id='word_1_252' title='bbox 861 2677 885 2718; x_wconf 79' lang='lat' dir='ltr'><em>b</em></span> <span class='ocrx_word' id='word_1_253' title='bbox 942 2678 969 2718; x_wconf 89' lang='lat'>8</span> <span class='ocrx_word' id='word_1_254' title='bbox 991 2677 1231 2719; x_wconf 84' lang='lat' dir='ltr'>exiendam</span> <span class='ocrx_word' id='word_1_255' title='bbox 1253 2672 1310 2718; x_wconf 89' lang='lat' dir='ltr'>B&#39;</span> <span class='ocrx_word' id='word_1_256' title='bbox 1370 2680 1394 2719; x_wconf 87' lang='grc'>9</span> <span class='ocrx_word' id='word_1_257' title='bbox 1418 2679 1619 2718; x_wconf 87' lang='grc'><strong>1110001111</strong></span> <span class='ocrx_word' id='word_1_258' title='bbox 1651 2678 1695 2718; x_wconf 86' lang='grc' dir='ltr'><em>Β</em></span> <span class='ocrx_word' id='word_1_259' title='bbox 1725 2692 1815 2732; x_wconf 72' lang='lat' dir='ltr'>my:</span> 
     </span>
     <span class='ocr_line' id='line_1_38' title="bbox 188 2727 1815 2786; baseline 0.001 -13"><span class='ocrx_word' id='word_1_260' title='bbox 188 2733 367 2774; x_wconf 89' lang='lat' dir='ltr'>metelli</span> <span class='ocrx_word' id='word_1_261' title='bbox 386 2734 444 2786; x_wconf 90' lang='lat' dir='ltr'>B,</span> <span class='ocrx_word' id='word_1_262' title='bbox 467 2733 523 2784; x_wconf 81' lang='lat' dir='ltr'>cf.</span> <span class='ocrx_word' id='word_1_263' title='bbox 548 2735 660 2777; x_wconf 82' lang='lat' dir='ltr'>Plin.</span> <span class='ocrx_word' id='word_1_264' title='bbox 683 2734 738 2776; x_wconf 88' lang='lat' dir='ltr'>N.</span> <span class='ocrx_word' id='word_1_265' title='bbox 761 2734 822 2776; x_wconf 88' lang='lat' dir='ltr'>H.</span> <span class='ocrx_word' id='word_1_266' title='bbox 846 2737 915 2780; x_wconf 85' lang='lat'>14,</span> <span class='ocrx_word' id='word_1_267' title='bbox 938 2736 1010 2782; x_wconf 83' lang='lat'>13,</span> <span class='ocrx_word' id='word_1_268' title='bbox 1034 2735 1057 2784; x_wconf 66' lang='grc' dir='ltr'>ξ</span> <span class='ocrx_word' id='word_1_269' title='bbox 1080 2737 1134 2774; x_wconf 85' lang='grc'>89</span> <span class='ocrx_word' id='word_1_270' title='bbox 1206 2736 1259 2775; x_wconf 94' lang='grc'>10</span> <span class='ocrx_word' id='word_1_271' title='bbox 1290 2734 1466 2776; x_wconf 91' lang='lat' dir='ltr'>maiore</span> <span class='ocrx_word' id='word_1_272' title='bbox 1488 2727 1547 2774; x_wconf 88' lang='lat' dir='ltr'>B&#39;</span> <span class='ocrx_word' id='word_1_273' title='bbox 1622 2737 1673 2775; x_wconf 85' lang='grc'>11</span> <span class='ocrx_word' id='word_1_274' title='bbox 1698 2735 1815 2775; x_wconf 85' lang='lat' dir='ltr'>fusti</span> 
     </span>
     <span class='ocr_line' id='line_1_39' title="bbox 187 2789 1812 2842; baseline 0.001 -12"><span class='ocrx_word' id='word_1_275' title='bbox 187 2789 245 2829; x_wconf 88' lang='lat' dir='ltr'>N.</span> <span class='ocrx_word' id='word_1_276' title='bbox 267 2790 498 2831; x_wconf 78' lang='lat' dir='ltr'>Heinsius:</span> <span class='ocrx_word' id='word_1_277' title='bbox 530 2790 690 2831; x_wconf 84' lang='lat' dir='ltr'>fustim</span> <span class='ocrx_word' id='word_1_278' title='bbox 711 2790 771 2842; x_wconf 89' lang='lat' dir='ltr'>B,</span> <span class='ocrx_word' id='word_1_279' title='bbox 792 2790 920 2832; x_wconf 84' lang='lat' dir='ltr'>fuste</span> <span class='ocrx_word' id='word_1_280' title='bbox 944 2791 987 2830; x_wconf 90' lang='lat' dir='ltr'><em>P</em></span> <span class='ocrx_word' id='word_1_281' title='bbox 1053 2793 1104 2833; x_wconf 89' lang='lat'>13</span> <span class='ocrx_word' id='word_1_282' title='bbox 1130 2791 1379 2833; x_wconf 87' lang='lat' dir='ltr'>sobrietati</span> <span class='ocrx_word' id='word_1_283' title='bbox 1408 2792 1451 2832; x_wconf 91' lang='lat' dir='ltr'><em>B</em></span> <span class='ocrx_word' id='word_1_284' title='bbox 1523 2792 1575 2832; x_wconf 87' lang='lat'>15</span> <span class='ocrx_word' id='word_1_285' title='bbox 1600 2795 1646 2832; x_wconf 89' lang='lat' dir='ltr'>et</span> <span class='ocrx_word' id='word_1_286' title='bbox 1669 2792 1812 2832; x_wconf 89' lang='lat' dir='ltr'>omni-</span> 
     </span>
     <span class='ocr_line' id='line_1_40' title="bbox 187 2841 1815 2901; baseline 0.001 -15"><span class='ocrx_word' id='word_1_287' title='bbox 187 2846 274 2886; x_wconf 83' lang='lat' dir='ltr'>bus</span> <span class='ocrx_word' id='word_1_288' title='bbox 297 2847 320 2887; x_wconf 78' lang='lat' dir='ltr'><em>b</em></span> <span class='ocrx_word' id='word_1_289' title='bbox 383 2850 435 2889; x_wconf 84' lang='lat'>16</span> <span class='ocrx_word' id='word_1_290' title='bbox 460 2846 606 2889; x_wconf 83' lang='lat' dir='ltr'>cladit</span> <span class='ocrx_word' id='word_1_291' title='bbox 624 2841 696 2899; x_wconf 82' lang='grc' dir='ltr'><em>.Β’,</em></span> <span class='ocrx_word' id='word_1_292' title='bbox 721 2861 776 2888; x_wconf 83' lang='lat' dir='ltr'>an</span> <span class='ocrx_word' id='word_1_293' title='bbox 798 2860 858 2888; x_wconf 74' lang='grc' dir='ltr'>θα)</span> <span class='ocrx_word' id='word_1_294' title='bbox 881 2847 1054 2888; x_wconf 84' lang='lat' dir='ltr'>cludit?</span> <span class='ocrx_word' id='word_1_295' title='bbox 1117 2849 1168 2889; x_wconf 84' lang='lat'>17</span> <span class='ocrx_word' id='word_1_296' title='bbox 1192 2847 1306 2901; x_wconf 88' lang='lat' dir='ltr'>gelli</span> <span class='ocrx_word' id='word_1_297' title='bbox 1328 2848 1352 2889; x_wconf 84' lang='lat' dir='ltr'>b</span> <span class='ocrx_word' id='word_1_298' title='bbox 1402 2850 1454 2889; x_wconf 88' lang='lat'>19</span> <span class='ocrx_word' id='word_1_299' title='bbox 1477 2852 1637 2901; x_wconf 85' lang='lat' dir='ltr'>operto</span> <span class='ocrx_word' id='word_1_300' title='bbox 1663 2850 1702 2888; x_wconf 89' lang='lat' dir='ltr'><em>P</em></span> <span class='ocrx_word' id='word_1_301' title='bbox 1759 2850 1815 2888; x_wconf 80' lang='lat'>20</span> 
     </span>
     <span class='ocr_line' id='line_1_41' title="bbox 189 2903 1703 2958; baseline 0.003 -17"><span class='ocrx_word' id='word_1_302' title='bbox 189 2905 314 2944; x_wconf 82' lang='lat' dir='ltr'>mota</span> <span class='ocrx_word' id='word_1_303' title='bbox 333 2903 401 2944; x_wconf 90' lang='lat' dir='ltr'>B:</span> <span class='ocrx_word' id='word_1_304' title='bbox 432 2904 611 2945; x_wconf 78' lang='lat' dir='ltr'>munita</span> <span class='ocrx_word' id='word_1_305' title='bbox 632 2906 737 2946; x_wconf 85' lang='lat' dir='ltr'>dett.</span> <span class='ocrx_word' id='word_1_306' title='bbox 761 2911 802 2945; x_wconf 79' lang='lat' dir='ltr'>et</span> <span class='ocrx_word' id='word_1_307' title='bbox 824 2915 851 2948; x_wconf 84' lang='grc' dir='ltr'><strong><em>ς</em></strong></span> <span class='ocrx_word' id='word_1_308' title='bbox 911 2906 966 2945; x_wconf 84' lang='grc'>24</span> <span class='ocrx_word' id='word_1_309' title='bbox 987 2906 1240 2945; x_wconf 85' lang='lat' dir='ltr'>arcersitus</span> <span class='ocrx_word' id='word_1_310' title='bbox 1263 2905 1312 2945; x_wconf 90' lang='lat' dir='ltr'>in</span> <span class='ocrx_word' id='word_1_311' title='bbox 1336 2906 1594 2958; x_wconf 80' lang='lat' dir='ltr'>suspitione</span> <span class='ocrx_word' id='word_1_312' title='bbox 1616 2905 1658 2945; x_wconf 91' lang='lat' dir='ltr'><em>B</em></span> <span class='ocrx_word' id='word_1_313' title='bbox 1687 2917 1703 2932; x_wconf 90' lang='lat'><strong>·</strong></span> 
     </span>
    </p>

    <p class='ocr_par' dir='ltr' id='par_1_11' title="bbox 304 2958 1431 3016">
     <span class='ocr_line' id='line_1_42' title="bbox 304 2958 1431 3016; baseline 0.003 -16"><span class='ocrx_word' id='word_1_314' title='bbox 304 2961 357 3001; x_wconf 82' lang='lat'>27</span> <span class='ocrx_word' id='word_1_315' title='bbox 379 2958 606 3016; x_wconf 82' lang='lat' dir='ltr'>Asellum]</span> <span class='ocrx_word' id='word_1_316' title='bbox 630 2961 805 3002; x_wconf 89' lang='lat' dir='ltr'>nellum</span> <span class='ocrx_word' id='word_1_317' title='bbox 834 2963 879 3002; x_wconf 95' lang='lat' dir='ltr'><em>V</em></span> <span class='ocrx_word' id='word_1_318' title='bbox 932 2962 986 3003; x_wconf 78' lang='lat'>28</span> <span class='ocrx_word' id='word_1_319' title='bbox 1010 2961 1356 3015; x_wconf 86' lang='lat' dir='ltr'>stranguilatae</span> <span class='ocrx_word' id='word_1_320' title='bbox 1388 2963 1431 3003; x_wconf 94' lang='lat' dir='ltr'><em>V</em></span> 
     </span>
    </p>
   </div>
   <div class='ocr_carea' id='block_1_11' title="bbox 1449 3029 1555 3082">
    <p class='ocr_par' dir='ltr' id='par_1_12' title="bbox 1449 3029 1555 3082">
     <span class='ocr_line' id='line_1_43' title="bbox 1449 3029 1555 3082; baseline 0.009 -1"><span class='ocrx_word' id='word_1_321' title='bbox 1449 3029 1555 3082; x_wconf 66' lang='lat'>19*</span> 
     </span>
    </p>
   </div>
  </div>
 </body>
</html>
