1924 3152
225 93 337 147 296·
922 102 1023 147 LlB.
1064 103 1128 149 VI.

332 208 384 259 4.
411 208 472 259 P.
491 216 675 261 autem
687 207 882 260 Rutilii
911 209 1079 262 uerba
1104 210 1253 278 prius
1281 229 1351 263 an
1376 210 1526 266 facta
1552 214 1839 268 aestimem

228 279 435 330 nescio:
476 296 604 329 nam
641 280 890 349 utrisque
930 297 1102 350 aeque
1137 279 1459 334 admirabile
1483 282 1624 335 inest
1648 285 1835 338 robur.

231 349 368 400 Cum
394 347 558 400 amici
584 348 867 401 cuiusdam
892 349 1129 402 iniustae
1156 352 1429 419 rogationi
1455 353 1734 408 resisteret
1758 363 1839 408 at—

228 436 331 488 que
372 418 417 469 is
464 435 562 486 per
607 437 876 472 summam
918 420 1354 488 indignationem
1399 421 1634 475 dixisset
1685 424 1838 494 ‘quid

184 509 205 540 5
230 506 357 557 ergo
383 487 516 539 mihi
545 489 766 560 [inquit]
797 509 932 560 opus
961 499 1044 542 est
1064 491 1305 543 amicitia
1329 499 1442 558 tua,
1471 494 1514 544 si
1536 492 1683 563 quod
1701 511 1839 563 rogo

228 577 337 611 non
362 557 542 611 facis?
561 566 573 586 ²
626 560 909 630 respondit
935 561 1115 612 ‘immo
1143 561 1272 633 quid
1299 561 1433 613 mihi
1459 569 1572 628 tua,
1600 563 1647 615 si
1671 582 1835 634 prop-

224 637 310 681 ter
344 637 398 682 te
435 628 643 700 aliquid
686 629 970 683 inhoneste
1015 630 1260 683 facturus
1299 650 1418 684 sum
1429 633 1476 684 ‘P'
1543 631 1670 685 11010
1711 636 1836 687 0001

224 698 711 764 consentanea—illa
737 719 930 771 opera,
969 700 1116 771 quod
1147 701 1324 770 magis
1352 702 1603 754 ordinum
1629 703 1838 756 dissen-

225 770 377 821 sione
404 788 567 839 quam
592 770 704 822 ulla
732 771 893 841 culpa
929 789 1027 823 sua
1052 790 1174 823 reus
1202 771 1380 824 factus
1407 790 1507 824 1100
1533 773 1833 826 obsoletam

158 859 200 890 10
222 847 432 891 uestem
476 840 657 892 induit
700 860 801 893 1100
846 842 1083 910 insignia
1127 841 1390 893 senatoris
1442 842 1694 911 deposuit
1735 861 1839 895 1100

225 909 497 980 supplices
526 910 598 962 ad
662 929 800 963 enua
826 912 1066 963 iudicum
1090 930 1282 964 manus
1310 911 1544 964 tetendit
1568 930 1669 964 1100
1696 913 1841 965 dixit

224 982 518 1051 quicquam
563 929 853 1051 splendore
896 982 1315 1051 praeteritorum
1350 1000 1615 1035 annorum
1662 983 1835 1034 humi-

222 1050 328 1102 lius
343 1090 357 1116 ,
396 1050 680 1122 effecitque
705 1060 766 1104 ut
791 1052 1093 1122 perieulum
1128 1070 1237 1104 non
1262 1051 1690 1122 inpedimentum
1716 1061 1838 1120 gra--

56 1176 64 1182 ,
221 1120 411 1173 uitatis
450 1120 565 1172 eius
607 1130 773 1187 esset,
813 1121 910 1174 sed
945 1124 1396 1192 experimentum.
1472 1130 1635 1192 atque
1670 1124 1837 1175 etiam
1888 1182 1895 1184 ξ

156 1207 197 1240 15
224 1208 346 1242 00111
373 1190 423 1243 01
448 1192 684 1244 reditum
722 1194 780 1244 in
814 1193 1049 1262 patriam
1076 1192 1300 1245 Sullana
1334 1193 1568 1246 uictoria
1594 1199 1834 1263 praesta-

81 1267 83 1270 ’
222 1268 323 1328 101,
353 1262 410 1312 111
438 1261 621 1328 exilio,
649 1281 716 1314 ne
743 1261 875 1331 quid
902 1262 1166 1315 aduersus
1194 1262 1340 1331 leges
1368 1263 1593 1328 faceret,
1620 1280 1833 1314 reman-

224 1331 310 1382 sit.
364 1341 699 1401 quapropter
726 1331 1007 1385 felicitatis
1037 1350 1334 1400 cognomen
1359 1332 1556 1384 iustius
1576 1333 1698 1401 quis
1721 1350 1831 1384 mo-

221 1401 373 1453 ribus
401 1402 711 1469 grauissimi
748 1402 855 1453 uiri
881 1420 1042 1472 quam
1067 1402 1359 1471 inpotentis
1387 1402 1550 1453 armis
1578 1401 1834 1471 adsigna-

220 1471 385 1522 uerit:
465 1471 576 1523 uod
602 1472 821 1541 quidem
849 1471 1002 1524 Sulla
1027 1472 1226 1542 rapuit,
1254 1471 1491 1524 Rutilius
1518 1472 1732 1524 meruit.

155 1559 197 1590 20
326 1540 376 1593 5.
467 1581 478 1592 .
500 1542 708 1594 Brutus
733 1560 956 1594 suarum
975 1543 1126 1612 prius
1148 1541 1418 1595 uirtutum
1439 1560 1601 1612 quam
1619 1541 1834 1611 patriae

219 1611 463 1679 parentis
500 1612 775 1680 parricida
800 1643 871 1650 —-
895 1631 1002 1664 uno
1040 1612 1184 1670 enim
1218 1612 1365 1664 facto
1403 1619 1456 1663 et
1480 1611 1602 1663 illas
1627 1613 1687 1663 in
1709 1630 1832 1682 pro-

219 1680 454 1732 fundum
487 1682 871 1751 praecipitauit
906 1691 960 1736 et
994 1700 1210 1736 omnem
1243 1682 1475 1734 nominis
1512 1681 1596 1734 sui
1630 1700 1831 1734 memo-

217 1751 358 1802 riam
404 1751 727 1821 inexpiabili
767 1752 1129 1806 detestatione
1164 1752 1410 1822 perfudit
1441 1783 1536 1815 —‚
1580 1751 1830 1803 ultimum

217 1819 484 1891 proelium
504 1822 734 1874 initurus
742 1863 756 1889 ,
783 1823 1114 1891 negantibus
1139 1822 1468 1892 quibusdam
1486 1821 1546 1873 id
1566 1821 1832 1874 committi

152 1909 192 1941 25
218 1898 488 1961 oportere,
531 1892 803 1945 ‘fidenter'
824 1893 1002 1963 inquit
1029 1893 1105 1944 ‘in
1124 1892 1295 1944 aciem
1315 1891 1608 1945 descendo:
1663 1891 1831 1944 hodie

219 1962 361 2012 enim
388 1970 482 2014 aut
507 1970 656 2015 recte
683 1964 786 2015 erit
812 1971 908 2015 aut
932 1962 1068 2032 nihil
1103 1963 1345 2014 curabo'.
1422 1970 1825 2031 praesumserat

216 2030 474 2083 uidelicet
497 2051 672 2102 neque
692 2034 878 2085 uiuere
900 2051 957 2085 se
978 2033 1094 2084 sine
1110 2032 1342 2084 uictoria
1359 2050 1532 2100 neque
1552 2032 1690 2082 mori
1710 2031 1830 2082 sine

222 2102 515 2153 securitate
542 2120 719 2171 posse.

97 2241 189 2275 par.
217 2238 502 2292 quereretur.
576 2237 615 2278 4.
655 2233 702 2278 Ρ.
730 2233 926 2278 Rutilius
965 2247 1065 2278 00111
1102 2232 1230 2278 amici
1266 2232 1495 2278 cuiusdam
1531 2233 1726 2277 iniustae
1750 2246 1827 2278 ro-

149 2313 191 2346 30
213 2301 388 2362 gationi
423 2303 662 2348 resisteret
696 2310 830 2362 atque
867 2304 905 2348 is
942 2303 1130 2348 dixisset
1165 2302 1292 2362 equid
1328 2315 1439 2361 ergo
1477 2303 1587 2347 mihi
1614 2316 1728 2362 opus
1755 2309 1830 2347 est

215 2372 411 2417 amici-tia
439 2379 537 2423 tua,
575 2374 613 2418 si
641 2374 762 2432 quod
789 2388 901 2434 rogo
928 2388 1021 2419 non
1047 2371 1212 2418 saeis'?
1251 2372 1488 2432 respondit
1523 2370 1679 2417 ‘immo
1717 2372 1825 2432 quid

213 2442 321 2487 mihi
362 2448 436 2487 tua
474 2457 589 2503 opus
628 2450 723 2493 est,
761 2445 799 2488 si
835 2451 1026 2504 propter
1063 2450 1105 2488 te
1141 2443 1311 2503 aliquid
1347 2443 1586 2488 inhoneste
1620 2442 1828 2488 facturus

214 2511 376 2557 sum?'
451 2517 491 2557 5.
532 2513 584 2558 Μ.
613 2515 778 2559 Brutus
804 2514 1012 2559 ultimum
1039 2513 1263 2574 proelium
1298 2514 1517 2569 initurus,
1553 2508 1827 2571 negantibus

218 2582 484 2641 qulbusdam
523 2583 565 2628 id
602 2584 821 2630 committi
856 2591 1093 2644 oportere,
1132 2582 1362 2628 ‘fidenter'
1400 2583 1549 2642 inquit
1589 2582 1653 2626 ‘in
1682 2582 1822 2627 aciem

152 2662 194 2695 35
219 2652 467 2698 descendo:
543 2653 678 2699 hodie
730 2656 847 2699 enim
899 2660 977 2713 aut
1027 2661 1147 2700 recte
1198 2667 1275 2698 ero
1327 2659 1405 2698 aut
1453 2652 1567 2696 nihil
1616 2650 1822 2696 curaho'.

1435 2717 1446 2734 Ι

329 2775 351 2813 1
383 2775 507 2827 prius
537 2775 603 2814 B:
634 2775 777 2828 pluris
807 2777 946 2816 Per-iz.
1007 2778 1031 2816 2
1053 2776 1290 2827 utriusque
1312 2767 1367 2814 B'
1426 2775 1451 2814 5
1478 2772 1591 2812 mihi
1618 2773 1680 2811 P:
1709 2771 1824 2811 mihi

213 2830 364 2884 inquit
383 2830 427 2870 B
487 2832 512 2870 9
535 2830 780 2871 obsolitam
801 2825 857 2872 B'
904 2833 954 2871 17
977 2832 1132 2871 felicis
1155 2833 1245 2871 cod.
1271 2830 1420 2870 Caueh.
1483 2829 1534 2868 18
1556 2828 1821 2880 insignaue—

215 2887 277 2926 rit
300 2886 357 2939 B,
379 2886 673 2939 insigniuerit
694 2887 717 2927 b
776 2889 829 2928 26
852 2891 978 2928 recte
1003 2901 1078 2928 ero
1101 2888 1141 2927 P
