<?xml version="1.0" encoding="UTF-8"?>
<!DOCTYPE html PUBLIC "-//W3C//DTD XHTML 1.0 Transitional//EN"
    "http://www.w3.org/TR/xhtml1/DTD/xhtml1-transitional.dtd">
<html xmlns="http://www.w3.org/1999/xhtml" xml:lang="en" lang="en">
 <head>
  <title>
</title>
<meta http-equiv="Content-Type" content="text/html;charset=utf-8" />
  <meta name='ocr-system' content='tesseract 3.04.00' />
  <meta name='ocr-capabilities' content='ocr_page ocr_carea ocr_par ocr_line ocrx_word'/>
</head>
<body>
  <div class='ocr_page' id='page_1' title='image "./factorumetdictor00valeuoft_0264.png"; bbox 0 0 1924 3152; ppageno 0'>
   <div class='ocr_carea' id='block_1_1' title="bbox 199 128 1100 181">
    <p class='ocr_par' dir='ltr' id='par_1_1' title="bbox 199 128 1100 181">
     <span class='ocr_line' id='line_1_1' title="bbox 199 128 1100 181; baseline -0.002 -1"><span class='ocrx_word' id='word_1_1' title='bbox 199 128 306 181; x_wconf 81' lang='grc'>236</span> <span class='ocrx_word' id='word_1_2' title='bbox 911 132 1013 178; x_wconf 86' lang='lat' dir='ltr'>LlB.</span> <span class='ocrx_word' id='word_1_3' title='bbox 1052 132 1100 178; x_wconf 94' lang='lat' dir='ltr'>V.</span> 
     </span>
    </p>
   </div>
   <div class='ocr_carea' id='block_1_2' title="bbox 137 239 1893 2281">
    <p class='ocr_par' dir='ltr' id='par_1_2' title="bbox 137 239 1893 2281">
     <span class='ocr_line' id='line_1_2' title="bbox 199 239 1821 313; baseline 0.001 -20"><span class='ocrx_word' id='word_1_4' title='bbox 199 241 410 294; x_wconf 87' lang='lat' dir='ltr'>habes’.</span> <span class='ocrx_word' id='word_1_5' title='bbox 477 240 609 308; x_wconf 91' lang='lat' dir='ltr'>quid</span> <span class='ocrx_word' id='word_1_6' title='bbox 643 241 752 291; x_wconf 89' lang='lat' dir='ltr'>ista</span> <span class='ocrx_word' id='word_1_7' title='bbox 786 248 881 291; x_wconf 90' lang='lat' dir='ltr'>aut</span> <span class='ocrx_word' id='word_1_8' title='bbox 906 240 1232 291; x_wconf 79' lang='lat' dir='ltr'>necessitate</span> <span class='ocrx_word' id='word_1_9' title='bbox 1257 239 1536 309; x_wconf 82' lang='lat' dir='ltr'>indignius</span> <span class='ocrx_word' id='word_1_10' title='bbox 1573 248 1669 294; x_wconf 84' lang='lat' dir='ltr'>aut</span> <span class='ocrx_word' id='word_1_11' title='bbox 1693 259 1821 313; x_wconf 88' lang='lat' dir='ltr'>que-</span> 
     </span>
     <span class='ocr_line' id='line_1_3' title="bbox 202 308 1816 365; baseline 0.001 -1"><span class='ocrx_word' id='word_1_12' title='bbox 202 311 338 364; x_wconf 90' lang='lat' dir='ltr'>rella</span> <span class='ocrx_word' id='word_1_13' title='bbox 363 310 562 362; x_wconf 90' lang='lat' dir='ltr'>iustius</span> <span class='ocrx_word' id='word_1_14' title='bbox 591 317 686 362; x_wconf 88' lang='lat' dir='ltr'>aut</span> <span class='ocrx_word' id='word_1_15' title='bbox 719 308 928 362; x_wconf 90' lang='lat' dir='ltr'>ultione</span> <span class='ocrx_word' id='word_1_16' title='bbox 954 309 1327 362; x_wconf 80' lang='lat' dir='ltr'>moderatius?</span> <span class='ocrx_word' id='word_1_17' title='bbox 1366 311 1574 363; x_wconf 89' lang='lat' dir='ltr'>cineres</span> <span class='ocrx_word' id='word_1_18' title='bbox 1613 311 1662 363; x_wconf 91' lang='lat' dir='ltr'>ei</span> <span class='ocrx_word' id='word_1_19' title='bbox 1689 328 1816 365; x_wconf 87' lang='lat' dir='ltr'>suos</span> 
     </span>
     <span class='ocr_line' id='line_1_4' title="bbox 201 379 1817 451; baseline 0.001 -19"><span class='ocrx_word' id='word_1_20' title='bbox 201 384 448 450; x_wconf 84' lang='lat' dir='ltr'>negauit,</span> <span class='ocrx_word' id='word_1_21' title='bbox 479 399 643 451; x_wconf 90' lang='lat' dir='ltr'>quam</span> <span class='ocrx_word' id='word_1_22' title='bbox 669 380 728 431; x_wconf 92' lang='lat' dir='ltr'>in</span> <span class='ocrx_word' id='word_1_23' title='bbox 754 381 995 432; x_wconf 90' lang='lat' dir='ltr'>cinerem</span> <span class='ocrx_word' id='word_1_24' title='bbox 1022 379 1239 434; x_wconf 84' lang='lat' dir='ltr'>conlabi</span> <span class='ocrx_word' id='word_1_25' title='bbox 1265 399 1459 451; x_wconf 88' lang='lat' dir='ltr'>passus</span> <span class='ocrx_word' id='word_1_26' title='bbox 1485 399 1595 434; x_wconf 92' lang='lat' dir='ltr'>non</span> <span class='ocrx_word' id='word_1_27' title='bbox 1619 382 1817 434; x_wconf 87' lang='lat' dir='ltr'>fuerat.</span> 
     </span>
     <span class='ocr_line' id='line_1_5' title="bbox 202 450 1820 521; baseline 0 -19"><span class='ocrx_word' id='word_1_28' title='bbox 202 453 372 520; x_wconf 87' lang='lat' dir='ltr'>igitur</span> <span class='ocrx_word' id='word_1_29' title='bbox 397 450 536 502; x_wconf 92' lang='lat' dir='ltr'>hanc</span> <span class='ocrx_word' id='word_1_30' title='bbox 571 469 738 503; x_wconf 90' lang='lat' dir='ltr'>unam</span> <span class='ocrx_word' id='word_1_31' title='bbox 766 450 1036 521; x_wconf 82' lang='lat' dir='ltr'>Scipionis</span> <span class='ocrx_word' id='word_1_32' title='bbox 1074 450 1378 504; x_wconf 88' lang='lat' dir='ltr'>uindictam</span> <span class='ocrx_word' id='word_1_33' title='bbox 1411 451 1616 521; x_wconf 83' lang='lat' dir='ltr'>ingrati</span> <span class='ocrx_word' id='word_1_34' title='bbox 1650 451 1820 503; x_wconf 88' lang='lat' dir='ltr'>animi</span> 
     </span>
     <span class='ocr_line' id='line_1_6' title="bbox 158 521 1819 588; baseline -0.002 -12"><span class='ocrx_word' id='word_1_35' title='bbox 158 545 177 576; x_wconf 86' lang='lat'>5</span> <span class='ocrx_word' id='word_1_36' title='bbox 199 523 332 575; x_wconf 92' lang='lat' dir='ltr'>urbs</span> <span class='ocrx_word' id='word_1_37' title='bbox 361 521 610 573; x_wconf 89' lang='lat' dir='ltr'>Romana</span> <span class='ocrx_word' id='word_1_38' title='bbox 637 522 836 588; x_wconf 80' lang='lat' dir='ltr'>sensit,</span> <span class='ocrx_word' id='word_1_39' title='bbox 875 522 1136 574; x_wconf 87' lang='lat' dir='ltr'>maiorem</span> <span class='ocrx_word' id='word_1_40' title='bbox 1170 541 1256 574; x_wconf 92' lang='lat' dir='ltr'>me</span> <span class='ocrx_word' id='word_1_41' title='bbox 1292 521 1510 574; x_wconf 81' lang='lat' dir='ltr'>hercule</span> <span class='ocrx_word' id='word_1_42' title='bbox 1538 522 1819 575; x_wconf 81' lang='lat' dir='ltr'>Coriolani</span> 
     </span>
     <span class='ocr_line' id='line_1_7' title="bbox 200 591 1820 663; baseline 0.001 -20"><span class='ocrx_word' id='word_1_43' title='bbox 200 591 487 645; x_wconf 88' lang='lat' dir='ltr'>uiolentia:</span> <span class='ocrx_word' id='word_1_44' title='bbox 530 591 619 643; x_wconf 93' lang='lat' dir='ltr'>ille</span> <span class='ocrx_word' id='word_1_45' title='bbox 647 593 790 644; x_wconf 91' lang='lat' dir='ltr'>enim</span> <span class='ocrx_word' id='word_1_46' title='bbox 814 592 1050 662; x_wconf 88' lang='lat' dir='ltr'>patriam</span> <span class='ocrx_word' id='word_1_47' title='bbox 1076 601 1225 644; x_wconf 90' lang='lat' dir='ltr'>metu</span> <span class='ocrx_word' id='word_1_48' title='bbox 1250 592 1519 663; x_wconf 87' lang='lat' dir='ltr'>pulsauit,</span> <span class='ocrx_word' id='word_1_49' title='bbox 1556 591 1644 645; x_wconf 91' lang='lat' dir='ltr'>hic</span> <span class='ocrx_word' id='word_1_50' title='bbox 1668 610 1820 644; x_wconf 90' lang='lat' dir='ltr'>uere-</span> 
     </span>
     <span class='ocr_line' id='line_1_8' title="bbox 203 662 1819 733; baseline 0 -19"><span class='ocrx_word' id='word_1_51' title='bbox 203 662 419 715; x_wconf 89' lang='lat' dir='ltr'>cundia.</span> <span class='ocrx_word' id='word_1_52' title='bbox 485 662 553 714; x_wconf 91' lang='lat' dir='ltr'>de</span> <span class='ocrx_word' id='word_1_53' title='bbox 581 682 688 732; x_wconf 90' lang='lat' dir='ltr'>qua</span> <span class='ocrx_word' id='word_1_54' title='bbox 715 681 782 714; x_wconf 88' lang='lat' dir='ltr'>ne</span> <span class='ocrx_word' id='word_1_55' title='bbox 817 663 970 732; x_wconf 89' lang='lat' dir='ltr'>queri</span> <span class='ocrx_word' id='word_1_56' title='bbox 998 662 1218 733; x_wconf 89' lang='lat' dir='ltr'>quidem</span> <span class='ocrx_word' id='word_1_57' title='bbox 1249 695 1312 701; x_wconf 86' lang='lat'>—</span> <span class='ocrx_word' id='word_1_58' title='bbox 1340 671 1495 715; x_wconf 88' lang='lat' dir='ltr'>tanta</span> <span class='ocrx_word' id='word_1_59' title='bbox 1520 681 1683 715; x_wconf 89' lang='lat' dir='ltr'>uerae</span> <span class='ocrx_word' id='word_1_60' title='bbox 1704 663 1819 733; x_wconf 64' lang='lat' dir='ltr'>‚pie-</span> 
     </span>
     <span class='ocr_line' id='line_1_9' title="bbox 201 732 1498 803; baseline -0.001 -18"><span class='ocrx_word' id='word_1_61' title='bbox 201 734 331 786; x_wconf 90' lang='lat' dir='ltr'>tatis</span> <span class='ocrx_word' id='word_1_62' title='bbox 361 733 671 786; x_wconf 87' lang='lat' dir='ltr'>constantia</span> <span class='ocrx_word' id='word_1_63' title='bbox 700 765 757 772; x_wconf 84' lang='lat'>—-</span> <span class='ocrx_word' id='word_1_64' title='bbox 789 734 898 785; x_wconf 92' lang='lat' dir='ltr'>nisi</span> <span class='ocrx_word' id='word_1_65' title='bbox 923 742 1049 803; x_wconf 88' lang='lat' dir='ltr'>post</span> <span class='ocrx_word' id='word_1_66' title='bbox 1075 732 1192 784; x_wconf 88' lang='lat' dir='ltr'>fata</span> <span class='ocrx_word' id='word_1_67' title='bbox 1220 734 1498 785; x_wconf 82' lang='lat' dir='ltr'>sustinuit.</span> 
     </span>
     <span class='ocr_line' id='line_1_10' title="bbox 310 801 1893 874; baseline -0.001 -18"><span class='ocrx_word' id='word_1_68' title='bbox 310 803 470 856; x_wconf 88' lang='lat' dir='ltr'>Talia</span> <span class='ocrx_word' id='word_1_69' title='bbox 496 822 659 874; x_wconf 89' lang='lat' dir='ltr'>passo</span> <span class='ocrx_word' id='word_1_70' title='bbox 671 844 685 869; x_wconf 84' lang='grc'>,</span> <span class='ocrx_word' id='word_1_71' title='bbox 727 803 919 869; x_wconf 81' lang='lat' dir='ltr'>credo,</span> <span class='ocrx_word' id='word_1_72' title='bbox 959 821 1098 872; x_wconf 89' lang='lat' dir='ltr'>quae</span> <span class='ocrx_word' id='word_1_73' title='bbox 1132 803 1293 855; x_wconf 87' lang='lat' dir='ltr'>fratri</span> <span class='ocrx_word' id='word_1_74' title='bbox 1321 803 1438 855; x_wconf 90' lang='lat' dir='ltr'>eius</span> <span class='ocrx_word' id='word_1_75' title='bbox 1464 801 1713 855; x_wconf 90' lang='lat' dir='ltr'>accidere</span> <span class='ocrx_word' id='word_1_76' title='bbox 1739 821 1820 854; x_wconf 89' lang='lat' dir='ltr'>so-</span> <span class='ocrx_word' id='word_1_77' title='bbox 1885 834 1893 840; x_wconf 91' lang='lat'><em>-</em></span> 
     </span>
     <span class='ocr_line' id='line_1_11' title="bbox 138 873 1823 944; baseline -0.001 -17"><span class='ocrx_word' id='word_1_78' title='bbox 138 898 178 929; x_wconf 89' lang='lat'>10</span> <span class='ocrx_word' id='word_1_79' title='bbox 202 874 343 927; x_wconf 90' lang='lat' dir='ltr'>lacio</span> <span class='ocrx_word' id='word_1_80' title='bbox 372 892 493 926; x_wconf 88' lang='lat' dir='ltr'>esse</span> <span class='ocrx_word' id='word_1_81' title='bbox 520 882 831 944; x_wconf 90' lang='lat' dir='ltr'>potuerunt.</span> <span class='ocrx_word' id='word_1_82' title='bbox 897 873 985 924; x_wconf 91' lang='lat' dir='ltr'>cui</span> <span class='ocrx_word' id='word_1_83' title='bbox 1021 892 1120 925; x_wconf 83' lang='lat' dir='ltr'>rex</span> <span class='ocrx_word' id='word_1_84' title='bbox 1147 873 1455 927; x_wconf 83' lang='lat' dir='ltr'>Antiochus</span> <span class='ocrx_word' id='word_1_85' title='bbox 1484 873 1731 925; x_wconf 89' lang='lat' dir='ltr'>deuictus</span> <span class='ocrx_word' id='word_1_86' title='bbox 1769 882 1823 932; x_wconf 88' lang='lat' dir='ltr'>et</span> 
     </span>
     <span class='ocr_line' id='line_1_12' title="bbox 202 943 1821 1015; baseline -0.002 -18"><span class='ocrx_word' id='word_1_87' title='bbox 202 946 342 997; x_wconf 91' lang='lat' dir='ltr'>Asia</span> <span class='ocrx_word' id='word_1_88' title='bbox 366 945 594 1015; x_wconf 91' lang='lat' dir='ltr'>imperio</span> <span class='ocrx_word' id='word_1_89' title='bbox 622 943 814 1014; x_wconf 89' lang='lat' dir='ltr'>populi</span> <span class='ocrx_word' id='word_1_90' title='bbox 838 944 1076 997; x_wconf 88' lang='lat' dir='ltr'>Romani</span> <span class='ocrx_word' id='word_1_91' title='bbox 1111 943 1326 996; x_wconf 87' lang='lat' dir='ltr'>adiecta</span> <span class='ocrx_word' id='word_1_92' title='bbox 1362 943 1821 1014; x_wconf 88' lang='lat' dir='ltr'>speciosissimus-</span> 
     </span>
     <span class='ocr_line' id='line_1_13' title="bbox 203 1014 1821 1085; baseline -0.001 -18"><span class='ocrx_word' id='word_1_93' title='bbox 203 1035 307 1085; x_wconf 89' lang='lat' dir='ltr'>que</span> <span class='ocrx_word' id='word_1_94' title='bbox 342 1015 650 1085; x_wconf 90' lang='lat' dir='ltr'>triumphus</span> <span class='ocrx_word' id='word_1_95' title='bbox 684 1024 746 1067; x_wconf 90' lang='lat' dir='ltr'>ut</span> <span class='ocrx_word' id='word_1_96' title='bbox 782 1014 1067 1085; x_wconf 88' lang='lat' dir='ltr'>peculatus</span> <span class='ocrx_word' id='word_1_97' title='bbox 1103 1033 1229 1066; x_wconf 89' lang='lat' dir='ltr'>reus</span> <span class='ocrx_word' id='word_1_98' title='bbox 1270 1014 1426 1067; x_wconf 87' lang='lat' dir='ltr'>fieret</span> <span class='ocrx_word' id='word_1_99' title='bbox 1462 1021 1516 1066; x_wconf 93' lang='lat' dir='ltr'>et</span> <span class='ocrx_word' id='word_1_100' title='bbox 1550 1014 1607 1065; x_wconf 92' lang='lat' dir='ltr'>in</span> <span class='ocrx_word' id='word_1_101' title='bbox 1643 1032 1821 1066; x_wconf 91' lang='lat' dir='ltr'>carce-</span> 
     </span>
     <span class='ocr_line' id='line_1_14' title="bbox 201 1085 1329 1155; baseline 0 -18"><span class='ocrx_word' id='word_1_102' title='bbox 201 1105 316 1138; x_wconf 85' lang='lat' dir='ltr'>rem</span> <span class='ocrx_word' id='word_1_103' title='bbox 344 1086 471 1138; x_wconf 90' lang='lat' dir='ltr'>duci</span> <span class='ocrx_word' id='word_1_104' title='bbox 497 1085 779 1138; x_wconf 88' lang='lat' dir='ltr'>iuberetur</span> <span class='ocrx_word' id='word_1_105' title='bbox 806 1104 1029 1137; x_wconf 83' lang='lat' dir='ltr'>causam</span> <span class='ocrx_word' id='word_1_106' title='bbox 1055 1085 1329 1155; x_wconf 90' lang='lat' dir='ltr'>praebuit.</span> 
     </span>
     <span class='ocr_line' id='line_1_15' title="bbox 308 1154 1822 1226; baseline -0.001 -19"><span class='ocrx_word' id='word_1_107' title='bbox 308 1155 493 1209; x_wconf 89' lang='lat' dir='ltr'>Nihilo</span> <span class='ocrx_word' id='word_1_108' title='bbox 520 1157 726 1209; x_wconf 90' lang='lat' dir='ltr'>uirtute</span> <span class='ocrx_word' id='word_1_109' title='bbox 751 1155 1021 1226; x_wconf 85' lang='lat' dir='ltr'>posterior</span> <span class='ocrx_word' id='word_1_110' title='bbox 1047 1155 1342 1208; x_wconf 89' lang='lat' dir='ltr'>Africanus</span> <span class='ocrx_word' id='word_1_111' title='bbox 1371 1174 1474 1208; x_wconf 89' lang='lat' dir='ltr'>auo</span> <span class='ocrx_word' id='word_1_112' title='bbox 1501 1155 1695 1222; x_wconf 80' lang='lat' dir='ltr'>minor,</span> <span class='ocrx_word' id='word_1_113' title='bbox 1725 1154 1822 1207; x_wconf 90' lang='lat' dir='ltr'>sed</span> 
     </span>
     <span class='ocr_line' id='line_1_16' title="bbox 140 1224 1820 1297; baseline -0.002 -18"><span class='ocrx_word' id='word_1_114' title='bbox 140 1249 180 1280; x_wconf 88' lang='lat'>15</span> <span class='ocrx_word' id='word_1_115' title='bbox 203 1245 272 1278; x_wconf 91' lang='lat' dir='ltr'>ne</span> <span class='ocrx_word' id='word_1_116' title='bbox 300 1227 452 1279; x_wconf 77' lang='lat' dir='ltr'>exitu</span> <span class='ocrx_word' id='word_1_117' title='bbox 480 1226 701 1297; x_wconf 86' lang='lat' dir='ltr'>quidem</span> <span class='ocrx_word' id='word_1_118' title='bbox 728 1226 958 1279; x_wconf 85' lang='lat' dir='ltr'>felicior.</span> <span class='ocrx_word' id='word_1_119' title='bbox 1023 1225 1235 1278; x_wconf 92' lang='lat' dir='ltr'>duabus</span> <span class='ocrx_word' id='word_1_120' title='bbox 1265 1226 1406 1277; x_wconf 88' lang='lat' dir='ltr'>enim</span> <span class='ocrx_word' id='word_1_121' title='bbox 1432 1226 1681 1292; x_wconf 80' lang='lat' dir='ltr'>urbibUS,</span> <span class='ocrx_word' id='word_1_122' title='bbox 1708 1224 1820 1277; x_wconf 82' lang='lat' dir='ltr'>Nu—</span> 
     </span>
     <span class='ocr_line' id='line_1_17' title="bbox 201 1295 1821 1367; baseline -0.002 -18"><span class='ocrx_word' id='word_1_123' title='bbox 201 1298 409 1349; x_wconf 84' lang='lat' dir='ltr'>mantia</span> <span class='ocrx_word' id='word_1_124' title='bbox 436 1305 599 1367; x_wconf 88' lang='lat' dir='ltr'>atque</span> <span class='ocrx_word' id='word_1_125' title='bbox 626 1297 986 1365; x_wconf 81' lang='lat' dir='ltr'>Karthagine,</span> <span class='ocrx_word' id='word_1_126' title='bbox 1014 1297 1244 1365; x_wconf 89' lang='lat' dir='ltr'>imperio</span> <span class='ocrx_word' id='word_1_127' title='bbox 1266 1296 1512 1350; x_wconf 87' lang='lat' dir='ltr'>Romano</span> <span class='ocrx_word' id='word_1_128' title='bbox 1538 1295 1821 1347; x_wconf 87' lang='lat' dir='ltr'>imminen-</span> 
     </span>
     <span class='ocr_line' id='line_1_18' title="bbox 203 1366 1819 1437; baseline -0.002 -17"><span class='ocrx_word' id='word_1_129' title='bbox 203 1369 353 1422; x_wconf 88' lang='lat' dir='ltr'>tibus</span> <span class='ocrx_word' id='word_1_130' title='bbox 383 1387 453 1419; x_wconf 81' lang='lat' dir='ltr'>ex</span> <span class='ocrx_word' id='word_1_131' title='bbox 479 1386 663 1419; x_wconf 86' lang='lat' dir='ltr'>rerum</span> <span class='ocrx_word' id='word_1_132' title='bbox 707 1375 902 1418; x_wconf 90' lang='lat' dir='ltr'>natura</span> <span class='ocrx_word' id='word_1_133' title='bbox 948 1366 1189 1436; x_wconf 88' lang='lat' dir='ltr'>depulsis</span> <span class='ocrx_word' id='word_1_134' title='bbox 1206 1407 1220 1432; x_wconf 86' lang='lat'><em>‚</em></span> <span class='ocrx_word' id='word_1_135' title='bbox 1273 1379 1548 1437; x_wconf 83' lang='lat' dir='ltr'>raptorem</span> <span class='ocrx_word' id='word_1_136' title='bbox 1593 1366 1819 1436; x_wconf 89' lang='lat' dir='ltr'>spiritus</span> 
     </span>
     <span class='ocr_line' id='line_1_19' title="bbox 205 1435 1820 1507; baseline -0.001 -18"><span class='ocrx_word' id='word_1_137' title='bbox 205 1438 352 1491; x_wconf 92' lang='lat' dir='ltr'>domi</span> <span class='ocrx_word' id='word_1_138' title='bbox 377 1438 613 1504; x_wconf 81' lang='lat' dir='ltr'>inuenit,</span> <span class='ocrx_word' id='word_1_139' title='bbox 642 1437 833 1490; x_wconf 89' lang='lat' dir='ltr'>mortis</span> <span class='ocrx_word' id='word_1_140' title='bbox 862 1438 1172 1507; x_wconf 87' lang='lat' dir='ltr'>punitorem</span> <span class='ocrx_word' id='word_1_141' title='bbox 1197 1439 1254 1488; x_wconf 93' lang='lat' dir='ltr'>in</span> <span class='ocrx_word' id='word_1_142' title='bbox 1280 1437 1400 1490; x_wconf 89' lang='lat' dir='ltr'>foro</span> <span class='ocrx_word' id='word_1_143' title='bbox 1428 1456 1540 1489; x_wconf 90' lang='lat' dir='ltr'>non</span> <span class='ocrx_word' id='word_1_144' title='bbox 1565 1435 1820 1506; x_wconf 89' lang='lat' dir='ltr'>repperit.</span> 
     </span>
     <span class='ocr_line' id='line_1_20' title="bbox 312 1504 1821 1577; baseline -0.003 -16"><span class='ocrx_word' id='word_1_145' title='bbox 312 1508 448 1574; x_wconf 77' lang='lat' dir='ltr'>Quis</span> <span class='ocrx_word' id='word_1_146' title='bbox 485 1509 703 1576; x_wconf 89' lang='lat' dir='ltr'>ignorat</span> <span class='ocrx_word' id='word_1_147' title='bbox 739 1515 950 1560; x_wconf 90' lang='lat' dir='ltr'>tantum</span> <span class='ocrx_word' id='word_1_148' title='bbox 988 1507 1167 1559; x_wconf 90' lang='lat' dir='ltr'>laudis</span> <span class='ocrx_word' id='word_1_149' title='bbox 1206 1504 1518 1577; x_wconf 72' lang='lat' dir='ltr'>Scipionem</span> <span class='ocrx_word' id='word_1_150' title='bbox 1559 1506 1821 1558; x_wconf 84' lang='lat' dir='ltr'>Nasicam</span> 
     </span>
     <span class='ocr_line' id='line_1_21' title="bbox 139 1577 1821 1648; baseline -0.002 -17"><span class='ocrx_word' id='word_1_151' title='bbox 139 1601 180 1632; x_wconf 82' lang='lat'>20</span> <span class='ocrx_word' id='word_1_152' title='bbox 203 1586 335 1647; x_wconf 88' lang='lat' dir='ltr'>toga</span> <span class='ocrx_word' id='word_1_153' title='bbox 369 1587 634 1648; x_wconf 84' lang='lat' dir='ltr'>quantum</span> <span class='ocrx_word' id='word_1_154' title='bbox 661 1579 826 1630; x_wconf 88' lang='lat' dir='ltr'>armis</span> <span class='ocrx_word' id='word_1_155' title='bbox 855 1586 1148 1647; x_wconf 88' lang='lat' dir='ltr'>utrumque</span> <span class='ocrx_word' id='word_1_156' title='bbox 1175 1577 1502 1630; x_wconf 86' lang='lat' dir='ltr'>Africanum</span> <span class='ocrx_word' id='word_1_157' title='bbox 1535 1577 1821 1643; x_wconf 82' lang='lat' dir='ltr'>meruisse,</span> 
     </span>
     <span class='ocr_line' id='line_1_22' title="bbox 203 1648 1822 1719; baseline -0.001 -19"><span class='ocrx_word' id='word_1_158' title='bbox 203 1650 298 1719; x_wconf 93' lang='lat' dir='ltr'>qui</span> <span class='ocrx_word' id='word_1_159' title='bbox 324 1649 590 1719; x_wconf 87' lang='lat' dir='ltr'>pestifera</span> <span class='ocrx_word' id='word_1_160' title='bbox 617 1649 702 1700; x_wconf 85' lang='lat' dir='ltr'>Ti.</span> <span class='ocrx_word' id='word_1_161' title='bbox 733 1649 971 1701; x_wconf 79' lang='lat' dir='ltr'>Gracchi</span> <span class='ocrx_word' id='word_1_162' title='bbox 1007 1667 1174 1700; x_wconf 91' lang='lat' dir='ltr'>manu</span> <span class='ocrx_word' id='word_1_163' title='bbox 1208 1648 1463 1701; x_wconf 88' lang='lat' dir='ltr'>faucibus</span> <span class='ocrx_word' id='word_1_164' title='bbox 1501 1665 1822 1717; x_wconf 88' lang='lat' dir='ltr'>oppressam</span> 
     </span>
     <span class='ocr_line' id='line_1_23' title="bbox 202 1717 1819 1789; baseline -0.001 -19"><span class='ocrx_word' id='word_1_165' title='bbox 202 1738 319 1772; x_wconf 91' lang='lat' dir='ltr'>rem</span> <span class='ocrx_word' id='word_1_166' title='bbox 360 1718 641 1789; x_wconf 87' lang='lat' dir='ltr'>publicam</span> <span class='ocrx_word' id='word_1_167' title='bbox 684 1719 1018 1788; x_wconf 89' lang='lat' dir='ltr'>strangulari</span> <span class='ocrx_word' id='word_1_168' title='bbox 1060 1737 1254 1789; x_wconf 88' lang='lat' dir='ltr'>passus</span> <span class='ocrx_word' id='word_1_169' title='bbox 1299 1737 1409 1771; x_wconf 88' lang='lat' dir='ltr'>non</span> <span class='ocrx_word' id='word_1_170' title='bbox 1454 1718 1574 1770; x_wconf 83' lang='lat' dir='ltr'>est‘?</span> <span class='ocrx_word' id='word_1_171' title='bbox 1633 1717 1730 1770; x_wconf 90' lang='lat' dir='ltr'>sed</span> <span class='ocrx_word' id='word_1_172' title='bbox 1772 1717 1819 1768; x_wconf 90' lang='lat' dir='ltr'>is</span> 
     </span>
     <span class='ocr_line' id='line_1_24' title="bbox 203 1787 1821 1860; baseline -0.002 -18"><span class='ocrx_word' id='word_1_173' title='bbox 203 1808 416 1860; x_wconf 92' lang='lat' dir='ltr'>quoque</span> <span class='ocrx_word' id='word_1_174' title='bbox 444 1798 669 1860; x_wconf 90' lang='lat' dir='ltr'>propter</span> <span class='ocrx_word' id='word_1_175' title='bbox 703 1790 1110 1860; x_wconf 81' lang='lat' dir='ltr'>iniquissimam</span> <span class='ocrx_word' id='word_1_176' title='bbox 1134 1790 1402 1842; x_wconf 89' lang='lat' dir='ltr'>uirtutum</span> <span class='ocrx_word' id='word_1_177' title='bbox 1429 1807 1648 1841; x_wconf 91' lang='lat' dir='ltr'>suarum</span> <span class='ocrx_word' id='word_1_178' title='bbox 1673 1787 1821 1858; x_wconf 90' lang='lat' dir='ltr'>apud</span> 
     </span>
     <span class='ocr_line' id='line_1_25' title="bbox 203 1859 1821 1929; baseline -0.002 -17"><span class='ocrx_word' id='word_1_179' title='bbox 203 1862 349 1913; x_wconf 92' lang='lat' dir='ltr'>ciues</span> <span class='ocrx_word' id='word_1_180' title='bbox 379 1860 815 1914; x_wconf 88' lang='lat' dir='ltr'>aestimationem</span> <span class='ocrx_word' id='word_1_181' title='bbox 851 1861 953 1913; x_wconf 90' lang='lat' dir='ltr'>sub</span> <span class='ocrx_word' id='word_1_182' title='bbox 991 1859 1149 1913; x_wconf 89' lang='lat' dir='ltr'>titulo</span> <span class='ocrx_word' id='word_1_183' title='bbox 1177 1860 1468 1929; x_wconf 86' lang='lat' dir='ltr'>legationis</span> <span class='ocrx_word' id='word_1_184' title='bbox 1496 1860 1821 1929; x_wconf 90' lang='lat' dir='ltr'>Pergamum</span> 
     </span>
     <span class='ocr_line' id='line_1_26' title="bbox 137 1929 1820 2002; baseline -0.002 -19"><span class='ocrx_word' id='word_1_185' title='bbox 137 1953 178 1985; x_wconf 83' lang='lat'>25</span> <span class='ocrx_word' id='word_1_186' title='bbox 204 1931 458 1997; x_wconf 78' lang='lat' dir='ltr'>secessit,</span> <span class='ocrx_word' id='word_1_187' title='bbox 497 1940 551 1983; x_wconf 94' lang='lat' dir='ltr'>et</span> <span class='ocrx_word' id='word_1_188' title='bbox 587 1931 733 2002; x_wconf 92' lang='lat' dir='ltr'>quod</span> <span class='ocrx_word' id='word_1_189' title='bbox 768 1932 916 1984; x_wconf 91' lang='lat' dir='ltr'>uitae</span> <span class='ocrx_word' id='word_1_190' title='bbox 943 1931 1217 2001; x_wconf 84' lang='lat' dir='ltr'>superfuit</span> <span class='ocrx_word' id='word_1_191' title='bbox 1242 1931 1322 1984; x_wconf 90' lang='lat' dir='ltr'>ibi</span> <span class='ocrx_word' id='word_1_192' title='bbox 1350 1931 1466 1982; x_wconf 90' lang='lat' dir='ltr'>sine</span> <span class='ocrx_word' id='word_1_193' title='bbox 1492 1929 1603 1983; x_wconf 94' lang='lat' dir='ltr'>ullo</span> <span class='ocrx_word' id='word_1_194' title='bbox 1641 1930 1820 1998; x_wconf 87' lang='lat' dir='ltr'>ingra-</span> 
     </span>
     <span class='ocr_line' id='line_1_27' title="bbox 200 2001 1086 2071; baseline -0.002 -17"><span class='ocrx_word' id='word_1_195' title='bbox 200 2010 290 2054; x_wconf 91' lang='lat' dir='ltr'>tae</span> <span class='ocrx_word' id='word_1_196' title='bbox 315 2002 527 2071; x_wconf 83' lang='lat' dir='ltr'>patriae</span> <span class='ocrx_word' id='word_1_197' title='bbox 554 2001 828 2054; x_wconf 91' lang='lat' dir='ltr'>desiderio</span> <span class='ocrx_word' id='word_1_198' title='bbox 855 2002 1086 2071; x_wconf 87' lang='lat' dir='ltr'>peregit.</span> 
     </span>
     <span class='ocr_line' id='line_1_28' title="bbox 308 2069 1819 2138; baseline -0.003 -14"><span class='ocrx_word' id='word_1_199' title='bbox 308 2072 375 2124; x_wconf 89' lang='lat' dir='ltr'>In</span> <span class='ocrx_word' id='word_1_200' title='bbox 402 2071 592 2124; x_wconf 92' lang='lat' dir='ltr'>eodem</span> <span class='ocrx_word' id='word_1_201' title='bbox 619 2072 836 2123; x_wconf 88' lang='lat' dir='ltr'>nomine</span> <span class='ocrx_word' id='word_1_202' title='bbox 863 2089 1053 2123; x_wconf 92' lang='lat' dir='ltr'>uersor</span> <span class='ocrx_word' id='word_1_203' title='bbox 1077 2070 1311 2122; x_wconf 85' lang='lat' dir='ltr'>necdum</span> <span class='ocrx_word' id='word_1_204' title='bbox 1334 2069 1616 2122; x_wconf 82' lang='lat' dir='ltr'>Corneliae</span> <span class='ocrx_word' id='word_1_205' title='bbox 1641 2070 1819 2138; x_wconf 83' lang='lat' dir='ltr'>gentis</span> 
     </span>
     <span class='ocr_line' id='line_1_29' title="bbox 203 2138 1817 2212; baseline -0.001 -18"><span class='ocrx_word' id='word_1_206' title='bbox 203 2141 471 2212; x_wconf 91' lang='lat' dir='ltr'>querellas</span> <span class='ocrx_word' id='word_1_207' title='bbox 510 2142 758 2193; x_wconf 82' lang='lat' dir='ltr'>exhausi.</span> <span class='ocrx_word' id='word_1_208' title='bbox 822 2160 1057 2211; x_wconf 91' lang='lat' dir='ltr'>namque</span> <span class='ocrx_word' id='word_1_209' title='bbox 1083 2140 1144 2191; x_wconf 87' lang='lat' dir='ltr'>P.</span> <span class='ocrx_word' id='word_1_210' title='bbox 1171 2139 1453 2205; x_wconf 76' lang='lat' dir='ltr'>LentulUS‚</span> <span class='ocrx_word' id='word_1_211' title='bbox 1483 2138 1817 2192; x_wconf 87' lang='lat' dir='ltr'>clarissimus</span> 
     </span>
     <span class='ocr_line' id='line_1_30' title="bbox 205 2208 1817 2281; baseline -0.002 -16"><span class='ocrx_word' id='word_1_212' title='bbox 205 2221 259 2265; x_wconf 90' lang='lat' dir='ltr'>et</span> <span class='ocrx_word' id='word_1_213' title='bbox 286 2208 694 2264; x_wconf 85' lang='lat' dir='ltr'>amantissimus</span> <span class='ocrx_word' id='word_1_214' title='bbox 722 2213 801 2263; x_wconf 91' lang='lat' dir='ltr'>rei</span> <span class='ocrx_word' id='word_1_215' title='bbox 827 2211 1081 2281; x_wconf 90' lang='lat' dir='ltr'>publicae</span> <span class='ocrx_word' id='word_1_216' title='bbox 1110 2211 1245 2262; x_wconf 90' lang='lat' dir='ltr'>ciuis</span> <span class='ocrx_word' id='word_1_217' title='bbox 1260 2251 1275 2278; x_wconf 81' lang='grc'>,</span> <span class='ocrx_word' id='word_1_218' title='bbox 1305 2229 1426 2262; x_wconf 90' lang='lat' dir='ltr'>cum</span> <span class='ocrx_word' id='word_1_219' title='bbox 1453 2210 1511 2260; x_wconf 92' lang='lat' dir='ltr'>in</span> <span class='ocrx_word' id='word_1_220' title='bbox 1537 2211 1817 2262; x_wconf 89' lang='lat' dir='ltr'>Auentino</span> 
     </span>
    </p>
   </div>
   <div class='ocr_carea' id='block_1_3' title="bbox 91 2343 1819 2687">
    <p class='ocr_par' dir='ltr' id='par_1_3' title="bbox 91 2343 1819 2546">
     <span class='ocr_line' id='line_1_31' title="bbox 135 2343 1819 2404; baseline -0.002 -13"><span class='ocrx_word' id='word_1_221' title='bbox 135 2357 183 2393; x_wconf 82' lang='lat'>&#39;30</span> <span class='ocrx_word' id='word_1_222' title='bbox 206 2351 406 2390; x_wconf 78' lang='lat' dir='ltr'>auxerat.</span> <span class='ocrx_word' id='word_1_223' title='bbox 449 2370 509 2377; x_wconf 95' lang='lat'>-—-</span> <span class='ocrx_word' id='word_1_224' title='bbox 549 2345 759 2390; x_wconf 83' lang='lat' dir='ltr'>Africano</span> <span class='ocrx_word' id='word_1_225' title='bbox 788 2344 1016 2404; x_wconf 85' lang='lat' dir='ltr'>superiori</span> <span class='ocrx_word' id='word_1_226' title='bbox 1053 2350 1159 2404; x_wconf 86' lang='lat' dir='ltr'>post</span> <span class='ocrx_word' id='word_1_227' title='bbox 1187 2343 1443 2403; x_wconf 80' lang='lat' dir='ltr'>triumphos</span> <span class='ocrx_word' id='word_1_228' title='bbox 1468 2343 1562 2388; x_wconf 86' lang='lat' dir='ltr'>dies</span> <span class='ocrx_word' id='word_1_229' title='bbox 1590 2343 1708 2389; x_wconf 85' lang='lat' dir='ltr'>dicta</span> <span class='ocrx_word' id='word_1_230' title='bbox 1734 2350 1819 2392; x_wconf 82' lang='lat' dir='ltr'>est,</span> 
     </span>
     <span class='ocr_line' id='line_1_32' title="bbox 91 2402 1819 2476; baseline -0.002 -16"><span class='ocrx_word' id='word_1_231' title='bbox 91 2402 122 2435; x_wconf 83' lang='lat' dir='ltr'><strong><em>P</em></strong></span> <span class='ocrx_word' id='word_1_232' title='bbox 120 2413 180 2435; x_wconf 74' lang='lat'>“⁷&#39;‘</span> <span class='ocrx_word' id='word_1_233' title='bbox 206 2422 250 2460; x_wconf 86' lang='lat' dir='ltr'>et</span> <span class='ocrx_word' id='word_1_234' title='bbox 277 2430 299 2460; x_wconf 88' lang='lat' dir='ltr'>a</span> <span class='ocrx_word' id='word_1_235' title='bbox 328 2415 500 2476; x_wconf 91' lang='lat' dir='ltr'>populo</span> <span class='ocrx_word' id='word_1_236' title='bbox 528 2415 781 2461; x_wconf 80' lang='lat' dir='ltr'>damnatus.</span> <span class='ocrx_word' id='word_1_237' title='bbox 823 2440 881 2447; x_wconf 96' lang='lat'>—-</span> <span class='ocrx_word' id='word_1_238' title='bbox 922 2415 1163 2460; x_wconf 83' lang='lat' dir='ltr'>Africanus</span> <span class='ocrx_word' id='word_1_239' title='bbox 1188 2415 1338 2459; x_wconf 86' lang='lat' dir='ltr'>minor</span> <span class='ocrx_word' id='word_1_240' title='bbox 1363 2420 1593 2474; x_wconf 81' lang='lat' dir='ltr'>raptorem</span> <span class='ocrx_word' id='word_1_241' title='bbox 1629 2412 1819 2473; x_wconf 85' lang='lat' dir='ltr'>spiritus</span> 
     </span>
     <span class='ocr_line' id='line_1_33' title="bbox 203 2482 1819 2546; baseline -0.003 -14"><span class='ocrx_word' id='word_1_242' title='bbox 203 2487 324 2532; x_wconf 89' lang='lat' dir='ltr'>domi</span> <span class='ocrx_word' id='word_1_243' title='bbox 352 2486 542 2538; x_wconf 83' lang='lat' dir='ltr'>inuenit,</span> <span class='ocrx_word' id='word_1_244' title='bbox 569 2488 729 2531; x_wconf 74' lang='lat' dir='ltr'>mortis</span> <span class='ocrx_word' id='word_1_245' title='bbox 756 2486 1018 2546; x_wconf 86' lang='lat' dir='ltr'>punitorem</span> <span class='ocrx_word' id='word_1_246' title='bbox 1045 2487 1091 2530; x_wconf 93' lang='lat' dir='ltr'>in</span> <span class='ocrx_word' id='word_1_247' title='bbox 1117 2485 1230 2530; x_wconf 88' lang='lat' dir='ltr'>urbe</span> <span class='ocrx_word' id='word_1_248' title='bbox 1255 2498 1348 2530; x_wconf 90' lang='lat' dir='ltr'>non</span> <span class='ocrx_word' id='word_1_249' title='bbox 1373 2485 1593 2545; x_wconf 88' lang='lat' dir='ltr'>repperit.</span> <span class='ocrx_word' id='word_1_250' title='bbox 1625 2511 1686 2519; x_wconf 92' lang='lat'><strong>—</strong></span> <span class='ocrx_word' id='word_1_251' title='bbox 1725 2482 1819 2528; x_wconf 89' lang='lat' dir='ltr'>Sci-</span> 
     </span>
    </p>

    <p class='ocr_par' dir='ltr' id='par_1_4' title="bbox 200 2555 1819 2687">
     <span class='ocr_line' id='line_1_34' title="bbox 202 2555 1810 2617; baseline -0.002 -16"><span class='ocrx_word' id='word_1_252' title='bbox 202 2557 279 2617; x_wconf 92' lang='lat' dir='ltr'>pio</span> <span class='ocrx_word' id='word_1_253' title='bbox 306 2556 466 2603; x_wconf 82' lang='lat' dir='ltr'>Nasica</span> <span class='ocrx_word' id='word_1_254' title='bbox 504 2556 588 2602; x_wconf 89' lang='lat' dir='ltr'>sub</span> <span class='ocrx_word' id='word_1_255' title='bbox 613 2557 750 2602; x_wconf 83' lang='lat' dir='ltr'>titulo</span> <span class='ocrx_word' id='word_1_256' title='bbox 785 2556 1030 2616; x_wconf 83' lang='lat' dir='ltr'>legationis</span> <span class='ocrx_word' id='word_1_257' title='bbox 1057 2556 1325 2616; x_wconf 85' lang='lat' dir='ltr'>Pergamum</span> <span class='ocrx_word' id='word_1_258' title='bbox 1363 2555 1594 2614; x_wconf 80' lang='lat' dir='ltr'>relegatus</span> <span class='ocrx_word' id='word_1_259' title='bbox 1630 2560 1713 2599; x_wconf 85' lang='lat' dir='ltr'>est.</span> <span class='ocrx_word' id='word_1_260' title='bbox 1755 2577 1810 2585; x_wconf 95' lang='lat'>—-</span> 
     </span>
     <span class='ocr_line' id='line_1_35' title="bbox 200 2623 1819 2687; baseline -0.002 -16"><span class='ocrx_word' id='word_1_261' title='bbox 200 2627 482 2673; x_wconf 83' lang='lat' dir='ltr'>P.Lentulus</span> <span class='ocrx_word' id='word_1_262' title='bbox 511 2627 850 2673; x_wconf 83' lang='lat' dir='ltr'>amantissimus</span> <span class='ocrx_word' id='word_1_263' title='bbox 877 2627 942 2671; x_wconf 87' lang='lat' dir='ltr'>rei</span> <span class='ocrx_word' id='word_1_264' title='bbox 962 2642 1006 2687; x_wconf 87' lang='lat' dir='ltr'>p.</span> <span class='ocrx_word' id='word_1_265' title='bbox 1035 2626 1148 2672; x_wconf 90' lang='lat' dir='ltr'>ciuis</span> <span class='ocrx_word' id='word_1_266' title='bbox 1174 2632 1282 2687; x_wconf 87' lang='lat' dir='ltr'>post</span> <span class='ocrx_word' id='word_1_267' title='bbox 1303 2625 1605 2672; x_wconf 83' lang='lat' dir='ltr'>Gracchanam</span> <span class='ocrx_word' id='word_1_268' title='bbox 1634 2623 1819 2669; x_wconf 87' lang='lat' dir='ltr'>seditio-</span> 
     </span>
    </p>
   </div>
   <div class='ocr_carea' id='block_1_4' title="bbox 199 2758 1819 2987">
    <p class='ocr_par' dir='ltr' id='par_1_5' title="bbox 199 2758 1819 2987">
     <span class='ocr_line' id='line_1_36' title="bbox 317 2758 1817 2816; baseline -0.003 -13"><span class='ocrx_word' id='word_1_269' title='bbox 317 2765 342 2803; x_wconf 87' lang='lat'>6</span> <span class='ocrx_word' id='word_1_270' title='bbox 381 2763 612 2805; x_wconf 67' lang='lat' dir='ltr'>uiolentia</span> <span class='ocrx_word' id='word_1_271' title='bbox 647 2786 705 2795; x_wconf 91' lang='grc'>--</span> <span class='ocrx_word' id='word_1_272' title='bbox 742 2763 1071 2805; x_wconf 85' lang='lat' dir='ltr'>uerecundiam</span> <span class='ocrx_word' id='word_1_273' title='bbox 1110 2759 1168 2803; x_wconf 88' lang='lat' dir='ltr'>B&#39;</span> <span class='ocrx_word' id='word_1_274' title='bbox 1245 2765 1269 2803; x_wconf 83' lang='lat'>7</span> <span class='ocrx_word' id='word_1_275' title='bbox 1310 2762 1365 2803; x_wconf 89' lang='lat' dir='ltr'>de</span> <span class='ocrx_word' id='word_1_276' title='bbox 1405 2776 1494 2816; x_wconf 88' lang='lat' dir='ltr'>qua</span> <span class='ocrx_word' id='word_1_277' title='bbox 1535 2758 1613 2812; x_wconf 81' lang='lat' dir='ltr'>(sc.</span> <span class='ocrx_word' id='word_1_278' title='bbox 1644 2758 1817 2812; x_wconf 84' lang='lat' dir='ltr'>patria)</span> 
     </span>
     <span class='ocr_line' id='line_1_37' title="bbox 200 2815 1819 2872; baseline -0.004 -12"><span class='ocrx_word' id='word_1_279' title='bbox 200 2820 365 2861; x_wconf 81' lang='lat' dir='ltr'>Aldus:</span> <span class='ocrx_word' id='word_1_280' title='bbox 403 2820 457 2860; x_wconf 91' lang='lat' dir='ltr'>de</span> <span class='ocrx_word' id='word_1_281' title='bbox 490 2834 579 2872; x_wconf 88' lang='lat' dir='ltr'>qua</span> <span class='ocrx_word' id='word_1_282' title='bbox 608 2835 656 2862; x_wconf 87' lang='lat' dir='ltr'>re</span> <span class='ocrx_word' id='word_1_283' title='bbox 686 2821 729 2862; x_wconf 90' lang='lat' dir='ltr'><em>B</em></span> <span class='ocrx_word' id='word_1_284' title='bbox 807 2823 834 2862; x_wconf 89' lang='grc'>8</span> <span class='ocrx_word' id='word_1_285' title='bbox 869 2822 1001 2860; x_wconf 84' lang='lat' dir='ltr'>facta</span> <span class='ocrx_word' id='word_1_286' title='bbox 1030 2821 1072 2860; x_wconf 89' lang='lat' dir='ltr'><em>B</em></span> <span class='ocrx_word' id='word_1_287' title='bbox 1110 2826 1208 2861; x_wconf 78' lang='lat' dir='ltr'>ante</span> <span class='ocrx_word' id='word_1_288' title='bbox 1243 2834 1334 2860; x_wconf 83' lang='lat' dir='ltr'>ras.</span> <span class='ocrx_word' id='word_1_289' title='bbox 1415 2822 1468 2860; x_wconf 89' lang='lat'>10</span> <span class='ocrx_word' id='word_1_290' title='bbox 1506 2817 1747 2857; x_wconf 86' lang='lat' dir='ltr'>anthiocus</span> <span class='ocrx_word' id='word_1_291' title='bbox 1774 2815 1819 2854; x_wconf 90' lang='lat' dir='ltr'><em>B</em></span> 
     </span>
     <span class='ocr_line' id='line_1_38' title="bbox 204 2873 1815 2931; baseline -0.002 -15"><span class='ocrx_word' id='word_1_292' title='bbox 204 2879 257 2917; x_wconf 84' lang='lat'>14</span> <span class='ocrx_word' id='word_1_293' title='bbox 290 2889 376 2918; x_wconf 86' lang='lat' dir='ltr'>auo</span> <span class='ocrx_word' id='word_1_294' title='bbox 405 2877 590 2929; x_wconf 81' lang='lat' dir='ltr'>Kempf:</span> <span class='ocrx_word' id='word_1_295' title='bbox 631 2882 711 2918; x_wconf 86' lang='lat' dir='ltr'>aut</span> <span class='ocrx_word' id='word_1_296' title='bbox 738 2877 781 2917; x_wconf 91' lang='lat' dir='ltr'><em>B</em></span> <span class='ocrx_word' id='word_1_297' title='bbox 841 2878 893 2917; x_wconf 81' lang='lat'>21</span> <span class='ocrx_word' id='word_1_298' title='bbox 926 2877 1087 2917; x_wconf 86' lang='lat' dir='ltr'>tiberii</span> <span class='ocrx_word' id='word_1_299' title='bbox 1114 2877 1156 2916; x_wconf 91' lang='lat' dir='ltr'><em>B</em></span> <span class='ocrx_word' id='word_1_300' title='bbox 1195 2874 1214 2931; x_wconf 84' lang='grc' dir='ltr'>ΙΙ</span> <span class='ocrx_word' id='word_1_301' title='bbox 1262 2877 1599 2929; x_wconf 84' lang='lat' dir='ltr'>apprehensam</span> <span class='ocrx_word' id='word_1_302' title='bbox 1631 2873 1815 2926; x_wconf 66' lang='lat' dir='ltr'>Pighius,</span> 
     </span>
     <span class='ocr_line' id='line_1_39' title="bbox 199 2926 1818 2987; baseline -0.003 -14"><span class='ocrx_word' id='word_1_303' title='bbox 199 2934 307 2984; x_wconf 81' lang='lat' dir='ltr'>fort.</span> <span class='ocrx_word' id='word_1_304' title='bbox 324 2946 601 2987; x_wconf 88' lang='lat' dir='ltr'>apprensam</span> <span class='ocrx_word' id='word_1_305' title='bbox 662 2936 715 2974; x_wconf 81' lang='lat'>22</span> <span class='ocrx_word' id='word_1_306' title='bbox 738 2933 1063 2986; x_wconf 86' lang='lat' dir='ltr'>strangilariB</span> <span class='ocrx_word' id='word_1_307' title='bbox 1103 2934 1157 2973; x_wconf 78' lang='lat'>26</span> <span class='ocrx_word' id='word_1_308' title='bbox 1178 2926 1396 2986; x_wconf 83' lang='lat' dir='ltr'>pergitB&#39;</span> <span class='ocrx_word' id='word_1_309' title='bbox 1436 2933 1490 2973; x_wconf 80' lang='lat'>29</span> <span class='ocrx_word' id='word_1_310' title='bbox 1513 2927 1818 2971; x_wconf 86' lang='lat' dir='ltr'>aduentinoB</span> 
     </span>
    </p>
   </div>
   <div class='ocr_carea' id='block_1_5' title="bbox 1279 0 1924 70">
    <p class='ocr_par' dir='ltr' id='par_1_6' title="bbox 1279 0 1924 70">
     <span class='ocr_line' id='line_1_40' title="bbox 1279 0 1924 70; baseline 0 3082"><span class='ocrx_word' id='word_1_311' title='bbox 1279 0 1924 70; x_wconf 95' lang='lat' dir='ltr'> </span> 
     </span>
    </p>
   </div>
  </div>
 </body>
</html>
