1924 3152
507 181 510 183 ’
543 185 844 237 CAP.1,Ext.
871 185 902 244 g
929 187 1070 231 4-6,
1110 184 1161 236 11,
1189 183 1219 243 g
1248 187 1285 230 1.
1615 179 1720 232 227

98 293 393 348 sideratius
431 294 773 366 speculatur,
810 294 1198 367 interemptum
1232 290 1476 361 legitimo
1523 291 1718 346 funere

96 363 295 420 extulit
338 366 646 437 punicoque
682 364 870 435 sagulo
907 374 963 418 et
997 382 1199 419 corona
1241 362 1502 416 donatum
1553 381 1722 416 aurea

94 454 229 507 rogo
255 437 533 508 imposuit.
599 454 729 505 ergo
763 436 1125 490 humanitatis
1173 433 1404 487 dulcedo
1451 434 1615 487 etiam
1661 434 1719 487 in

96 507 322 566 efferata
356 507 719 561 barbarorum
763 507 986 577 ingenia
1029 513 1278 577 penetrat
1319 513 1617 577 toruosque
1661 515 1716 559 et

94 587 278 632 truces
294 577 536 632 hostium
560 577 739 631 mollit
765 577 948 632 oculos
975 595 1040 629 ac
1064 577 1328 630 uictoriae
1353 575 1714 630 insolentissi-
1738 592 1759 626 5

93 667 212 702 mos
241 648 466 720 spiritus
501 648 691 702 flectit.
752 668 853 702 nec
888 647 970 700 illi
1003 649 1236 700 arduum
1271 666 1334 700 ac
1371 646 1597 700 difficile
1634 655 1718 700 est

93 720 235 772 inter
261 738 412 772 arma
437 721 739 788 contraria,
777 721 920 773 inter
955 719 1247 772 destrictos
1288 719 1569 770 conminus
1599 737 1714 770 mu-

93 807 283 843 crones
309 790 586 862 placidum
611 792 717 844 iter
742 792 996 862 reperire.
1035 790 1208 842 uincit
1231 790 1389 860 iram,
1417 790 1717 860 prosternit
1771 830 1774 831 ν

96 861 282 914 odium
340 860 706 933 hostilemque
756 862 1083 932 sanguinem
1127 860 1417 914 hostilibus
1469 860 1713 912 lacrimis

94 932 303 984 miscet.
368 951 509 1003 quae
546 934 712 986 etiam
737 932 1070 986 Hannibalis
1108 931 1494 984 admirabilem
1519 949 1712 984 uocem
1736 946 1778 979 10

92 1021 191 1073 pro
227 1002 515 1056 funeribus
550 1003 922 1057 Romanorum
960 1003 1164 1056 ducum
1203 1002 1434 1055 arbitria
1471 1009 1742 1055 statuens

92 1075 164 1126 tis
195 1075 486 1144 expressit.
587 1075 682 1126 uin
709 1073 993 1145 aliquanto
1029 1074 1078 1126 ei
1115 1072 1238 1144 plus
1266 1072 1479 1143 gloriae
1506 1071 1712 1125 Paulus

94 1153 148 1197 et
168 1144 452 1198 Gracchus
481 1153 534 1198 et
585 1144 847 1198 larcellus
874 1144 1077 1215 sepulti
1104 1162 1268 1215 quam
1294 1144 1545 1214 oppressi
1570 1151 1714 1197 attu-

90 1214 297 1283 lerunt,
335 1215 382 1268 si
407 1215 630 1297 quidem
654 1215 777 1269 illos
804 1215 1011 1268 Punico
1041 1222 1166 1267 astu
1193 1214 1435 1285 decepit,
1464 1214 1714 1268 Romana

89 1286 508 1339 mansuetudine
533 1286 844 1340 honorauit.
907 1305 1004 1340 uos
1034 1303 1266 1356 quoque,
1295 1287 1466 1339 fortes
1494 1304 1560 1339 ac
1586 1285 1711 1356 piae
1734 1299 1778 1333 15

89 1357 348 1425 umbrae,
397 1376 509 1411 non
551 1357 914 1428 paenitendas
966 1357 1192 1410 sortitae
1245 1356 1376 1409 estis
1430 1356 1712 1427 exequias.

90 1446 217 1480 nam
240 1437 302 1481 ut
329 1427 626 1499 optabilius
655 1429 713 1480 in
740 1430 939 1498 patria,
969 1427 1048 1481 ita
1074 1427 1375 1498 speciosius
1403 1445 1501 1497 pro
1529 1427 1710 1497 patria

91 1497 382 1570 conlapsae
409 1499 652 1570 supremi
680 1499 850 1552 officii
887 1498 1055 1551 decus
1092 1497 1420 1551 infelicitate
1447 1497 1711 1550 amissum

17 1589 32 1605 -·
89 1570 294 1623 uirtute
320 1571 704 1641 recuperastis.

620 1682 714 1735 II.
765 1686 865 1734 DE
900 1640 1170 1735 eRATIS.
1739 1712 1781 1744 20

198 1765 403 1819 Gratas
423 1785 554 1820 uero
586 1766 790 1837 [animi]
815 1767 1243 1837 significationes
1258 1774 1312 1818 et
1322 1766 1542 1834 ingrata
1562 1767 1714 1818 facta

89 1837 252 1890 libuit
279 1837 449 1889 oculis
477 1837 744 1903 subicere,
771 1845 834 1890 ut
857 1838 994 1890 uitio
1022 1856 1085 1889 ac
1112 1837 1307 1888 uirtuti
1332 1836 1479 1888 iusta
1505 1854 1711 1888 merces

90 1908 489 1961 aestimationis
507 1908 631 1978 ipsa
657 1908 1067 1978 comparatione
1097 1906 1400 1958 accederet.
1458 1905 1555 1958 sed
1583 1924 1711 1975 quo-

88 1979 238 2032 niam
273 1979 547 2032 contrario
582 1979 866 2049 proposito
915 1996 1034 2030 sese
1073 1976 1476 2042 distinxerunt,
1521 1984 1710 2029 nostro

90 2067 304 2121 quoque
330 2049 454 2102 stilo
481 2058 822 2120 separentur,
849 2049 1196 2119 prioremque
1223 2047 1400 2100 locum
1426 2047 1712 2099 obtineant
1733 2063 1776 2096 25

90 2138 229 2192 quae
265 2119 487 2173 laudem
522 2138 686 2191 quam
723 2138 862 2190 quae
896 2118 1375 2190 reprehensionem
1410 2125 1708 2170 merentur.
1803 2119 1805 2121 ’

199 2193 246 2243 1.
285 2193 469 2262 Atque
495 2199 559 2243 ut
585 2210 617 2242 a
641 2190 879 2261 publicis
908 2191 1045 2244 actis
1074 2188 1279 2255 ordiar,
1320 2187 1591 2240 Marcium
1616 2206 1708 2258 pa-

89 2262 228 2315 triae
292 2284 323 2313 ÷÷
361 2283 392 2311 ÷÷
421 2271 710 2315 conantem
746 2261 1076 2332 admotoque
1102 2260 1277 2331 portis
1312 2258 1465 2312 urbis
1501 2258 1711 2328 ingenti

88 2364 144 2410 Μ.
170 2365 432 2412 Marcellum
473 2367 518 2412 in
545 2381 656 2426 agro
682 2367 860 2413 Bruttio
889 2368 1088 2413 occisum
1115 2364 1322 2425 legitimo
1350 2364 1510 2409 sunere
1537 2363 1710 2415 extulit,
1735 2371 1825 2405 Par.

88 2435 258 2481 Punico
287 2437 446 2496 sagulo
475 2443 520 2482 et
546 2451 716 2484 corona
741 2452 878 2483 aurea
904 2438 1135 2483 donatum.
1735 2443 1777 2476 30
1814 2430 1822 2437 ⁰

205 2546 227 2584 1
259 2545 423 2585 funere
453 2546 627 2597 Pighius
656 2553 698 2587 et
726 2548 787 2586 P:
818 2548 918 2586 iure
948 2547 991 2586 B
1051 2548 1075 2586 2
1104 2546 1268 2585 laurea
1298 2545 1359 2590 B,
1393 2557 1469 2583 em.
1501 2557 1523 2583 e
1552 2544 1610 2591 P,
1650 2545 1709 2595 cf.

88 2601 201 2642 Plzct.
233 2602 377 2642 Marc.
411 2603 468 2642 30
538 2604 566 2642 4
596 2603 752 2644 ferata
781 2596 837 2642 B'
865 2600 884 2657 Η
913 2603 1138 2655 orbosque
1170 2601 1224 2649 B,
1258 2614 1331 2641 em.
1354 2600 1532 2651 Piyhius
1562 2613 1584 2640 e
1613 2601 1708 2641 cod.

91 2657 244 2700 Caueh.
303 2659 327 2698 7
350 2657 588 2699 districtos
610 2659 652 2710 B
710 2659 736 2699 8
767 2660 949 2711 aperire
972 2659 1160 2710 Stanyer
1222 2660 1273 2698 10
1306 2658 1332 2710 ἴ]
1357 2656 1402 2707 (z‘.
1427 2670 1462 2696 e.
1490 2655 1627 2709 quae)
1661 2656 1708 2697 b.-

90 2718 183 2767 atq.
206 2715 249 2754 B
278 2721 331 2755 ut·
351 2715 522 2754 uidetur
591 2717 642 2754 11
675 2714 782 2755 duci
802 2711 859 2754 B'
918 2717 970 2754 12
995 2715 1105 2766 quin
1126 2714 1310 2766 Kempf:
1344 2714 1455 2765 quia
1476 2713 1531 2761 B,
1565 2725 1710 2764 quare

86 2771 211 2822 Piylz.
274 2774 327 2811 14
348 2774 453 2811 astu
474 2771 516 2810 B
538 2785 652 2812 corr.
677 2785 699 2812 e
721 2775 849 2812 statu
909 2773 960 2812 17
989 2772 1173 2823 patriae
1196 2783 1252 2812 ac
1275 2770 1524 2823 conlapsae
1546 2769 1602 2817 B,
1633 2771 1714 2810 sed

88 2829 168 2868 litt.
194 2840 217 2868 e
235 2841 292 2868 ac
314 2830 339 2867 1
356 2841 408 2868 m.
428 2829 510 2870 del.
592 2829 644 2868 19
664 2829 955 2882 recuperatis
971 2822 1029 2867 B'
1087 2830 1140 2869 21
1165 2828 1309 2869 animi
1330 2841 1406 2869 om.
1429 2826 1472 2866 B
1531 2827 1585 2866 22
1604 2826 1709 2866 sub-

92 2883 277 2925 obicere
309 2878 366 2924 B'
440 2886 494 2925 26
518 2883 609 2937 qua
627 2884 811 2924 laudem
834 2884 926 2938 qua
946 2883 1039 2937 qua
1057 2877 1113 2925 B'
1183 2887 1237 2926 27
1258 2882 1415 2937 patria
1435 2895 1705 2937 oppugnare

91 2944 335 2982 conantem
356 2941 393 2992 b,
427 2943 706 2994 supplendum
726 2943 896 2983 uidetur
926 2955 1055 2982 arma
1077 2942 1271 2992 inferre3
1304 2941 1512 2982 Foertselz
1535 2941 1642 2981 coni.
1667 2939 1720 2988 1,·

0 3043 5 3060 ι
91 2998 173 3036 20.·
194 2998 350 3049 patria
375 3003 609 3039 carentem

1342 3068 1453 3120 15³<
