1924 3152
149 138 251 191 170
841 142 941 187 LIB.
981 142 1068 187 1111.

147 269 312 303 sensu
354 250 591 301 reditum
627 247 705 300 illi
747 249 804 300 in
837 249 1031 302 urbem
1067 249 1280 317 datum,
1328 269 1438 304 non
1480 270 1509 304 e
1553 252 1764 308 theatro

146 322 294 391 prius
323 319 461 372 abiit
482 337 644 389 quam
670 318 1039 389 spectaculum
1066 319 1338 388 ederetur,
1365 339 1475 373 non
1499 320 1765 376 laetitiam

146 409 300 443 suam
325 390 574 460 proxime
601 389 917 443 sedentibus
943 389 1056 445 ulla
1082 409 1152 449 ex
1176 398 1332 460 parte
1357 391 1640 462 patefecit,
1667 393 1766 446 sed

147 479 418 512 summum
460 459 723 528 gaudium
758 461 904 512 intra
941 479 998 512 se
1033 461 1317 514 continuit.
1370 460 1603 514 eundem
1639 481 1764 517 con-

99 552 119 585 5
146 538 254 583 stat
286 531 406 600 pari
431 529 589 582 uultu
625 538 679 582 et
714 529 930 583 exulem
955 530 1126 583 fuisse
1163 540 1216 584 et
1242 531 1576 585 restitutum.
1627 534 1762 587 adeo

145 601 538 654 moderationis
566 601 830 654 beneficio
853 601 1064 653 medius
1094 620 1305 672 semper
1329 602 1472 654 inter
1495 602 1761 656 secundas

145 680 198 724 et
226 671 485 724 aduersas
512 690 598 723 res
627 671 794 722 animi
819 671 1077 723 firmitate
1104 681 1355 724 uersatus
1383 679 1483 724 est.

255 742 336 793 14.
377 742 483 794 Tot
507 741 730 793 familiis
767 742 823 792 in
849 759 956 793 uno
982 760 1179 810 genere
1204 741 1382 793 laudis
1411 744 1760 811 enumeratiS,

144 813 467 866 Porciumne
492 830 693 865 nomen
718 810 868 865 uelut
896 830 1090 882 expers
1118 812 1345 864 huiusce
1370 810 1577 880 gloriae
1603 814 1763 865 silen-

82 905 123 937 10
146 883 220 934 tio
266 883 812 953 praetereundumst‘?
874 889 1039 951 negat
1085 882 1204 934 fieri
1252 882 1451 935 debere
1492 883 1763 953 posterior
1791 947 1796 950 Ι

145 952 305 1019 Cato,
339 972 451 1006 non
475 971 648 1023 paruo
678 971 921 1005 summae
948 951 1337 1006 moderationis
1371 951 1505 1005 fisu‘s
1542 953 1762 1006 indicio,

145 1023 470 1093 Cypriacam
504 1023 790 1093 pecuniam
815 1024 1057 1075 maxima
1084 1041 1205 1074 cum
1234 1023 1523 1092 diligentia
1561 1032 1615 1076 et
1641 1042 1762 1076 san-

144 1095 334 1147 ctitate
366 1094 422 1148 in
458 1095 649 1147 urbem
686 1093 1085 1164 deportauerat.
1137 1095 1290 1146 cuius
1326 1094 1614 1146 ministerii
1640 1113 1760 1163 gra-

142 1166 220 1216 tia
244 1173 466 1217 senatus
489 1164 809 1218 relationem
827 1165 1101 1235 interponi
1121 1165 1364 1230 iubebat,
1391 1171 1453 1216 ut
1474 1165 1760 1234 praetoriis

80 1255 121 1288 15
145 1235 378 1287 comitiis
409 1244 565 1288 extra
592 1234 835 1286 ordinem
861 1236 1000 1287 ratio
1029 1237 1141 1287 eius
1170 1234 1478 1296 haberetur.
1522 1234 1619 1287 sed.
1643 1235 1760 1305 ipse

141 1306 198 1357 id
225 1305 343 1358 fieri
368 1325 563 1375 passus
589 1324 699 1358 non
726 1314 835 1370 est,
873 1306 1119 1376 iniquum
1146 1324 1265 1357 esse
1291 1304 1587 1357 adfirmans
1615 1304 1762 1376 quod

141 1376 277 1428 nulli
311 1375 406 1427 alii
432 1376 766 1428 tribueretur
794 1375 899 1428 sibi
928 1376 1172 1442 decerni,
1211 1393 1275 1426 ac
1299 1393 1367 1426 ne
1394 1375 1526 1445 quid
1559 1376 1614 1426 in
1640 1393 1759 1446 per-

142 1464 275 1498 sona
301 1464 398 1498 sua
416 1453 728 1511 nouaretur,
757 1454 1116 1515 campestrem
1142 1445 1380 1515 experiri
1397 1446 1760 1497 temeritatem

141 1535 304 1586 quam
333 1516 516 1568 curiae
541 1515 806 1568 beneficio
833 1516 915 1567 uti
941 1517 1111 1568 satius
1140 1534 1258 1568 esse
1286 1516 1466 1568 duxit.

77 1607 120 1640 20
252 1586 334 1639 15.
382 1587 473 1638 Ad
518 1595 746 1638 externa
790 1585 900 1637 iam
936 1586 1069 1637 mihi
1114 1584 1365 1656 exempla
1400 1586 1634 1638 transire
1672 1604 1757 1638 co-

138 1658 293 1708 nanti
316 1656 391 1707 M.
420 1655 679 1720 Bibulus,
714 1657 802 1707 uir
828 1656 1197 1726 amplissimae
1225 1655 1507 1724 dignitatis
1536 1665 1590 1708 et
1617 1674 1759 1707 sum-

138 1728 240 1778 mis
285 1725 587 1778 honoribus
632 1725 879 1791 functus,
932 1744 1124 1777 manus
1171 1726 1342 1778 inicit.
1417 1725 1510 1795 qui
1546 1745 1668 1778 cum
1702 1726 1757 1778 in

140 1795 176 1848 S
218 1798 301 1847 ria
349 1795 634 1866 prouincia
682 1803 1011 1862 moraretur,
1066 1795 1201 1848 duos
1255 1795 1506 1864 egregiae
1555 1795 1756 1848 indolis

140 1865 177 1917 fi
198 1866 280 1918 ios
328 1884 452 1918 suos
499 1884 531 1917 a
575 1865 901 1919 Gabinianis
946 1865 1212 1919 militibus
1256 1865 1500 1935 Aegypti
1550 1866 1756 1919 occisos

74 1956 117 1989 25
139 1937 412 2004 cognouit.
451 1953 681 2006 quorum
705 1935 1079 1989 interfectores
1103 1936 1175 1988 ad
1195 1954 1316 1988 eum
1335 1935 1547 1989 uinctos
1567 1935 1759 2004 regina

141 2005 433 2076 Cleopatra
458 2006 622 2072 misit,
651 2015 712 2058 ut
737 2007 1099 2074 grauissimae
1126 2005 1295 2057 cladis
1323 2004 1588 2058 ultionem
1614 2005 1756 2058 arbi-

138 2076 241 2130 trio
270 2095 368 2129 suo
397 2077 657 2145 exigeret.
697 2083 755 2127 at
777 2075 867 2127 ille
894 2075 1076 2130 oblato
1104 2075 1385 2141 beneficio,
1413 2093 1520 2144 quo
1547 2073 1757 2127 nullum

138 2146 312 2198 maius
358 2145 567 2216 lugenti
602 2145 771 2198 tribui
812 2153 1054 2215 poterat,
1109 2145 1350 2198 dolorem
1393 2144 1754 2198 moderationi

23 2257 116 2292 Par·
144 2265 241 2301 sae,
287 2251 333 2296 in
372 2251 536 2311 quibus
571 2250 895 2301 reuocabatur,
938 2264 1030 2296 non
1057 2252 1183 2310 prius
1219 2250 1400 2295 theatro
1439 2249 1570 2300 exiit,
1621 2263 1754 2310 quam

73 2329 115 2361 30
140 2321 448 2381 spectaculum
481 2328 791 2381 perageretur.
845 2321 1036 2366 eundem
1072 2326 1251 2366 constat
1276 2322 1375 2381 pari
1409 2319 1541 2366 uultu
1577 2326 1624 2365 et
1650 2316 1755 2365 exu-

137 2391 223 2436 lem
251 2392 393 2437 fuisse
421 2398 466 2437 et
492 2392 772 2437 restitutum.
826 2395 893 2437 14.
932 2391 1120 2437 Porcius
1148 2390 1255 2436 Cato
1285 2390 1342 2436 ob
1370 2390 1650 2452 adsignatam
1676 2403 1754 2450 pe-

137 2463 314 2507 cuniam
343 2461 624 2523 Cypriacam,
663 2477 764 2508 cum
801 2464 899 2514 eius
927 2468 1111 2508 senatus
1140 2468 1264 2507 extra
1301 2461 1506 2506 ordinem
1531 2462 1753 2506 rationem

135 2531 291 2577 haberi
317 2532 480 2584 uellet,
520 2546 612 2578 non
640 2539 708 2578 est
733 2547 914 2593 passus.
991 2535 1057 2578 15.
1093 2532 1148 2577 M.
1175 2531 1385 2582 Bibulus,
1423 2544 1527 2577 cum
1554 2532 1599 2576 in
1625 2529 1755 2590 Syria

135 2604 372 2662 prouincia
398 2609 677 2654 moraretur,
715 2602 820 2648 filiis
848 2602 1024 2649 duobus
1051 2604 1096 2648 in
1122 2603 1332 2662 Aegypto
1371 2600 1534 2647 occisis
1572 2615 1596 2646 a
1623 2599 1752 2646 Gabi-

197 2728 202 2731 ’
249 2713 274 2751 2
303 2715 605 2765 perageretur
624 2714 667 2753 P
721 2714 747 2754 9
767 2712 1041 2753 Porciumne
1063 2723 1228 2752 nomen
1247 2732 1306 2740 —
1324 2707 1754 2763 praetereundumst

135 2780 236 2808 nos:
275 2769 482 2820 porcium
509 2781 677 2809 nomen
697 2791 752 2798 -—-
773 2767 1159 2822 praetereundum
1188 2780 1236 2807 se
1258 2767 1301 2807 B
1334 2765 1598 2818 (silentione
1619 2776 1755 2816 prae-

134 2823 407 2864 tereundum
434 2825 628 2876 Piylzz‘us,
669 2825 1057 2877 praetereundum
1085 2837 1133 2865 se
1162 2825 1320 2876 negat.
1350 2822 1492 2874 negat
1521 2820 1551 2861 f.
1582 2819 1750 2861 debere

141 2878 288 2932 Torr.)
359 2882 412 2921 10
441 2880 543 2920 fieri
573 2878 740 2921 debere
771 2885 813 2921 in
834 2881 877 2921 B
905 2885 1147 2934 punctatum
1216 2880 1267 2919 12
1299 2878 1566 2930 cypriacam
1585 2875 1642 2924 B,
1675 2877 1755 2917 sed

136 2948 236 2976 cam
257 2938 301 2976 in
321 2949 411 2980 ras.
474 2938 526 2977 19
548 2936 664 2977 dixit
684 2930 740 2976 B'
801 2938 854 2976 21
874 2936 1059 2978 uibulus
1080 2929 1138 2976 B'
1196 2936 1252 2976 24
1271 2934 1320 2974 in
1339 2933 1549 2987 Aegypto
1571 2932 1613 2973 P
