1936 3120
123 0 129 13 .-
167 0 175 11 ἰ
202 0 236 11 s»
254 0 259 8 ¹
283 0 363 17 *2⁷²³
391 0 395 4 ·
413 0 418 7 ⁸
636 11 638 14 .
674 6 675 9 =
783 4 799 15 m.
836 2 838 4 ’
923 11 926 13 Α
957 11 959 15 .
1026 7 1035 14 ,κ
1110 13 1111 18 ,
1137 11 1139 15 .

398 38 420 58 ἱ,
483 47 494 61 λ,
527 38 582 59 ἉΛ.
622 49 626 53 ,
881 43 909 46 ,7
953 38 986 51 W
1059 43 1109 54 Ἢ,
1154 45 1158 48 ⁴

35 64 37 66 ,
522 66 523 69 .
1003 58 1012 70 ³
1270 61 1280 71 ⁸
1334 71 1335 81 l
1412 81 1416 90 ,
1443 63 1472 82 >eu
1516 73 1523 83 ι
1545 75 1559 91 fl

1411 91 1421 99 ,
1456 83 1460 95 ι
1522 88 1529 95 »

0 171 10 195 >1

246 142 353 196 498
770 147 1062 198 ΝΕΡΟΤΙΑΝι
1086 133 1326 196 Emona

89 352 246 383 ..Lm
680 323 873 378 v1111.
922 326 1017 379 De
1053 326 1415 382 miraculis.

0 410 21 532 ζ
48 460 50 462 -
136 441 178 490 8,
203 440 224 478 1
355 431 392 474 1.
431 429 571 474 Aulus
596 429 857 510 Postumius
884 430 1078 476 dictator
1114 439 1270 478 contra
1296 433 1539 480 Mamilium
1574 435 1732 482 ducem
1760 436 1848 484 Tu—

0 529 14 582 [³
249 499 538 545 sculanorum
565 513 664 545 cum
692 500 767 545 diu
792 508 1019 561 pugnaret
1055 501 1109 546 ad
1144 501 1289 548 laeum
1315 503 1561 565 Regillum,
1608 505 1767 554 Castor
1802 514 1847 554 et

247 569 406 616 Pollux
432 571 554 616 inter
579 570 802 616 Romanos
829 573 918 616 uisi
947 578 1053 616 sunt
1079 580 1349 632 pugnantes.

136 644 177 695 8,
204 645 224 682 1
353 645 392 686 2.
432 640 478 686 P.
519 641 731 686 Vatienus
769 642 822 686 ad
855 641 1009 687 urbem
1035 643 1217 688 Romam
1254 651 1387 690 nocte
1423 645 1592 692 uadens
1627 647 1743 692 uidit
1776 650 1843 693 iu·
1866 658 1892 691 5

249 725 389 757 uenes
416 711 527 757 albis
554 712 683 772 equis
710 711 945 763 sedentes,
984 714 1061 772 qui
1099 714 1329 760 iusserunt
1368 721 1419 759 ut
1444 715 1515 761 die
1541 717 1750 776 sequenti
1777 732 1845 764 se-

249 783 373 827 natui
400 783 632 827 nuntiaret
657 783 823 827 Persen
850 796 1004 842 regem
1025 783 1313 829 Macedonum
1337 785 1510 831 aPaulo
1532 800 1632 832 esse
1653 794 1844 848 captum.

249 853 463 898 Vatienus
492 852 673 912 quidem
699 852 844 898 libens
871 853 986 899 laeta
1014 861 1228 900 executus
1257 861 1340 906 est,
1382 856 1461 900 sed
1494 857 1622 902 iussu
1663 864 1845 904 senatus

249 924 415 968 missus
451 924 496 968 in
532 936 755 968 carcerem
794 931 863 969 est
900 931 1125 984 tamquam
1171 926 1446 971 incertorum
1487 926 1682 973 locutor.
1742 942 1846 974 mox

245 994 410 1039 litteris
436 993 561 1039 Pauli
588 993 642 1039 de
669 994 739 1039 die
767 995 1051 1054 uictoriaque
1078 1002 1200 1040 certa
1226 1011 1298 1041 res
1325 998 1486 1056 patuit.
1532 997 1744 1043 Vatienus
1771 1013 1843 1044 so·
1865 1011 1911 1043 ιο

244 1064 368 1110 lutus
406 1064 613 1110 custodia
647 1079 803 1124 agrum
840 1065 958 1110 dono
996 1067 1186 1126 accepit.
1239 1073 1283 1112 et
1311 1066 1496 1113 Vatieno
1534 1067 1649 1113 idem
1677 1069 1844 1129 gemini

246 1136 333 1180 uisi
360 1135 414 1180 ad
441 1134 588 1180 lacum
614 1135 826 1181 Iuturnae
854 1135 1065 1181 sudorem
1093 1151 1223 1181 suurn
1250 1151 1564 1198 equorumque
1590 1138 1842 1185 abluentes,

131 1207 174 1259 8,
197 1209 222 1248 2
352 1208 391 1251 3.
428 1205 566 1251 Roma
591 1205 802 1251 laborans
827 1206 1089 1266 pestilentia
1125 1221 1208 1266 per
1242 1209 1486 1253 triennium
1514 1208 1654 1255 libros
1681 1223 1844 1255 consu-

245 1276 331 1321 luit
358 1276 617 1336 sibyllinos,
659 1276 823 1336 quibus
858 1276 1097 1322 iubebatur
1117 1284 1181 1323 .ut
1217 1278 1270 1323 ab
1298 1278 1520 1338 Epidauro
1547 1281 1843 1339 Aesculapius

247 1346 550 1392 exhiberetur.
595 1348 721 1392 missi
747 1347 886 1406 legati
914 1354 1020 1392 sunt
1047 1348 1100 1392 ad
1127 1362 1334 1407 graecam
1362 1347 1533 1400 urbem,
1563 1363 1678 1409 quos
1700 1349 1841 1394 liben·
1864 1359 1911 1392 15

247 1425 316 1462 ter
339 1417 570 1478 Epidaurii
597 1423 732 1477 atque
759 1418 1015 1462 humaniter
1040 1424 1354 1477 susceperunt.
1405 1418 1569 1464 ibidem
1605 1433 1653 1464 se
1679 1420 1842 1480 legatis

246 1502 434 1548 serpens
474 1487 672 1532 ostendit
707 1502 809 1533 raro
847 1487 900 1532 ab
938 1487 1095 1533 incolis
1122 1489 1209 1533 nisi
1236 1488 1430 1533 feliciter
1454 1489 1598 1534 uisus.
1650 1503 1843 1549 cumque

247 1573 328 1618 per
367 1558 567 1603 triduum
608 1558 890 1603 familiariter
926 1560 1234 1618 apparuisset,
1274 1561 1447 1604 cunctis
1483 1559 1842 1619 inspectantibus

246 1628 387 1674 subiit
422 1630 467 1673 in
503 1629 731 1673 triremem
767 1642 997 1673 romanam
1034 1635 1078 1673 et
1115 1629 1158 1672 in
1199 1628 1487 1674 tabernaculo
1524 1629 1662 1690 legati
1688 1629 1840 1686 Quinti

247 1698 410 1759 Ogulni
452 1699 670 1744 collectus
708 1699 896 1758 quieuit.
949 1698 1059 1744 urbe
1085 1699 1279 1758 profecti
1305 1699 1486 1745 Romam
1514 1707 1641 1745 sunt:
1681 1701 1842 1761 anguis
1863 1710 1910 1743 20

246 1771 290 1814 in
318 1771 422 1814 naui
451 1783 630 1830 semper
655 1771 877 1829 apparuit.
927 1770 1110 1814 Antium
1133 1777 1319 1815 uentum
1347 1776 1439 1815 est:
1480 1770 1713 1816 descendit
1749 1784 1842 1816 ser-

243 1855 356 1900 pens
393 1840 447 1885 ad
481 1840 617 1885 limen
653 1840 810 1900 templi
837 1840 1092 1900 Aesculapii
1121 1847 1165 1885 et
1194 1840 1340 1885 triduo
1368 1841 1488 1885 inter
1513 1847 1685 1901 myrtos
1711 1841 1843 1887 latuit

244 1925 328 1956 nec
354 1911 407 1956 ad
434 1911 597 1956 solitos
626 1911 750 1956 cibos
776 1911 1016 1970 processit.
1068 1911 1230 1956 dehinc
1255 1911 1391 1956 rediit
1417 1911 1471 1955 ad
1497 1925 1680 1956 nauem:
1720 1925 1841 1956 cum-

247 1995 335 2041 que
361 1988 549 2027 ueutum
577 1988 698 2026 esset
724 1981 778 2026 ad
805 1981 1016 2031 Tiberim,
1046 1981 1246 2026 enatauit
1272 1983 1317 2026 in
1344 1981 1550 2031 insulam,
1588 1983 1632 2026 in
1660 1996 1746 2042 qua
1772 1981 1838 2026 illi

245 2052 461 2112 templum
490 2058 558 2097 est
586 2053 898 2097 constitutum.
951 2058 996 2096 et
1021 2066 1123 2096 mox
1150 2053 1317 2096 sanitas
1343 2051 1552 2097 Romanis
1580 2052 1695 2097 data.
1862 2059 1906 2092 25

132 2120 175 2169 8,
198 2122 223 2159 3
350 2126 390 2165 4.
430 2123 592 2167 Furius
620 2122 829 2167 Camillus
856 2123 989 2166 Veios
1030 2123 1149 2181 cepit
1185 2123 1410 2181 iussitque
1437 2128 1630 2166 statuam
1656 2119 1864 2166 Iunonis

243 2193 448 2238 Monetae
475 2192 723 2237 transferri.
762 2191 1839 2321 Qssfflhfflfflgauit

244 2261 1184 2347 stumr-uum—uolletiressomamn.
1403 2262 1410 2270 '
1462 2260 1476 2283 e
1633 2295 1643 2306 .

130 2342 170 2391 8,
195 2342 222 2379 4
349 2337 388 2378 5.
432 2333 540 2378 Tum
570 2348 669 2378 cum
695 2333 981 2378 Coriolanum
1008 2339 1151 2377 mater
1186 2332 1239 2377 ab
1267 2332 1389 2376 urbis
1416 2332 1578 2377 Romae
1605 2333 1841 2378 reuocauit

244 2403 441 2454 excidio,
479 2404 532 2449 ad
570 2411 778 2464 quartum
816 2403 1006 2464 lapidem
1045 2404 1118 2448 uia
1153 2403 1289 2447 latina
1317 2403 1542 2470 Fortunae
1569 2402 1744 2463 effigies
1769 2402 1838 2447 bis
1861 2412 1904 2443 30

241 2475 394 2520 locuta
423 2481 492 2519 est
519 2475 588 2519 his
615 2474 795 2520 uerbis:
845 2475 960 2519 ‘rite
989 2488 1084 2524 ine,
1130 2480 1376 2524 matronae,
1406 2473 1616 2523 dedistis,
1657 2473 1743 2518 rite
1770 2486 1839 2517 me

242 2544 526 2590 dicauistis'.

353 2670 378 2708 2
399 2668 663 2721 posthumus
686 2668 716 2708 C
776 2670 800 2709 5
821 2668 1042 2708 uacienus
1066 2668 1099 2707 C
1118 2673 1158 2707 et
1177 2668 1239 2707 ‚sic
1261 2668 1483 2718 deinceps;
1513 2666 1567 2717 cf.
1590 2667 1648 2706 ad
1663 2679 1708 2717 p.
1727 2667 1794 2714 45,
1811 2666 1840 2703 3

240 2725 266 2764 8
290 2724 475 2778 quidam
499 2725 532 2765 C
590 2726 644 2765 20
667 2722 855 2776 Ogulni]
877 2724 1072 2777 burg-oni
1096 2723 1129 2763 C
1153 2719 1174 2777 ss
1203 2722 1399 2762 collecto
1425 2719 1493 2775 01]
1513 2722 1624 2762 urbe
1647 2721 1703 2761 0:
1733 2719 1837 2759 inde

242 2781 383 2822 Christ
402 2777 420 2834 Η
441 2781 617 2821 romani
632 2781 665 2821 C
702 2782 755 2820 22
777 2781 913 2833 tripio
928 2780 961 2820 C
999 2783 1052 2820 23
1073 2779 1443 2832 nec—processit
1463 2791 1540 2819 om.
1560 2777 1655 2817 Mai
1674 2782 1839 2816 tacente

240 2838 310 2878 Du
330 2837 436 2877 Rieu
513 2839 567 2876 24
589 2838 635 2876 in
657 2850 733 2877 om.
759 2837 793 2876 C
867 2838 921 2877 26
957 2835 1176 2876 caraillus
1197 2835 1324 2875 uelos
1346 2834 1380 2874 C
1458 2837 1511 2875 27
1533 2845 1615 2886 per
1634 2831 1781 2872 locum
1805 2831 1840 2871 0

239 2895 293 2933 28
315 2891 435 2946 num]
467 2906 565 2933 cum
591 2894 624 2934 C
680 2895 733 2934 29
757 2892 1083 2933 cornuolanum
1106 2892 1139 2931 C
1196 2894 1245 2933 31
1269 2892 1355 2931 rite
1377 2889 1468 2943 me]
1490 2887 1576 2929 rite
1599 2889 1632 2928 C
1695 2889 1747 2929 32
1770 2887 1837 2926 di-

240 2954 403 2990 cai-unt
427 2950 460 2990 C
1501 2949 1504 2952 “
