1924 3152
1047 6 1050 10 .
1083 0 1216 10 -τ-ν-,οῆτ

207 167 309 220 140
903 171 1002 218 LIB.
1042 171 1112 218 111.

203 299 377 352 neque
411 280 707 333 immerito:
749 297 878 331 nam
902 297 1025 332 cum
1059 279 1556 335 eruditissimorum
1577 282 1821 337 uirorum

203 352 425 422 ingenia
457 352 516 402 in
543 349 914 420 disputatione
943 348 1110 403 ¹caeca
1141 359 1480 420 uagarentur
1510 370 1819 408 mensuras—

203 440 306 492 que
333 420 464 475 solis
502 438 566 474 ac
601 419 765 474 lunae
800 428 854 474 et
887 427 1190 475 ceterorum
1226 421 1464 474 siderum
1498 422 1820 495 loquacibus

202 492 377 562 magis
405 509 570 562 quam
598 491 762 544 certis
787 492 1125 561 argumentis
1162 491 1443 562 explicare
1469 500 1814 562 conarentur,

158 587 178 619 5
201 563 368 617 totius
396 562 563 615 etiam
586 561 779 614 mundi
802 561 1052 616 habitum
1079 562 1347 634 conplecti
1382 563 1674 633 auderent,
1710 565 1820 635 pri-

201 651 319 686 mus
371 632 443 686 ab
486 631 572 684 his
621 631 856 686 indoctis
908 633 1186 687 erroribus
1230 633 1528 687 abductum
1576 636 1820 688 animum

201 703 361 756 suum
384 703 579 756 intima
599 702 934 757 condicionis
954 702 1224 757 humanae
1245 712 1299 757 et
1323 704 1381 756 in
1401 720 1618 758 secessu
1636 711 1821 777 pecto-

200 775 272 826 ris
297 774 566 845 repositos
593 773 844 827 adfectus
872 774 1106 827 scrutari
1132 774 1335 843 coegit,
1365 773 1411 826 si
1434 774 1611 829 uirtus
1636 794 1734 847 per
1760 793 1820 828 se

201 845 323 916 ipsa
348 843 695 911 aestimetur,
734 843 884 897 uitae
907 845 1174 914 magister
1200 844 1459 915 optimus.

137 937 178 971 10
306 914 358 966 2.
409 915 586 981 Quam
637 921 867 967 matrem
910 914 1206 985 Euripides
1259 921 1355 967 aut
1399 933 1559 987 quem
1607 921 1820 988 patrem

199 984 600 1039 Demosthenes
619 984 894 1050 habuerit,
919 985 1164 1055 ipsorum
1185 1002 1291 1055 quo
1330 1003 1399 1038 ue
1426 985 1640 1040 saeculo
1666 986 1820 1057 igno-

199 1063 317 1108 tum
340 1055 466 1108 fuit.
517 1054 740 1108 alterius
769 1061 954 1108 autem
978 1062 1211 1108 matrem
1234 1002 1449 1124 hociera,
1477 1056 1698 1111 alterius
1725 1073 1819 1128 pa—

201 1133 339 1179 trem
374 1125 621 1179 cultellos
658 1125 1005 1192 uenditasse,
1052 1125 1292 1178 omnium
1365 1145 1500 1179 aene
1532 1127 1820 1182 doctorum

200 1194 418 1251 litterae
463 1194 732 1249 locuntur.
819 1195 918 1248 sed
964 1195 1097 1267 quid
1133 1203 1228 1249 aut
1272 1194 1310 1247 il
1333 1214 1418 1248 ius
1465 1198 1677 1267 tragica
1720 1205 1816 1251 aut

135 1286 177 1320 15
201 1265 363 1319 huius
391 1267 633 1321 oratoria
656 1266 714 1317 ui
740 1264 980 1319 clarius?

234 1407 303 1460 V.
367 1409 494 1468 QVI
527 1411 571 1457 A
608 1408 1350 1530 PARENIJJEBjBVssNgLARIS
1387 1404 1784 1461 DEGENERA-

307 1573 567 1645 Sequitur
612 1573 844 1645 duplicis
885 1575 1144 1645 promissi
1226 1594 1314 1628 ars
1359 1575 1637 1647 adopertis
1679 1576 1816 1634 inlu-

203 1644 399 1697 strium
432 1644 675 1697 uirorum
712 1645 1047 1714 imaginibus
1071 1646 1171 1699 red
1213 1645 1381 1714 enda,
1454 1647 1677 1701 uoniam
1702 1647 1817 1718 qui—

138 1731 180 1764 20
204 1713 327 1767 dem
354 1722 482 1767 sunt
505 1714 782 1768 referendi
807 1716 901 1785 qui
935 1716 1004 1768 ab
1043 1734 1228 1769 earum
1264 1716 1419 1786 splen
1460 1735 1550 1771 ore
1587 1717 1655 1770 de
1695 1735 1818 1771 ene-

198 1793 489 1851 rauerunt,
517 1785 846 1838 taeterrimis
880 1785 1137 1854 ignauiae
1163 1805 1227 1839 ac
1260 1787 1537 1857 nequitiae
1563 1805 1654 1841 sor
1694 1788 1818 1842 ibus

197 1854 395 1909 inbuta
419 1854 628 1908 nobilia
651 1862 924 1937 portenta.

309 1926 355 1977 1.
408 1924 559 1991 Quid
592 1943 738 1977 emm
771 1934 1017 1979 monstro
1054 1925 1288 1979 similius
1359 1944 1487 1979 uam
1523 1926 1817 1999 superioris

200 1994 453 2047 Africani
487 1994 631 2048 filius
659 1995 874 2065 Scipio,
915 1997 1009 2066 qui
1042 1996 1100 2048 in
1126 2003 1281 2049 tanta
1355 1997 1618 2050 omestica
1640 1996 1819 2066 gloria

134 2081 176 2114 25
200 2074 350 2119 ortus
388 2075 422 2117 a
456 2065 685 2135 paruulo
730 2064 1027 2119 admodum
1067 2067 1213 2135 regis
1250 2066 1508 2120 Antiochi
1541 2066 1818 2138 praesidio

200 2134 325 2206 capi
361 2134 650 2202 sustinuit,
687 2153 808 2187 cum
844 2136 894 2187 ei
927 2135 1241 2188 uoluntaria
1273 2145 1446 2189 morte
1482 2136 1699 2190 absumi
1734 2154 1818 2189 sa-

84 2278 176 2315 Par.
204 2274 318 2312 trem
356 2265 712 2327 Sophroniscum
758 2267 1119 2313 marmorarium.
1206 2267 1432 2329 Euripidis
1472 2274 1622 2315 mater
1659 2268 1816 2315 holera

199 2335 439 2382 uendebat.
491 2335 807 2382 Demosthenis
833 2344 963 2396 pater
989 2335 1202 2383 cultellos
1228 2337 1506 2384 uenditahat.

306 2410 345 2451 1.
397 2405 524 2462 QVI
553 2405 701 2453 SIBI
729 2405 1092 2454 LICENTIVS
1127 2406 1322 2463 QVAM
1351 2407 1488 2455 MOS
1522 2406 1820 2455 PATRIVS

133 2491 175 2524 30
197 2472 641 2524 PERMISERAT
671 2476 1172 2525 INDVLSERVNT.
1258 2477 1410 2540 Scipio
1445 2478 1567 2525 filius
1601 2479 1816 2530 Africani,

199 2547 239 2593 is
277 2548 354 2609 qui
390 2547 446 2594 ab
471 2548 699 2594 Antiocho
738 2554 899 2609 captus
937 2555 1029 2600 est,
1068 2563 1168 2596 cum
1205 2556 1328 2595 esset
1363 2556 1604 2610 praeturae
1628 2549 1816 2611 petitor,

313 2685 339 2725 6
370 2684 519 2726 doctis
546 2685 724 2738 Lipsius
783 2687 808 2727 7
838 2685 886 2726 in
913 2685 1077 2726 intima
1106 2686 1162 2734 B,
1202 2699 1278 2727 em.
1306 2686 1483 2740 Pighius
1508 2682 1530 2740 ss
1556 2682 1744 2726 secessii
1772 2682 1818 2724 B

199 2741 225 2781 9
254 2739 362 2792 ipsa
390 2740 455 2780 B:
486 2741 635 2794 ipsam
665 2743 762 2783 edd.
840 2744 892 2782 12
923 2741 1115 2783 alterius
1145 2745 1298 2784 autem
1325 2745 1505 2795 patrem
1536 2740 1582 2794 (p
1602 2742 1646 2781 in
1666 2739 1815 2804 litura)

201 2795 415 2837 cultellos
453 2809 530 2838 om.
562 2799 710 2838 mediis
737 2798 800 2846 B,
842 2799 943 2839 add.
974 2812 1025 2839 m.
1056 2799 1083 2839 2
1124 2797 1249 2851 (post
1276 2796 1494 2848 alterius)
1535 2796 1654 2838 enim
1681 2799 1815 2849 patre

190 2851 360 2893 'holera
390 2851 607 2902 alterius3
647 2867 791 2895 ueram
811 2856 1029 2896 lectionem
1049 2856 1131 2895 iam
1152 2855 1249 2895 edd.
1271 2859 1374 2896 uett.
1394 2853 1551 2894 habent
1609 2853 1661 2893 19
1681 2853 1815 2893 uiuo-

197 2921 297 2949 rum
317 2907 360 2948 B
419 2910 474 2949 20
496 2909 575 2960 qui
598 2908 631 2961 (i
652 2911 694 2949 in
716 2908 797 2962 lit.)
819 2910 875 2959 B,
908 2923 1028 2962 quae
1051 2912 1154 2952 dett.
1215 2911 1269 2952 26
1292 2909 1469 2950 adsumi
1488 2903 1548 2950 B'

312 2966 367 3006 30
388 2966 505 3006 immo
526 2963 802 3006 indulserint
