1924 3152
593 150 710 198 CAP.
738 150 815 203 111,
845 150 874 210 g
904 153 940 196 1.
969 153 1011 195 2.
1049 149 1145 196 Ext.
1173 149 1202 209 g
1231 152 1270 196 1.
1643 142 1747 198 133

119 273 262 332 tuos,
289 261 467 329 Muci,
496 269 550 314 et
576 261 654 314 eis
679 259 825 313 refer
850 266 923 327 te,
950 277 1074 312 cum
1099 259 1272 312 uitam
1297 275 1476 311 meam
1501 256 1745 330 petieriS‚

122 332 267 390 ame
293 330 745 387 uita'd'onatum'.
797 331 953 383 cuius
981 330 1327 384 clementiam
1350 347 1462 384 non
1487 327 1746 382 adulatus

121 407 365 474 MuciUS,
399 404 615 458 tristior
638 401 955 455 Porsennae
991 400 1169 456 salute
1196 419 1362 473 quam
1397 418 1499 454 sua
1531 399 1754 468 laetior„

121 478 249 531 urbi
283 494 342 530 se
377 493 502 530 cum
547 482 800 528 aeternae
834 471 1046 543 gloriae
1090 472 1413 543 cognomine
1449 469 1750 526 Scaeuolae
1801 535 1804 539 ‚

123 547 383 602 reddidit.
1771 555 1793 587 5

227 618 280 671 2.
318 616 547 689 Pompei
571 615 736 669 etiam
754 613 1060 686 probabilis
1085 614 1282 681 uirtUS,
1308 614 1422 685 qui,
1452 612 1582 667 dum
1602 608 1749 682 lega-

122 690 288 745 tionis
309 688 493 743 officio
511 686 779 757 fungitur,
808 705 841 739 a
859 703 991 759 rege
1008 685 1212 740 Gentio
1239 685 1579 766 interceptus
1584 723 1598 751 ,
1626 700 1751 736 cum

125 768 348 815 senatus
374 757 603 813 consilia
634 757 869 831 prodere
902 757 1211 824 iuberetur,
1249 755 1468 810 ardenti
1493 754 1752 809 lucernae

124 832 411 887 admotum·
455 829 690 900 digitum
735 828 1090 883 cremandum
1141 827 1399 900 praebuit
1442 844 1613 909 eaque
1655 838 1750 897 pa·

123 903 318 957 tientia
351 902 469 972 regi
504 899 666 953 simul
711 909 767 954 et
802 899 1242 971 desperationem
1276 903 1563 953 tormentls
1600 896 1750 969 quic»
1775 909 1817 942 10

162 992 292 1027 uam
315 991 386 1026 ex
407 990 466 1025 se
487 970 852 1042 cognoscendi
872 971 1101 1025 incussit
1123 978 1176 1024 et
1199 968 1542 1042 expetendae
1559 965 1762 1039 populi

179 1044 362 1099 omani
396 1042 669 1096 amicitiae
702 1059 960 1112 magnam
995 1041 1356 1113 cupiditatem
1388 1036 1755 1111 ingenerauit.

128 1135 191 1169 ac
214 1134 284 1167 ne
308 1114 469 1185 plura
492 1113 722 1166 huiusce
746 1114 965 1183 generis
1004 1111 1258 1184 exempla
1282 1111 1432 1165 domi
1458 1107 1754 1164 scrutando

128 1185 346 1257 saepius
373 1183 447 1238 ad
470 1183 718 1238 ciuilium
736 1182 1005 1238 bellorum
1026 1183 1407 1237 detestandam
1431 1181 1756 1234 memoriam

126 1254 388 1329 progredi
414 1271 596 1325 cogar,
626 1253 840 1309 duobus
864 1254 1126 1309 Romanis
1155 1252 1423 1324 exemplis
1444 1257 1753 1320 contentus,
1778 1263 1820 1296 15

128 1345 269 1399 quae
299 1333 366 1380 ut
389 1324 816 1378 clarissimarum
842 1324 1178 1378 familiarum
1204 1322 1757 1390 commendationem,

128 1399 208 1451 ita
239 1395 469 1450 nullum‘
497 1394 779 1468 publicum
815 1413 1123 1450 maerorem
1167 1395 1477 1461 continent,
1527 1402 1759 1448 externa

129 1469 468 1523 subnectam.

90 1547 100 1552 ”
235 1543 358 1594 Ext.
390 1541 439 1592 1.
475 1537 714 1591 Vetusto
732 1537 1092 1592 Macedoniae
1116 1554 1269 1592 more
1294 1537 1414 1606 regi
1434 1534 1755 1590 Alexandro

128 1608 459 1664 nobilissimi
521 1609 641 1662 ueri
665 1617 887 1680 praesto
914 1618 1072 1663 erant
1098 1607 1448 1662 sacrificanti.
1500 1625 1529 1660 e
1557 1605 1756 1677 quibus
1781 1620 1824 1652 20

129 1697 272 1733 unus
309 1679 496 1734 turibu
519 1697 550 1732 o
587 1687 812 1751 accepto
849 1687 975 1734 ante
1008 1680 1189 1751 ipsum
1224 1678 1470 1746 adstitit,
1514 1677 1571 1728 in
1598 1675 1752 1729 cuius

129 1749 418 1804 brachium
455 1749 623 1803 carbo
667 1749 864 1802 ardens
902 1749 1161 1821 delapsus
1199 1756 1301 1802 est.
1380 1766 1486 1819 quo
1530 1747 1635 1799 etsi
1678 1745 1759 1798 ita

131 1820 427 1887 urebatur,
477 1827 540 1873 ut
581 1819 765 1872 adusti
803 1820 1047 1892 corporis
1088 1820 1205 1873 eius
1245 1818 1381 1873 odor
1422 1817 1495 1870 ad
1531 1817 1757 1868 circum⁶

134 1891 398 1946 stantium
423 1907 583 1943 nares
607 1890 949 1961 perueniret,
977 1898 1161 1944 tamen
1188 1898 1242 1943 et
1269 1888 1514 1943 dolorem
1539 1885 1758 1940 silentio

133 1961 336 2034 pressit
372 1967 427 2014 et
457 1960 745 2014 brachium
778 1959 1042 2016 inmobile
1068 1961 1273 2028 tenuit,
1325 1977 1394 2013 ne
1429 1957 1756 2012 sacrificium
1781 1970 1822 2004 25

133 2030 438 2086 Alexandri
470 2039 566 2085 aut
591 2034 857 2086 concusso
884 2031 1126 2087 turibulo
1162 2030 1459 2103 impediret
1485 2037 1581 2084 aut
1607 2027 1755 2082 edito

134 2141 176 2182 2.
225 2135 471 2197 Pompeius
506 2136 612 2183 dum
638 2136 884 2197 legationis
922 2136 1074 2185 officio
1111 2137 1346 2198 fungitur,
1389 2150 1414 2182 a
1450 2147 1559 2195 rege
1594 2133 1755 2180 Gentio
1779 2147 1871 2182 Par.

138 2210 449 2268 interceptu8‚
484 2221 586 2254 cum
612 2207 804 2255 consilia
829 2208 1025 2269 prodere
1052 2208 1312 2259 iuberetur,
1340 2206 1518 2253 ardenti
1544 2205 1758 2251 lucernae

138 2277 373 2324 admotum·
402 2276 596 2339 digitum
632 2278 923 2326 cremandum
958 2279 1193 2340 praebuit,
1233 2286 1279 2326 et
1318 2291 1368 2324 ea
1402 2276 1621 2338 patientia
1657 2273 1758 2334 regi

138 2347 500 2408 desperationem
527 2349 769 2411 quicquam
797 2363 849 2395 ex
876 2363 923 2395 se
950 2349 1257 2410 cognoscendi
1283 2349 1453 2395 iniecit.
1779 2362 1823 2396 30

163 2455 166 2458 ⁴
245 2420 286 2464 1.
325 2417 578 2465 Alexandro
604 2422 702 2479 regi
737 2419 1009 2466 nobilissimi
1045 2421 1179 2481 pueri
1205 2426 1393 2481 praesto
1430 2424 1559 2464 erant
1585 2414 1758 2462 sacrifi·

140 2487 284 2534 canti:
324 2500 376 2533 ex
402 2487 569 2547 quihus
604 2503 723 2535 unus
750 2488 951 2536 turibulo
991 2498 1179 2552 accepto
1216 2498 1320 2536 ante
1353 2491 1505 2550 ipsum
1533 2486 1758 2535 constitit,

141 2557 268 2603 etin
293 2555 528 2604 brachium
565 2560 663 2605 eius
692 2559 827 2606 carbo
862 2560 1024 2606 ardens
1050 2561 1261 2621 delapsus
1297 2566 1390 2605 est:
1431 2559 1510 2619 qui.
1532 2570 1591 2603 ne
1618 2556 1757 2603 sacri·

140 2626 293 2675 ficium
313 2626 556 2675 Alexandri
581 2629 821 2690 inpediret,
851 2629 1057 2677 dolorem
1083 2630 1266 2677 silentio
1285 2630 1468 2690 pressit.
1508 2625 1759 2674 Alexander

252 2739 281 2778 4
301 2749 351 2778 se
371 2735 426 2766 -'—
447 2737 625 2791 gloriae
646 2737 689 2778 B
709 2741 753 2779 in
774 2740 903 2779 litura
961 2741 987 2780 6
1010 2737 1191 2792 quidem
1213 2733 1269 2778 B'
1329 2740 1353 2779 7
1375 2747 1483 2792 rege
1506 2738 1573 2778 P.··
1598 2743 1676 2777 om.
1701 2735 1757 2783 B,

143 2794 244 2835 add.
276 2793 301 2834 b
325 2798 429 2846 post
456 2795 616 2847 gentio
686 2796 736 2835 11
768 2794 967 2835 incussit
993 2795 1044 2836 b:
1084 2795 1290 2836 excussit
1319 2794 1375 2843 B,
1406 2794 1572 2835 iniecit
1599 2793 1641 2833 P
1706 2792 1759 2832 17

142 2859 395 2890 maerorem
417 2849 459 2890 B
478 2853 522 2891 in
543 2853 696 2892 litura.-
717 2851 983 2892 memoriam
1005 2853 1109 2892 dett.
1170 2853 1225 2893 20
1246 2862 1302 2892 ex
1322 2853 1364 2892 P
1418 2852 1471 2891 21
1495 2852 1680 2902 arrepto
1701 2847 1756 2895 B,

140 2918 263 3003 {mute
283 2906 327 2946 P
348 2902 551 3001 ssBz'istitit
571 2907 614 2955 b,
650 2907 860 2949 constitit
881 2908 923 2948 P
979 2909 1032 2949 22
1061 2907 1253 2950 brachio
1275 2907 1331 2957 B,
1364 2921 1437 2949 em.
1471 2920 1492 2948 e
1514 2907 1555 2947 P
1611 2906 1667 2945 24
1696 2904 1757 2945 sir

161 2973 218 3002 en
240 2974 335 3001 ium
