1924 3152
200 140 304 192 286
630 167 634 170 ·
907 145 1006 190 LlB.
1046 146 1112 191 Vl.

306 254 356 304 3.
397 253 550 303 Inter
574 251 671 302 has
700 260 755 303 et
775 250 1125 304 Theodorum
1148 251 1492 323 Cyrenaeum
1518 255 1678 326 quasti,
1699 259 1814 310 ani-

199 323 337 374 mosi
364 321 590 391 spiritus
618 320 928 390 coniugium
956 341 1076 374 esse
1101 324 1304 393 potuit,
1346 324 1551 378 uirtute
1576 344 1706 396 par,
1732 328 1811 380 fe-

197 392 405 444 licitate
442 390 725 443 dissimile.
800 393 846 442 is
886 393 1031 444 enim
1055 392 1384 463 Lysimacho
1421 395 1541 465 regi
1576 398 1810 450 mortem

198 462 304 514 sibi
340 462 615 513 minitanti
652 462 987 514 ‘enimuero'
1025 462 1203 533 inquit
1243 465 1560 534 ‘magnifica
1594 485 1680 519 res
1707 467 1811 520 tibi

157 554 176 585 5
198 532 444 600 contigit,
472 533 601 602 quia
628 531 962 584 cantharidis
988 534 1103 584 uim
1129 533 1420 587 adsecutus
1442 543 1537 588 es'.
1577 555 1808 607 cumque

195 602 297 654 hoo
324 602 471 655 dicto
499 620 760 654 accensus
789 604 936 654 cruci
964 621 1087 655 eum
1115 603 1301 673 suffigi
1326 605 1599 672 iussisset,
1631 608 1807 660 ‘terri-

194 672 339 726 bilis’
376 673 452 723 ait
489 672 639 725 ‘haec
666 674 738 724 sit
762 674 1081 742 purpuratis
1109 675 1243 740 tuiS,
1281 693 1404 727 mea
1428 675 1647 746 quidem
1673 676 1809 729 nihil

192 744 425 795 interest
449 742 671 795 humine
698 761 767 794 an
795 742 1030 795 sublime
1055 752 1375 813 putescam’.

627 883 734 935 III.
772 888 871 935 DE
903 887 1373 937 SEVERITATE.

127 1004 167 1036 10
298 984 492 1035 Armet
529 1000 586 1033 se
624 981 1049 1052 duritia.pectus
1078 1002 1302 1036 necesse
1329 992 1439 1050 est,
1481 983 1610 1036 dum
1635 983 1801 1037 horri-

191 1053 294 1105 dae
322 1071 385 1104 ac
411 1053 585 1105 tristis
615 1053 923 1105 seueritatis
951 1062 1076 1105 acta
1100 1061 1419 1121 narrantur,
1446 1062 1508 1106 ut
1533 1055 1682 1106 omni
1706 1055 1804 1106 mi-

188 1125 328 1176 tiore
357 1123 690 1192 cogitatione
719 1125 960 1193 seposita
985 1124 1147 1176 rebus
1176 1125 1365 1176 auditu
1392 1125 1601 1196 asperis
1627 1134 1801 1177 uacet.

187 1190 269 1246 ita
294 1195 439 1246 enim
466 1194 756 1245 destrictae
785 1201 837 1244 et
863 1194 1229 1246 inexorabiles
1265 1195 1542 1248 uindictae
1569 1203 1622 1247 et
1645 1196 1803 1247 uaria

187 1283 484 1335 poenarum
504 1282 706 1332 genera
722 1264 779 1314 in
798 1264 1038 1315 medium
1055 1273 1390 1333 procurrent,
1412 1264 1570 1318 utilia
1580 1265 1801 1335 quidem

124 1355 164 1386 15
188 1335 370 1404 legum
409 1334 773 1399 munimenta,
799 1333 912 1385 sed
946 1335 1167 1386 minime
1201 1335 1258 1386 in
1291 1334 1507 1405 placido
1535 1343 1589 1388 et
1614 1335 1798 1405 quieto

184 1407 511 1476 paginarum
537 1421 762 1455 numero
789 1404 1118 1473 reponenda.
1531 1469 1534 1471 Α

295 1477 341 1527 1.
380 1474 456 1527 Μ.
483 1472 749 1539 Manlius,
786 1473 931 1525 unde
960 1473 1151 1526 Gallos
1181 1475 1490 1544 depulerat,
1527 1474 1654 1528 inde
1679 1477 1797 1546 ipse

186 1546 579 1616 praecipitatus
608 1552 714 1610 est,
753 1546 881 1614 quia
915 1544 1132 1596 fortiter
1167 1545 1451 1597 defensam
1487 1546 1798 1598 libertatem

183 1615 394 1668 nefarie
420 1615 726 1686 opprimere
754 1622 978 1666 conatus
1005 1614 1203 1667 fuerat.
1257 1617 1411 1667 cuius
1437 1616 1614 1668 iustae
1638 1615 1797 1669 ultio-

121 1706 162 1738 20
184 1687 268 1738 nis
295 1686 550 1738 nimirum
576 1684 711 1736 haec
738 1686 1006 1754 praefatio
1033 1684 1162 1736 fuit:
1215 1684 1472 1738 ‘Manlius
1500 1704 1619 1738 eras
1646 1686 1795 1752 mihi,

182 1776 304 1809 cum
341 1756 667 1827 praecipites
706 1755 908 1824 agebas
946 1753 1214 1807 Senonas:
1266 1765 1390 1826 post
1429 1775 1556 1808 uam
1575 1757 1796 1809 imitari

181 1827 424 1898 coepisti,
452 1845 592 1878 unus
618 1826 797 1877 factus
826 1844 881 1877 es
910 1844 979 1877 ex
1006 1825 1353 1879 Senonibus'.
1441 1827 1565 1878 uius
1593 1827 1794 1948 suplpli-

180 1898 263 1951 cio
287 1906 541 1950 aeternae
567 1896 860 1948 memoriae
886 1904 1018 1949 nota
1037 1897 1244 1948 inserta
1262 1905 1362 1949 est.
1400 1897 1659 1967 propteri
1701 1915 1794 1949 um

181 1969 324 2020 enim
350 1967 470 2037 lege
498 1967 701 2018 sanciri
726 1965 934 2035 placuit
959 1985 1026 2017 ne
1053 1967 1174 2036 quis
1196 1967 1458 2036 patricius
1479 1967 1537 2017 in
1557 1985 1680 2020 arce
1699 1976 1793 2020 aut

115 2057 157 2089 25
181 2038 454 2107 Capitolio
490 2036 788 2099 habitaret,
840 2037 968 2106 quia
1006 2035 1226 2088 domum
1262 2054 1324 2088 eo
1362 2036 1467 2089 loci
1505 2036 1790 2103 habuerat,

178 2109 275 2161 ubi
303 2127 447 2160 nunc
475 2105 664 2159 aedem
690 2105 945 2159 Monetae
971 2105 1239 2157 uidemus.

62 2248 155 2282 Par.
182 2248 274 2286 tam
309 2253 488 2286 saeuam
528 2238 756 2283 audaciam
797 2245 1015 2296 tyrannus
1054 2237 1217 2296 punire
1244 2237 1441 2283 erubuit.
1516 2240 1555 2283 3.
1583 2238 1790 2284 Theodo—

178 2326 278 2357 rum
300 2311 577 2370 Cyrenaeum
604 2308 987 2367 rexLysimachus
1009 2321 1111 2353 cum
1140 2309 1259 2352 cruci
1287 2307 1366 2366 figi
1394 2308 1619 2359 iussisset,
1649 2306 1788 2354 ‘mea’

179 2383 326 2443 inquit
363 2380 503 2425 ‘nihil
541 2381 730 2424 interest
764 2379 946 2423 humine
984 2377 1039 2423 a'n
1067 2377 1259 2423 sublime
1284 2383 1532 2438 putescam.

113 2468 154 2499 30
283 2451 377 2496 DE
413 2449 858 2496 SEVERITATE.
922 2452 960 2493 1.
1002 2448 1055 2493 Μ.
1084 2447 1273 2493 Manlius
1313 2449 1433 2494 unde
1459 2448 1613 2495 Gallos
1649 2449 1789 2508 depu-

176 2524 313 2573 lerat,
355 2522 456 2567 inde
483 2522 581 2581 ipse
607 2521 933 2580 praecipitatus
962 2527 1055 2569 est,
1092 2533 1284 2578 regnum
1313 2519 1558 2565 adfectans.
1610 2518 1654 2564 C.
1682 2519 1787 2564 Cas-

291 2663 311 2699 1
358 2671 601 2710 cyreneum
628 2658 664 2697 B
752 2658 778 2697 8
819 2657 1003 2696 humine
1035 2655 1124 2696 Pb:
1154 2655 1280 2696 humi
1308 2656 1374 2702 B,
1403 2657 1460 2707 ef.
1486 2655 1570 2696 Cic.
1601 2655 1720 2694 Tusa.
1745 2657 1782 2701 1,

174 2719 200 2769 ξ
222 2719 304 2757 102
326 2713 345 2764 ΙΙ
365 2718 606 2768 putescam
627 2714 714 2754 Pb:
745 2716 1010 2765 putrescam
1029 2712 1073 2752 B
1133 2713 1184 2751 11
1205 2712 1407 2752 omniore
1436 2711 1480 2751 B
1501 2724 1614 2752 corr.
1638 2712 1680 2750 in
1701 2710 1783 2749 mi·

173 2775 305 2821 tiore,
329 2772 451 2813 omni
473 2783 550 2812 om.
575 2772 700 2810 etiam
722 2770 810 2810 DF
869 2771 921 2810 13
942 2768 1244 2809 inexorabilis
1265 2768 1308 2808 B
1328 2764 1347 2822 {l
1376 2768 1505 2825 uarie
1526 2760 1585 2806 B'
1603 2772 1647 2806 ut
1666 2767 1783 2806 uide-

173 2837 243 2872 tur
300 2830 354 2870 21
378 2839 575 2869 senones
597 2827 640 2866 B
662 2840 776 2869 corr.
800 2828 888 2865 m.1
949 2826 1003 2864 22
1026 2837 1075 2871 es
1099 2824 1142 2864 B
1161 2838 1196 2865 s.
1221 2827 1246 2866 l.
1269 2839 1319 2864 m.
1347 2827 1372 2863 1
1393 2821 1412 2877 Η
1434 2815 1784 2864 exenonibusB'

172 2890 228 2928 24
247 2887 376 2939 leges
398 2876 454 2924 B'

286 2945 340 2984 27
362 2947 477 2982 immo
500 2943 593 2978 tam
616 2939 822 2978 facetam
