1872 3132
236 115 304 165 10
950 118 1049 164 LlB.
1090 119 1120 164 Ι.

231 225 289 276 id
311 225 439 294 egit,
468 234 527 277 ut
549 224 844 293 sacrilegae
865 244 1058 278 manus
1084 226 1228 279 inter
1249 225 1555 296 fragmenta
1581 229 1696 283 eius
1721 231 1844 284 abs-

229 296 375 348 cisae
402 296 795 347 inuenirentur.

344 380 425 431 19.
452 379 567 431 Nec
594 379 772 431 minus
801 380 1001 432 efficax
1026 380 1171 433 ultor
1198 390 1535 452 contemptae
1561 381 1842 452 religionis

231 449 375 502 filius
428 468 642 520 quoque
704 450 818 502 eius
871 451 1262 521 Aesculapius,
1322 454 1415 523 qui
1465 462 1844 506 consecratum

183 544 208 574 5
232 519 431 590 templo
461 539 558 573 suo
586 520 764 572 lucum
792 539 823 572 a
851 520 1126 588 Turullio,
1170 522 1448 591 praefecto
1477 523 1726 591 Antonii,
1774 524 1844 575 ad

229 609 397 642 naues
427 591 475 642 ei
502 589 784 642 faciendas
812 609 1010 660 magna
1038 610 1107 643 ex
1134 601 1287 662 parte
1316 593 1589 645 succisum
1618 615 1641 645 *
1671 616 1723 661 ιιι,
1763 595 1843 646 in-

229 670 312 712 ter
356 661 537 731 ipsum
582 660 852 712 nefarium
901 661 1261 714 ministerium
1306 662 1538 716 deuictis
1589 665 1840 734 partibus

231 731 486 798 Antonii,
522 731 746 801 imperio
784 731 1036 784 Caesaris
1074 733 1239 786 morti
1276 733 1610 786 destinatum
1646 733 1843 786 Turul-

229 801 362 852 lium
398 802 702 854 manifestis
743 802 980 854 numinis
1019 803 1101 854 sui
1143 803 1356 856 uiribus
1392 804 1450 855 in
1486 823 1609 856 eum
1641 804 1840 871 lucum,

162 894 204 925 10
229 890 389 942 quem
414 871 738 938 uiolauerat,
767 873 963 939 traxit,
1001 873 1282 943 effecitque
1307 882 1368 925 ut
1392 874 1471 927 ibi
1496 875 1841 944 potissimum

228 961 261 993 a
286 941 551 995 militibus
577 942 921 995 Caesarianis
950 943 1179 1008 occisuS,
1209 944 1396 996 eodem
1424 945 1591 996 exitio
1619 953 1672 997 et
1692 964 1842 997 euer-

228 1013 301 1064 sis
340 1013 449 1064 iam
486 1013 773 1066 arboribus
801 1031 1003 1081 poenas
1033 1013 1206 1065 lueret
1242 1020 1295 1065 et
1322 1013 1501 1066 adhuc
1537 1015 1841 1085 superanti-

224 1083 327 1136 bus
364 1083 743 1135 inmunitatem
781 1083 1081 1136 consimilis
1121 1083 1354 1135 iniuriae
1379 1093 1622 1155 pareret,
1662 1103 1840 1137 suam-

226 1171 330 1223 que
376 1153 812 1220 uenerationem,
865 1173 1027 1224 quam
1072 1153 1218 1224 apud
1264 1153 1499 1208 colentes
1544 1155 1840 1208 maximam

157 1245 200 1277 15
226 1242 439 1294 semper
463 1223 748 1290 habuerat,
778 1228 811 1290 *3⁴
838 1223 1327 1293 dismultiplicauit.

330 1308 417 1360 20.
471 1308 538 1373 Q.
577 1316 759 1359 autem
786 1307 1014 1359 Fuluius
1040 1307 1271 1360 Flaccus
1307 1309 1510 1378 inpune
1546 1327 1653 1362 non
1693 1308 1838 1376 tulit,

224 1379 371 1448 quod
406 1379 462 1429 in
499 1396 728 1430 censura
762 1378 972 1447 tegulas
1008 1397 1340 1431 marmoreas
1377 1398 1447 1430 ex
1472 1379 1699 1433 Iunonis
1730 1379 1838 1431 La-

224 1449 402 1500 ciniae
438 1447 639 1519 templo
686 1450 744 1499 in
787 1448 979 1500 aedem
1014 1449 1290 1502 Fortunae
1326 1449 1622 1519 equestris,
1674 1468 1838 1520 quam

223 1518 430 1571 Romae
465 1518 732 1586 faciebat,
779 1517 1082 1570 transtulit:
1138 1527 1368 1588 negatur
1405 1520 1548 1571 enim
1583 1528 1710 1589 post
1734 1519 1838 1571 hoc

155 1614 199 1645 20
222 1588 430 1640 factum
465 1597 644 1641 mente
679 1589 1009 1642 constitisse.
1071 1590 1202 1658 quin
1236 1590 1402 1642 etiam
1437 1608 1535 1660 per
1571 1608 1836 1641 summam

222 1659 623 1728 aegritudinem
658 1659 825 1710 animi
852 1660 1153 1728 expirauit,
1192 1679 1314 1712 cum
1352 1678 1421 1711 ex
1457 1659 1671 1713 duobus
1707 1659 1835 1712 filiis

102 1802 197 1837 Par.
223 1798 298 1837 tus
325 1792 367 1836 id
396 1793 489 1852 egit
515 1798 565 1836 ut
591 1791 836 1851 sacrilegae
874 1805 1030 1837 manus
1065 1792 1187 1837 inter
1211 1792 1467 1851 fragmenta
1502 1793 1599 1836 eius
1636 1791 1838 1838 abscisae

99 1870 107 1873 “
222 1862 554 1908 inuenirentur.
630 1864 697 1906 19.
746 1862 1043 1922 Aesculapius
1090 1876 1191 1907 cum
1228 1861 1447 1922 templum
1484 1862 1527 1906 in
1568 1868 1835 1908 consecrato

223 1932 309 1977 sibi
336 1932 438 1978 luco
467 1932 676 1983 haberet,
707 1932 854 1978 effecit
881 1939 930 1977 ut
957 1931 1182 1978 Caruilius
1208 1932 1468 1991 praefectus
1496 1933 1550 1977 M.
1578 1933 1758 1977 Antonii
1788 1932 1835 1977 in

153 2014 198 2046 25
222 2003 327 2048 luco
356 2003 500 2062 ipsius
528 2018 550 2047 a
578 2002 781 2047 Caesaris
809 2002 1026 2047 militibus
1055 2002 1365 2052 occideretur,
1395 2002 1515 2062 quod
1545 2002 1583 2047 is
1611 2002 1666 2047 ad
1694 2016 1835 2047 naues

221 2072 275 2117 M.
305 2073 501 2118 Antonio
540 2073 764 2117 faciendas
802 2072 952 2117 lucum
991 2072 1260 2119 succiderat.
1319 2075 1387 2116 20.
1416 2071 1467 2127 Q.
1496 2072 1685 2117 Fuluius
1711 2072 1836 2117 Flac-

221 2157 301 2188 cus
338 2157 439 2188 cum
486 2144 528 2187 in
560 2157 751 2188 censura
799 2143 975 2201 tegulas
1011 2155 1283 2187 marmoreas
1331 2156 1383 2186 ex
1420 2142 1589 2202 templo
1628 2142 1835 2188 Laciniae

220 2213 407 2259 Iunonis
445 2213 647 2258 sublatas
692 2213 737 2257 in
774 2213 925 2257 aedem
962 2212 1189 2258 Fortunae
1235 2213 1459 2272 equestris
1506 2212 1834 2262 transtulisset,

221 2286 385 2329 mentis
422 2284 567 2328 sactus
604 2290 672 2328 est
709 2283 894 2328 dubiae:
934 2284 1062 2327 cuius
1097 2297 1206 2328 casu
1243 2289 1393 2328 motus
1431 2289 1614 2328 senatus
1653 2283 1834 2343 tegulas

334 2408 359 2446 2
399 2403 746 2460 inuenirentur]
788 2408 978 2459 sequitur
1012 2407 1056 2445 in
1085 2407 1181 2446 edd.
1212 2407 1444 2457 exemplum
1481 2407 1533 2445 de
1563 2405 1737 2446 Brenno
1775 2418 1836 2445 ex

220 2464 384 2504 Paride
404 2465 597 2510 inlatum,
630 2464 743 2516 quod
762 2475 850 2502 cum
871 2464 930 2502 ad
948 2469 1132 2502 externa
1148 2463 1388 2513 pertineat,
1410 2463 1452 2501 in
1469 2464 1555 2512 fine
1574 2462 1694 2502 liuius
1715 2464 1834 2514 eapi-

216 2521 275 2559 tis
306 2521 611 2559 conlocauimus
671 2521 696 2560 5
729 2518 947 2558 caruilius
978 2519 1019 2558 B
1047 2531 1125 2570 my.
1157 2531 1179 2558 e
1202 2519 1262 2569 P,
1302 2517 1501 2557 Turulus
1531 2517 1656 2557 habet
1687 2518 1834 2570 Nepo-

217 2578 360 2616 tianus
420 2578 445 2616 6
469 2576 697 2615 succisum
720 2574 879 2615 dolens
903 2576 1005 2614 dett.
1029 2581 1070 2615 et
1090 2589 1147 2620 m,
1178 2575 1334 2626 inique
1357 2574 1511 2613 ferens
1534 2577 1602 2614 uel
1620 2573 1834 2625 indigna-

217 2636 295 2671 tus
316 2634 456 2683 suppl.
481 2632 654 2684 Kempf,
676 2634 769 2684 ipse
790 2633 924 2671 malim
945 2644 981 2673 s,
1002 2631 1181 2670 ulturus
1240 2632 1265 2671 9
1288 2630 1436 2670 locum
1458 2629 1514 2677 B,
1537 2643 1610 2670 em.
1632 2630 1834 2682 Pighius,-

216 2688 278 2738 cf.
312 2688 415 2734 Par.
447 2694 488 2727 et
518 2689 673 2740 Nepot.
737 2690 787 2728 13
817 2687 1125 2740 inpunitatem
1148 2686 1214 2737 B,
1247 2700 1320 2729 em.
1353 2686 1598 2726 Mitulerius
1659 2687 1710 2726 15
1741 2685 1835 2726 dis-

219 2743 553 2795 multiplicauit
576 2744 682 2790 (diis
705 2744 837 2794 corr.)
859 2743 914 2791 B,
938 2743 1048 2784 deus
1070 2743 1267 2795 multipl.
1291 2744 1409 2790 dett„
1433 2742 1544 2781 deus
1567 2743 1648 2782 del.
1672 2744 1834 2782 censuit

219 2800 384 2850 Per-iz„
413 2799 520 2850 fort.
543 2800 609 2839 sic
631 2798 719 2850 (uel
738 2800 848 2840 deus
871 2799 956 2851 sic)
981 2798 1176 2851 multipl.
1239 2799 1290 2838 16
1311 2799 1399 2838 flac
1422 2795 1521 2850 (sie)
1544 2797 1585 2837 B

334 2857 388 2896 23
415 2857 605 2908 sequitur
633 2857 858 2908 inzParide
887 2863 928 2896 et
951 2857 1190 2908 Nepotiane
1221 2857 1453 2907 exemplum
1483 2856 1534 2895 de
1556 2853 1759 2900 Brenno;
1788 2868 1833 2897 u.

214 2925 354 2964 supra
374 2908 392 2965 Η
414 2910 655 2966 templum]
684 2916 991 2965 contemptum
1021 2914 1062 2952 V
1117 2915 1170 2953 27
1195 2923 1381 2952 censum
1406 2911 1450 2950 V
