1878 3132
447 171 457 180 ,
501 127 619 173 CAP.
649 126 735 176 1111,
765 125 795 184 S
823 114 1053 193 6—73v,
1083 123 1111 183 g
1139 127 1278 169 2—4.
1638 115 1705 168 75

78 238 260 291 factus
297 234 492 288 aedilis
529 233 761 299 curuliS,
796 231 1051 301 uulgauit
1087 249 1151 284 ac
1187 231 1361 283 fastos
1387 248 1562 301 paene
1587 237 1703 283 toto

81 308 201 362 foro
236 306 512 378 exposuit.
566 306 659 376 qui
696 322 818 355 cum
846 303 917 355 ad
954 302 1247 355 uisendum
1284 320 1511 372 aegrum
1548 300 1706 354 colle-

83 398 211 450 gam
246 396 407 430 suum
440 376 683 428 uenisset
717 392 894 444 neque
933 392 965 425 a
989 372 1296 439 nobilibus,
1337 391 1568 444 quorum
1601 372 1706 424 fre-

82 449 310 521 quentia
358 445 669 500 cubiculum
721 453 838 498 erat
889 442 1249 514 completum,
1307 443 1536 496 sedendi
1586 443 1706 497 loco

81 520 440 590 reciperetur,
494 515 683 569 sellam
725 514 967 568 curulem
1013 513 1219 567 adferri
1261 516 1425 568 iussit
1462 523 1516 567 et
1549 515 1605 567 in
1641 533 1706 567 ea
1728 531 1749 563 5

80 589 304 644 honoris
349 589 556 660 pariter
599 595 761 658 atque
806 593 1150 656 contemptus
1197 586 1284 638 sui
1328 585 1538 639 uindex
1584 605 1709 639 con-

82 661 244 714 sedit.
808 662 810 664 ’

190 732 240 784 3.
322 729 593 783 Veneficii
645 727 922 798 quaestiO‚
987 735 1041 779 et
1091 728 1338 781 moribus
1391 740 1444 780 et
1494 726 1708 796 legibus

84 802 344 855 Romanis
378 801 592 870 ignota,
645 798 988 870 conplurium
1024 806 1394 851 matronarum
1431 798 1710 869 patefacto

84 872 290 925 scelere
330 880 451 924 orta
486 880 588 924 est.
664 888 803 940 quae
839 889 962 922 cum
996 870 1144 921 uiros
1181 889 1310 923 suos
1348 868 1706 922 clandestinis
1732 887 1772 918 10

81 943 302 996 insidiis
346 961 559 995 ueneno
603 941 964 1011 perimerent,
1016 941 1179 992 unius
1226 939 1456 993 ancillae
1507 940 1709 992 indicio

83 1021 427 1084 protractae,
455 1030 583 1083 pars
613 1011 839 1082 capitali
865 1011 1064 1064 iudicio
1095 1010 1386 1064 damnatae
1412 1019 1630 1066 centum
1657 1019 1711 1063 et

90 1085 440 1156 septuaginta
464 1101 751 1134 numerum
779 1081 1161 1152 expleuerunt.

190 1155 242 1206 4.
315 1154 627 1206 Tibicinum
681 1170 894 1222 quoque
941 1152 1232 1221 collegium
1284 1152 1427 1206 solet
1479 1154 1539 1204 in
1591 1153 1710 1205 foro

84 1224 239 1294 uulgi
265 1223 450 1294 oculos
478 1225 535 1275 in
556 1243 614 1276 se
641 1230 981 1290 conuertere,
1010 1242 1134 1275 cum
1160 1225 1304 1275 inter
1324 1222 1574 1293 publicas
1601 1224 1710 1294 pri·
1737 1241 1777 1273 15

85 1304 356 1366 natasque
392 1295 564 1348 serias
602 1294 843 1347 actiones
871 1294 1121 1364 personis
1149 1301 1293 1347 tecto
1322 1295 1500 1365 capite
1534 1294 1711 1346 uaria-

84 1385 190 1438 que
226 1374 378 1419 ueste
410 1365 655 1418 uelatum
683 1374 981 1418 concentus
1011 1365 1144 1417 edit.
1190 1365 1319 1418 inde
1346 1373 1524 1418 tracta
1549 1364 1711 1417 licen—

90 1439 186 1490 tia.
238 1436 517 1508 quondam
540 1437 698 1488 uetiti
724 1437 782 1487 in
809 1435 945 1488 aede
973 1435 1121 1488 Iouis
1136 1476 1150 1502 ,
1179 1435 1326 1506 quod
1353 1437 1534 1507 prisco
1562 1454 1711 1488 more

84 1508 493 1571 factitauerant‚
522 1507 690 1574 uesci,
720 1507 897 1559 Tibur
921 1507 1049 1559 irati
1077 1525 1134 1559 se
1162 1506 1529 1560 contulerunt.
1577 1525 1713 1579 quo-

86 1597 211 1630 rum
259 1579 563 1631 ministerio
616 1585 836 1630 senatus
890 1577 1110 1630 deserta
1162 1596 1318 1630 sacra
1366 1597 1477 1631 non
1535 1597 1710 1649 aequo
1737 1595 1778 1627 20

84 1650 271 1702 animo
308 1649 492 1701 ferens
531 1667 628 1719 per
662 1648 871 1717 legatos
911 1667 943 1700 a
970 1649 1299 1702 Tiburtibus
1339 1651 1501 1720 petiit
1535 1658 1595 1701 ut
1622 1668 1712 1702 eos

87 1719 271 1788 gratia
297 1738 398 1771 sua
424 1719 687 1771 Romanis
715 1718 935 1788 templis
963 1720 1336 1773 restituerent.
1388 1739 1523 1790 quos
1550 1720 1631 1771 illi
1657 1721 1715 1770 in

90 1790 375 1860 proposito
411 1796 829 1859 perseuerantes
867 1790 1196 1859 interposita
1236 1790 1414 1842 festae
1450 1789 1713 1860 epulatio-

89 1861 177 1912 nis
216 1858 561 1912 simulatione
599 1878 748 1912 mero
790 1878 1086 1930 somnoque
1123 1861 1331 1931 sopitos
1369 1859 1631 1931 plaustris
1658 1861 1716 1911 in

90 1993 331 2039 uisendum
365 2006 554 2054 aegrum
582 1991 803 2053 collegam
830 2007 964 2038 suum
999 1994 1204 2039 uenisset
1239 2007 1388 2054 neque
1414 2010 1438 2041 a
1463 1993 1710 2045 nobilibus,
1737 2007 1779 2038 25

90 2077 287 2124 quorum
330 2063 591 2124 frequentia}
626 2063 887 2110 cubiculum
924 2071 1022 2110 erat
1061 2064 1362 2124 completum,
1408 2067 1709 2125 reciperetur,
1735 2047 1770 2081 P
1768 2059 1829 2081 αν·

91 2133 250 2180 sellam
276 2134 479 2181 curulem
506 2135 643 2180 iussit
669 2135 836 2181 adferri
873 2141 918 2180 et
944 2136 990 2180 in
1018 2149 1068 2181 ea
1097 2136 1316 2181 consedit.
1378 2140 1418 2181 4.
1460 2136 1713 2182 Tibicinum

90 2205 338 2265 collegium
365 2205 483 2251 solet
510 2206 556 2250 in
578 2206 679 2251 foro
707 2207 826 2251 inter
843 2205 1051 2265 publicas
1077 2207 1375 2267 priuatasque
1403 2209 1546 2253 serias
1574 2207 1716 2254 actio·

93 2288 188 2326 nes,
214 2276 427 2336 personis
455 2277 601 2336 capite
630 2283 775 2327 tecto,
805 2284 1054 2323 concentus
1082 2277 1215 2323 edere
1244 2278 1327 2323 hac
1354 2278 1408 2323 de
1437 2293 1585 2325 causa.
1637 2292 1717 2324 ue·
1744 2299 1748 2303 ·

92 2347 165 2391 titi
189 2348 235 2391 in
262 2346 371 2392 aede
397 2347 687 2406 louisqquod
712 2349 864 2407 prisco
892 2361 1019 2393 more
1047 2347 1394 2399 factitauerant‚
1422 2351 1546 2394 uesci
1575 2348 1717 2394 Tibur
1741 2361 1782 2393 30

92 2415 199 2460 irati
228 2429 276 2461 se
302 2416 615 2462 contulerunt:
656 2432 850 2477 quorum
878 2419 1133 2463 ministerio
1161 2426 1348 2464 senatus
1376 2419 1556 2465 deserta
1583 2434 1711 2466 sacra

95 2499 188 2530 non
228 2500 375 2546 aequo
414 2488 559 2531 animo
588 2487 741 2532 serens
779 2503 801 2533 a
829 2488 1094 2534 Tiburtibus
1121 2490 1261 2548 petit,
1304 2496 1355 2534 ut
1396 2503 1475 2534 eos
1502 2490 1715 2534 Romanis

95 2555 279 2616 templis
314 2557 638 2601 restituerent:
690 2571 808 2616 quos
843 2558 909 2602 illi
947 2559 1221 2618 interposita
1255 2559 1399 2604 festae
1436 2557 1716 2618 epulationis

96 2626 387 2672 simulatione
413 2640 538 2672 mero
567 2640 819 2686 somnoque
845 2628 1025 2687 sopitos
1051 2628 1271 2688 plaustris
1308 2630 1353 2672 in
1389 2628 1549 2674 urbem
1583 2629 1717 2675 deue-

42 2814 46 2815 ⁷
212 2765 234 2803 1
257 2765 374 2805 immo
396 2767 517 2804 totos
577 2766 602 2804 3
624 2765 805 2817 ueniret
822 2763 877 2815 B,
902 2778 976 2805 em.
996 2778 1018 2805 e
1036 2765 1131 2804 Pet
1148 2765 1260 2818 Nep.
1322 2767 1374 2806 12
1400 2766 1617 2819 capitali*
1635 2767 1677 2807 B
1693 2766 1711 2817 ἕξ

97 2817 314 2860 damnata
345 2820 368 2860 h
440 2822 491 2861 16
522 2821 669 2861 serias
698 2820 786 2860 Pb:
818 2821 963 2860 ferias
994 2821 1036 2860 B
1106 2823 1156 2862 17
1186 2821 1350 2863 uelatfl
1380 2822 1427 2875 (fi
1445 2826 1487 2863 in
1507 2823 1616 2874 ras.)
1649 2823 1716 2863 B.-

98 2875 269 2915 uelatis
299 2877 404 2917 dett.
433 2874 451 2931 [1
482 2880 734 2917 concentus
758 2876 902 2917 edidit
923 2877 964 2916 B
987 2890 1100 2918 corr.
1125 2892 1147 2918 e
1180 2883 1455 2921 concentum*
1478 2880 1603 2921 dedit
1663 2882 1716 2920 21

15 2957 24 2969 .-
98 2942 181 2983 per
200 2931 382 2985 legatos
406 2946 432 2972 a
456 2933 496 2972 B
515 2935 674 2985 partim
696 2935 738 2973 in
759 2947 847 2976 ras.
872 2930 891 2987 [J
921 2935 1039 2986 petit
1061 2934 1103 2974 B
