1924 3152
589 149 708 197 CAP.
737 150 825 201 1111,
853 149 883 209 3
911 151 1052 197 2—6.
1091 148 1187 194 Ext.
1217 147 1246 207 g
1277 150 1315 193 1.
1670 141 1772 196 139

132 267 419 332 agentem,
462 259 608 331 quod
632 258 814 312 redire
838 257 1135 323 uoluisset,
1174 264 1301 310 ante
1327 265 1516 328 portas
1555 256 1769 325 eduxit,

139 331 358 387 extudit
394 349 464 384 ue
488 337 550 383 ut
574 330 938 400 grauissimae
965 328 1139 382 cladis
1168 327 1381 382 auctori
1407 327 1572 381 etiam
1598 327 1771 384 dicta-

138 411 264 458 tura
290 402 358 456 de
386 409 613 456 erretur.

244 473 295 528 5.
346 471 472 527 Non
518 490 724 543 paruus
770 469 1087 525 consulatus
1135 469 1306 524 rubor
1348 470 1426 523 M.
1463 471 1569 524 Per
1612 488 1770 538 enna,

137 550 329 616 utpote
363 543 457 615 qui
493 541 688 596 consul
719 548 847 595 ante
881 560 1047 613 quam
1082 541 1219 594 ciuis
1237 581 1251 608 ,
1290 541 1388 594 sed
1422 541 1482 594 in
1506 542 1576 596 be
1599 541 1651 594 lo
1677 559 1767 612 ge·
1791 556 1812 589 ⁵

136 614 306 669 rendo
344 612 534 667 utilior
578 612 857 684 aliquanto
896 613 977 666 rei
1010 610 1268 683 publicae
1302 612 1558 666 Varrone
1603 613 1771 684 impe-

136 693 336 739 ratore.
375 702 563 754 regem
589 684 736 737 enim
756 683 1139 738 Aristonicum
1165 682 1312 753 cepit
1333 682 1772 755 Crassianaeque

129 755 339 825 stragis
360 754 583 827 punitor
607 754 816 808 extitit:
848 773 975 807 cum
999 755 1237 822 interim,
1266 753 1421 807 cuius
1444 755 1562 808 uita
1582 754 1773 808 trium·

136 826 355 899 phauit,
394 844 541 880 mors
577 826 755 898 Papia
790 825 910 896 lege
949 825 1212 879 damnata
1246 832 1345 879 est.
1404 844 1641 898 namque
1678 843 1772 897 pa-

136 906 280 953 trem
304 896 451 950 illius
467 937 481 965 ,
517 896 654 949 nihil
681 897 753 949 ad
779 915 837 949 se
903 896 1193 950 ertinentia
1218 895 1357 949 ciuis
1384 896 1622 950 Romani
1646 896 1770 949 iura
1793 911 1834 944 10

134 967 495 1040 conplexum,
538 966 747 1021 Sabelli
780 967 839 1020 iu
884 967 986 1020 'cio
1053 967 1250 1020 etitum
1284 966 1464 1021 redire
1502 969 1560 1020 in
1586 968 1772 1039 pristi—

137 1058 238 1092 nas
277 1038 436 1092 sedes
473 1057 570 1092 coe
613 1044 789 1091 erunt.
848 1039 930 1091 ita
1030 1078 1042 1090 .
1083 1039 1190 1091 Per
1230 1056 1402 1091 ennae
1438 1058 1642 1093 nomen
1675 1037 1772 1092 ad-

137 1110 483 1176 umbratum,
523 1109 581 1161 fa
606 1127 698 1162 sus
727 1107 1044 1163 consulatus
1061 1149 1075 1175 ,
1116 1127 1180 1162 ca
1203 1108 1370 1178 iginis
1399 1109 1578 1164 simile
1602 1110 1771 1180 impe-

136 1182 304 1248 rium,
357 1178 598 1234 caducus
644 1180 954 1251 triumphus
971 1220 985 1247 ,
1038 1178 1218 1233 aliena
1263 1182 1321 1232 in
1354 1180 1494 1235 urbe
1537 1181 1773 1252 inprobe

133 1250 516 1324 peregrinatus
546 1258 644 1304 est.
1664 1288 1672 1298 s

242 1322 293 1375 6.
353 1320 430 1374 Μ.
477 1339 610 1374 uero
661 1321 825 1374 Porci
871 1320 1098 1375 Catonis
1144 1321 1486 1375 incrementa
1532 1320 1771 1392 publicis

135 1392 283 1448 uotis
330 1392 640 1463 expetenda
675 1390 925 1459 fuerunt,
979 1393 1074 1464 qui
1107 1410 1308 1446 nomen
1345 1411 1507 1445 suum
1543 1390 1774 1446 Tusculi

131 1462 380 1534 ignobile
405 1464 611 1515 Romae
648 1462 1056 1517 nobilissimum
1090 1462 1352 1523 reddidit.
1420 1471 1618 1518 ornata
1645 1471 1775 1517 sunt

136 1534 284 1588 enim
309 1533 380 1588 ab
407 1552 469 1587 eo
495 1533 807 1587 litterarum
823 1533 1154 1587 Latinarum
1179 1543 1553 1601 monumenta,
1582 1534 1776 1589 adiuta

133 1603 431 1675 disciplina
466 1603 750 1669 militaris,
798 1612 962 1658 aucta
987 1605 1250 1659 maiestas
1287 1613 1536 1673 senatuS,
1582 1623 1771 1676 proro-
1797 1618 1839 1649 20

134 1683 292 1798 gatae
294 1673 534 1742 familia,
568 1675 626 1727 in
652 1693 760 1746 qua
786 1675 1089 1728 maximum
1116 1675 1280 1729 decus
1308 1677 1584 1748 posterior
1620 1684 1771 1730 ortus

132 1753 222 1798 est
297 1751 404 1798 ato.

246 1834 367 1883 Ext.
408 1830 454 1882 1..
507 1828 630 1892 ‚Sed
667 1837 729 1883 ut
754 1828 1015 1881 Romanis
1054 1837 1285 1898 externa
1317 1831 1638 1900 iungamuS,
1679 1831 1774 1882 So-

138 1907 346 1966 crates,
380 1918 492 1953 non
526 1898 705 1953 solum
728 1899 1010 1952 hominum
1044 1917 1341 1967 consensu,
1378 1919 1574 1953 uerum
1610 1900 1775 1953 etiam

139 1970 417 2042 Apollinis
454 1969 675 2024 oraculo
704 1970 1141 2040 sapientissimus
1179 1970 1488 2039 iudicatus,
1525 1972 1771 2023 Phaena-
1797 1983 1840 2015 25

138 2049 254 2095 rete
289 2048 465 2094 matre
502 2041 799 2095 obstetrice
842 2049 895 2094 et
931 2040 1300 2112 Sophronisco
1345 2051 1505 2113 patre
1540 2059 1773 2095 marmo-

138 2112 286 2166 rario
306 2111 525 2182 genitus
532 2152 546 2179 ,
576 2111 650 2165 ad
675 2111 1046 2165 clarissimum
1071 2112 1281 2183 gloriae
1300 2112 1488 2166 lumen
1514 2114 1773 2167 excessit.

1796 1263 1838 1296 15

135 2230 326 2278 taberna
361 2231 417 2278 ad
443 2230 731 2277 consulatum
758 2231 985 2292 peruenit.
1047 2235 1088 2277 5.
1123 2232 1178 2278 M.
1206 2232 1468 2294 Perpenna,
1506 2232 1585 2293 qui
1612 2246 1769 2294 regem
1794 2235 1888 2270 Par·

138 2301 448 2348 Aristonicum
485 2303 607 2362 cepit
642 2305 687 2347 et
712 2301 980 2349 Crassianae
1015 2302 1155 2349 cladis
1194 2303 1344 2349 extitit
1378 2303 1567 2367 uindex,
1606 2302 1772 2350 consul

140 2371 230 2418 suit
264 2378 368 2418 ante
404 2385 539 2432 quam
573 2371 714 2418 ciuis:
763 2386 958 2434 namque
994 2379 1124 2434 pater
1168 2374 1291 2426 eius,
1338 2373 1548 2421 Sabellus
1586 2387 1771 2435 genere,
1799 2383 1841 2414 3⁴>

141 2441 254 2486 nihil
275 2441 331 2487 ad
350 2441 584 2488 ciuitatem
607 2442 851 2488 Romanam
870 2446 1119 2502 pertinere
1141 2444 1279 2505 Papia
1299 2444 1399 2504 lege
1418 2445 1663 2492 conuictus
1686 2451 1773 2490 est.

249 2513 290 2555 1.
329 2510 541 2557 Socrates
567 2512 892 2560 Phaenaretem
919 2521 1111 2560 matrem
1149 2514 1445 2562 obstetricem
1472 2515 1656 2566 habuit,
1694 2528 1773 2575 pa·

256 2621 282 2660 2
305 2621 495 2661 auctore
515 2619 595 2672 (-ri
615 2619 750 2672 corr.)
773 2621 815 2661 B
834 2618 856 2675 Π
876 2623 1017 2663 etiam
1032 2623 1211 2675 Pighius
1232 2637 1255 2664 e
1274 2625 1388 2664 suis:
1410 2637 1487 2665 om.
1504 2624 1547 2663 B
1568 2625 1611 2664 in
1629 2625 1770 2672 litura,

142 2689 255 2730 quae
283 2681 348 2717 est
375 2677 495 2717 initio
518 2678 618 2718 noui
635 2690 784 2718 uersus
813 2676 1002 2729 (uidetur
1024 2682 1071 2718 et
1093 2692 1260 2720 erasum
1281 2678 1394 2731 esse)
1454 2682 1482 2720 4
1510 2680 1646 2721 robor
1666 2672 1722 2720 B'
1745 2678 1768 2733 Η

143 2744 412 2786 perpennae
433 2732 477 2773 B
536 2734 562 2775 5
585 2733 663 2786 qui
679 2747 794 2778 corr.
813 2746 836 2774 e
854 2747 992 2787 quam
1008 2734 1051 2773 B
1071 2748 1122 2774 m.
1143 2737 1168 2774 1
1185 2741 1231 2776 ut
1245 2737 1419 2777 uidetur
1477 2738 1503 2778 6
1524 2737 1777 2790 imperator

98 2807 101 2808 ⁷
145 2788 432 2830 Kellerbauer
493 2791 518 2832 7
551 2790 915 2843 crassianaeque
935 2791 978 2831 B
999 2793 1042 2831 in
1062 2793 1193 2832 litura
1253 2793 1306 2833 10
1328 2793 1446 2833 ciuis
1468 2793 1512 2833 B
1532 2797 1576 2834 z'n
1597 2795 1658 2834 lit.
1722 2795 1777 2834 24

146 2857 401 2888 consensu*
427 2846 470 2886 B
549 2847 604 2888 25
633 2845 890 2900 phanarete
924 2846 1019 2898 (-te
1053 2847 1197 2901 corr.)
1237 2852 1414 2890 matre*
1442 2849 1697 2891 obstetrice
1730 2854 1777 2891 et

145 2900 426 2955 sophonisco
447 2903 491 2943 B

257 2958 312 2999 29
336 2963 382 3000 et
402 2960 556 3001 addidi
613 2962 665 3002 31
690 2960 924 3014 pertinere
946 2963 1087 3014 suppl.
1106 2960 1202 3002 Mai
1219 2958 1239 3016 H
1259 2959 1431 3016 Papia]
1457 2966 1594 3016 parta
1624 2962 1666 3001 V
1692 2938 1709 2952 ⁰
