1936 3120
674 129 794 176 CAP.
822 119 915 179 vu?
946 128 975 187 g
1005 131 1025 171 1
1040 132 1142 174 —4.
1516 101 1522 105 ’
1618 123 1724 176 365

101 236 348 290 scentulo
374 235 701 290 contendere
727 235 847 287 ausi
869 253 979 288 non
998 245 1144 301 sunt,
1171 236 1394 287 tametsi
1412 235 1720 305 praecipuis

27 344 30 347 -
101 325 167 360 eo
210 316 458 378 tempore
491 306 680 375 Magni
721 305 932 358 uiribus
979 304 1051 357 ad
1096 304 1468 357 defendendas
1505 304 1722 358 tabulas

88 377 418 431 xtestamenti
443 377 669 428 inuitari
691 384 961 446 poterant,
990 385 1043 428 et
1063 375 1402 446 aliquantum
1423 375 1724 428 adiuuabat

104 448 335 501 heredes
373 447 518 516 quod
551 447 627 499 M.
663 446 910 499 Anneius
948 446 1005 497 in
1041 446 1318 499 Sufenatis
1356 445 1623 499 familiam
1659 464 1723 498 ac

104 537 262 571 sacra
299 517 623 570 transierat.·
677 518 773 569 sed
799 516 1135 568 artissimum
1160 519 1300 569 inter
1325 516 1573 569 homines
1601 536 1722 587 pro·
1747 531 1768 564 5

22 603 67 658 ς
103 589 394 641 creationis
422 587 704 640 uinculum
730 587 902 657 patris
939 586 1100 638 simul
1126 588 1471 640 uoluntatem
1498 595 1553 639 et
1578 588 1722 657 prin-

105 659 243 730 cipis
271 659 655 711 auctoritatem
684 659 980 728 superauit.

209 730 258 784 3.
298 728 359 780 C.
387 737 571 781 autem
599 730 841 780 Tettium
877 747 909 779 a
944 737 1099 798 patre
1134 729 1399 780 infantem
1427 728 1724 780 exhereda-

104 807 250 866 tum,
288 800 546 852 Petronia
580 807 781 865 matre,
820 817 983 868 quam
1022 800 1237 851 Tettius
1275 800 1453 870 quoad
1490 799 1633 851 uixit
1667 800 1725 850 in

103 869 448 922 matrimonio
470 870 755 934 habuerat,
782 877 987 935 natam,
1018 869 1178 921 diuus
1200 871 1484 938 Augustus
1504 870 1561 920 in
1578 870 1724 922 bona
1747 883 1789 915 10

103 948 335 1011 paterna
369 940 448 991 ire
485 939 703 1007 decreto
733 958 828 991 suo
865 939 1051 1005 iussit,
1089 941 1260 1009 patris
1296 940 1507 1009 patriae
1543 941 1724 992 animo

103 1030 236 1063 usus
255 1051 269 1077 ,
298 1011 555 1080 quoniam
582 1011 795 1062 Tettius
822 1010 880 1060 in
906 1012 1126 1080 proprio
1153 1012 1269 1062 iure
1297 1020 1582 1081 procreato
1610 1010 1723 1063 filio

107 1100 318 1133 summa
344 1099 468 1133 cum
494 1081 786 1151 iniquitate
813 1088 1101 1150 paternum
1122 1100 1323 1134 nomen
1339 1082 1721 1150 abrogauenat.

210 1151 261 1203 4.
303 1151 546 1222 Septicia
593 1169 808 1221 quoque
827 1191 840 1216 ,
886 1159 1061 1202 mater
1093 1151 1489 1204 Trachalorum
1526 1151 1725 1204 Arimi-

105 1222 372 1288 nensium,
398 1220 542 1274 irata
567 1221 695 1273 filiis
722 1223 780 1272 in
807 1221 1194 1274 contumeliam
1220 1241 1437 1289 eorum,
1467 1241 1588 1274 cum
1613 1221 1726 1273 iam
1749 1234 1791 1266 15

104 1311 298 1363 parere
333 1310 442 1344 non
475 1301 686 1362 posset,
739 1291 989 1345 Publicio
1030 1294 1148 1345 seni
1190 1293 1485 1345 admodum
1519 1293 1725 1361 nupsit,

104 1371 430 1415 testamento
457 1363 624 1415 etiam
649 1372 881 1433 utroque
907 1364 1218 1432 praeterito.
1271 1383 1302 1415 a
1322 1363 1520 1433 quibus
1544 1363 1726 1415 aditus

105 1432 268 1486 diuus
295 1435 581 1502 Augustus
610 1441 664 1485 et
690 1434 907 1504 nuptias
947 1433 1188 1485 mulieris
1227 1442 1281 1486 et
1308 1452 1566 1504 suprema
1587 1433 1726 1485 iudi-

105 1504 191 1555 cia
234 1505 587 1574 improbauit.
660 1523 788 1555 nam
832 1504 1196 1556 hereditatem
1240 1514 1542 1556 maternam
1583 1503 1726 1557 filios

105 1573 308 1626 habere
332 1575 510 1639 iussit,
540 1574 739 1640 dotem,
768 1575 897 1644 quia
917 1593 1027 1626 non
1047 1575 1411 1628 creandorum
1428 1574 1728 1628 liberorum
1750 1587 1792 1618 20

106 1662 272 1695 eausa
297 1644 615 1712 coniugium
639 1644 1045 1711 intercesserat,
1073 1646 1253 1696 uirum
1274 1645 1510 1697 retinere
1531 1645 1725 1696 uetuit.

107 1715 155 1766 si
192 1714 315 1784 ipsa
340 1714 605 1784 Aequitas
642 1715 744 1766 hac
782 1714 848 1766 de
875 1734 933 1767 re
959 1723 1335 1783 cognosceret,
1372 1716 1623 1784 potuitne
1649 1715 1726 1766 iu—

108 1784 246 1836 stius
268 1792 362 1835 aut
381 1786 603 1852 grauius
626 1785 1016 1854 pronuntiare?
1057 1786 1289 1854 spernis,
1312 1804 1445 1856 quos
1467 1784 1726 1853 genuisti,
1780 1832 1782 1834 ,

107 1855 267 1907 nubis
296 1854 485 1921 effeta,
515 1856 830 1907 testamenti
858 1854 1101 1907 ordinem
1126 1854 1367 1908 uiolento
1397 1856 1574 1907 animo
1604 1872 1726 1906 con-

110 1988 239 2032 heres
267 1988 465 2047 scriptus
493 1995 630 2032 esset.
706 1990 748 2032 3.
790 1987 836 2034 C.
866 1988 1061 2032 TettIum
1090 1987 1307 2032 infantem
1334 2004 1358 2033 a
1383 1994 1512 2047 patre
1540 1988 1788 2037 exilem-‚25

106 2057 285 2108 datum,
322 2056 561 2102 Caetronia
588 2065 765 2107 natum,
805 2058 936 2103 diuus
964 2060 1274 2118 Augusu1s‚in
1300 2058 1416 2104 hona
1444 2066 1632 2118 paterna
1660 2057 1730 2102 ire.
1751 2035 1840 2068 Par.

109 2127 328 2174 decreuit.
380 2132 420 2173 4.
460 2127 673 2188 Septicia,
702 2137 847 2173 mater
875 2129 1197 2173 Trachalorum
1225 2130 1592 2179 AriminensIum,
1621 2127 1724 2172 filiis

108 2200 222 2243 irata
249 2199 295 2243 in
323 2199 642 2244 contumeliam
671 2213 853 2252 eorum,
884 2213 985 2243 cum
1014 2201 1099 2244 iam
1127 2213 1286 2259 parere
1315 2214 1403 2244 non
1434 2206 1614 2259 posset,
1641 2198 1727 2243 Pu-

107 2268 246 2314 blicio
275 2269 512 2313 admodum
543 2271 640 2314 seni
668 2271 838 2329 nupsit,
867 2277 1142 2327 testamento
1166 2271 1301 2315 etiam
1325 2277 1570 2330 utrumque
1596 2284 1727 2329 prae-

111 2339 250 2383 teriit.
304 2338 468 2397 quibus
506 2340 670 2384 auditis
706 2340 840 2384 diuus
867 2342 1101 2398 Augustus
1140 2348 1185 2384 et
1219 2342 1399 2400 nuptias
1438 2340 1638 2384 mulleris
1679 2346 1726 2384 et
1750 2347 1790 2378 30

224 2477 249 2514 6
272 2474 495 2526 principis
518 2474 794 2526 uiriPz'tqlzz‘us
834 2476 859 2514 8
881 2475 1107 2515 infantem
1131 2489 1157 2514 a
1180 2480 1311 2527 patre
1326 2477 1387 2515 Pb
1429 2478 1454 2515 9
1478 2475 1728 2515 Caetronia

110 2530 175 2570 Pb
220 2533 270 2570 10
291 2528 643 2569 matrimoniflB
664 2527 682 2582 Η
705 2528 956 2583 Augustus]
986 2544 1024 2570 a.
1050 2531 1104 2578 B,
1128 2534 1222 2570 ilem
1244 2546 1281 2570 u.
1307 2534 1359 2571 18
1410 2534 1460 2571 13
1485 2532 1727 2571 abiuraue-

42 2598 46 2601 ·
110 2590 185 2625 rat
207 2601 245 2625 n.
270 2588 297 2625 l.
319 2589 363 2626 z’n
384 2599 447 2638 ⁷⁷²9
469 2586 510 2625 B
591 2588 644 2625 14
683 2586 949 2626 thracalorii
975 2587 1016 2625 B
1038 2589 1080 2626 in
1100 2600 1186 2626 ras.
1211 2594 1253 2626 et
1275 2588 1336 2631 P‚·
1366 2588 1421 2637 cf.
1456 2588 1578 2626 Paul.
1604 2588 1725 2626 Diae.

108 2656 153 2695 p.
179 2644 264 2683 367
285 2643 348 2683 Μ.
413 2644 464 2682 15
485 2642 593 2681 filiis
615 2643 738 2681 irata
759 2643 823 2682 Pb
886 2645 936 2683 16
958 2642 1160 2694 publicio
1186 2644 1249 2683 F:
1281 2643 1439 2694 publio
1463 2643 1516 2692 B,
1543 2643 1728 2695 publico

111 2698 175 2739 Pb
236 2701 287 2740 17
310 2701 509 2750 utraque
533 2699 556 2738 b
592 2695 610 2750 ΙΙ
646 2699 813 2749 quibus
837 2698 1007 2738 auditis
1029 2700 1070 2738 P
1127 2700 1178 2739 18
1201 2712 1447 2752 supprema
1469 2699 1497 2738 i.
1521 2699 1729 2751 improba

111 2749 167 2794 B'
227 2757 280 2795 22
305 2756 393 2795 hac
416 2756 464 2795 b:
498 2767 552 2794 ac
577 2755 617 2793 B
652 2751 671 2808 Η
708 2767 985 2807 cognoscere
1007 2755 1048 2794 B
1077 2751 1096 2808 Η
1131 2757 1360 2807 potuisset
1382 2756 1405 2794 b
1465 2757 1518 2796 23
1541 2756 1728 2808 grauius

112 2813 208 2852 cod.
235 2812 418 2852 canok„-
450 2812 627 2863 gratius
651 2811 692 2850 B
711 2807 732 2865 ss
753 2812 1074 2864 pronuntiaret
1094 2812 1118 2851 b
1178 2813 1233 2851 24
1255 2811 1423 2851 effecta
1446 2805 1502 2851 B'

225 2869 278 2908 27
320 2868 628 2908 thracalorum
657 2867 701 2906 V
774 2870 827 2909 28
868 2867 1054 2920 publico
1084 2869 1129 2907 V
1201 2870 1255 2908 30
1285 2875 1402 2908 recte
1425 2869 1547 2911 codd.
1579 2868 1676 2907 Val.
1700 2881 1728 2908 a

115 2923 279 2974 quibus
305 2924 457 2964 aditus
1682 2946 1702 2962 .
