1924 3152
199 139 304 193 150
896 142 994 188 LlB.
1034 142 1103 189 111.

198 259 336 317 sent,
366 250 578 303 senatui
597 249 806 320 placuit
830 249 1040 318 legatos
1068 250 1139 302 ad
1166 249 1359 310 ducem
1385 268 1569 304 eorum
1594 251 1693 319 ire,
1721 253 1815 324 qui

198 321 441 374 dicerent
484 320 747 389 populum
779 320 1090 373 Romanum
1124 320 1271 373 bella
1307 322 1451 374 susci
1493 339 1582 374 ere
1619 321 1812 390 solere,

197 409 335 460 quae
363 409 458 443 suo
484 391 659 442 milite
684 409 873 460 gerere
899 399 1109 461 posset:
1152 390 1380 461 proinde
1417 410 1446 445 c
1469 410 1648 445 assem
1672 392 1813 445 Kar-

195 461 477 529 thaginem
502 460 844 514 reducerent.

152 548 174 580 5
301 530 455 583 Idem
474 538 599 601 post
624 529 831 602 aliquot
858 550 1028 586 annos
1053 531 1328 584 Cannensi
1351 531 1504 584 clade
1532 532 1815 585 exhaustis

195 601 427 655 Romani
461 602 677 672 imperii
701 602 910 654 uiribus
939 601 1377 672 supplementum
1402 603 1458 654 in
1485 603 1811 684 Hispaniam

196 672 461 724 exercitui
496 673 714 725 mittere
751 690 943 737 aUSUS,
983 672 1208 725 fecitne
1242 672 1392 725 locus
1418 672 1700 726 hostilium
1725 692 1809 726 ca-

196 751 458 809 strorum,
497 750 612 795 tum
649 744 889 794 maxime
916 741 1193 813 Capenam
1218 751 1431 812 portam
1467 744 1632 795 armis
1659 743 1813 795 Han·

194 812 376 866 nibale
402 812 679 883 pulsante,
707 812 934 866 minoris
962 813 1176 864 ueniret
1202 831 1364 884 quam
1391 813 1438 864 si
1462 812 1616 865 illum
1640 813 1812 865 Poeni

130 899 172 931 10
194 901 303 935 non
329 883 653 936 obtinerent.
714 884 793 935 ita
821 902 877 934 se
903 901 1093 952 gerere
1127 883 1186 934 in
1213 882 1461 935 aduersis
1488 883 1650 935 rebus
1679 882 1812 954 quid

193 953 342 1006 aliud
379 962 463 1006 est
497 973 660 1024 quam
698 954 1031 1006 saeuientem
1066 952 1347 1006 fortunam
1386 953 1443 1004 in
1479 954 1811 1007 adiutorium

194 1026 278 1077 sui
303 1024 510 1094 pudore
536 1026 740 1076 uictam
767 1024 1122 1075 conuertere?

302 1095 381 1147 11.
421 1094 622 1164 Magno
652 1095 829 1165 spatio
859 1094 1068 1146 diuisus
1098 1102 1181 1146 est
1217 1112 1249 1146 a
1276 1103 1468 1148 senatu
1494 1093 1564 1146 ad
1591 1102 1810 1164 poetam

192 1166 424 1218 Accium
450 1166 740 1217 transitus:
773 1173 1012 1218 ceterum
1037 1172 1098 1216 ut
1124 1164 1194 1217 ab
1223 1182 1284 1216 eo
1313 1164 1590 1216 decentius
1618 1165 1689 1217 ad
1717 1183 1811 1217 ex-

127 1249 168 1281 15
192 1244 347 1288 terna
382 1244 751 1301 transeamUS,
788 1235 1122 1306 producatur
1157 1236 1215 1285 in
1249 1234 1508 1288 medium.
1582 1234 1627 1286 is
1665 1234 1807 1288 Iulio

191 1305 444 1372 Caesari,
497 1304 832 1375 amplissimo
881 1323 943 1356 ac
979 1304 1360 1358 florentissimo
1397 1306 1542 1371 uiro,
1594 1306 1651 1356 in
1686 1323 1810 1357 con·

190 1375 392 1445 legium
418 1383 703 1444 poetarum
731 1375 971 1427 uenienti
998 1393 1296 1444 numquam
1323 1375 1663 1442 adsurrexit,
1699 1394 1809 1428 non

188 1445 490 1497 maiestatis
529 1446 642 1498 eius
682 1446 974 1510 inmemor,
1014 1445 1109 1497 sed
1146 1445 1290 1514 quod
1324 1445 1383 1496 in
1418 1446 1809 1515 conparatione

190 1515 560 1569 communium
587 1514 891 1568 studiorum
927 1514 1205 1585 aliquanto
1234 1533 1290 1566 se
1325 1515 1660 1595 superiorem
1686 1533 1807 1567 esse

126 1600 168 1633 20
194 1585 506 1639 confideret.
584 1594 914 1656 quapropter
964 1585 1283 1637 insolentiae
1334 1586 1560 1637 crlmine
1610 1585 1806 1651 caruit,

189 1656 318 1727 quia
343 1655 421 1708 ibi
457 1655 823 1723 uoluminum,
859 1675 969 1709 non
994 1655 1295 1724 imaginum
1321 1656 1621 1707 certamina
1655 1673 1808 1708 exer·

191 1727 471 1779 cebantur.

295 1800 412 1847 Ext.
452 1798 499 1847 1.
557 1796 641 1848 Ne
674 1796 970 1866 Euripides
1005 1796 1226 1867 quidem
1261 1795 1494 1849 Athenis
1530 1795 1805 1865 adrogans

185 1867 339 1919 uisus
367 1873 475 1934 est,
511 1885 664 1934 cum,
700 1866 1007 1937 postulante
1033 1867 1090 1918 ui
1116 1866 1317 1938 populo
1342 1867 1404 1919 ut
1429 1885 1499 1919 ex
1524 1865 1810 1935 tragoedia

123 1951 165 1984 25
225 1937 468 1989 uandam
494 1938 822 1990 sententiam
848 1938 1086 2004 tolleret,
1123 1955 1441 2008 progressus
1467 1936 1524 1988 in
1552 1954 1805 1989 scaenam

226 2007 332 2060 ixit
358 2025 416 2059 se
441 2014 504 2059 ut
530 2026 653 2059 eum
681 2007 919 2073 doceret,
947 2026 1056 2060 non
1081 2015 1143 2059 ut
1169 2007 1240 2061 ab
1267 2025 1330 2060 eo
1357 2007 1620 2073 disceret,
1648 2005 1804 2059 fabu-

185 2077 267 2130 las
296 2095 603 2146 conponere
630 2076 818 2129 solere.
880 2076 1159 2129 laudanda
1192 2077 1440 2147 profecto
1466 2076 1669 2129 fiducia
1703 2085 1805 2142 est,

185 2165 329 2218 quae
355 2146 791 2199 aestimationem
816 2147 901 2199 sui
921 2156 1071 2200 certo
1092 2147 1333 2216 pondere
1361 2148 1658 2212 examinat,
1685 2154 1805 2198 tan-

184 2226 300 2270 tum
328 2217 435 2269 sibi
461 2217 759 2286 adroganS,
797 2224 1062 2287 quantum
1097 2235 1130 2268 a
1155 2224 1468 2286 contemptu
1494 2223 1548 2268 et
1572 2216 1802 2268 insolen-

121 2300 163 2334 30
185 2288 263 2339 tia
309 2286 514 2339 distare
562 2288 694 2339 satis
741 2294 839 2339 est.
914 2287 1099 2356 itaque
1142 2287 1308 2338 etiam
1355 2285 1500 2356 quod
1533 2285 1802 2338 Alcestidi

184 2357 393 2426 tragico
420 2365 614 2426 poetae
650 2357 930 2427 respondit
963 2355 1265 2426 probabile.
1315 2355 1463 2426 apud
1490 2374 1653 2426 quem
1679 2373 1802 2407 cum

186 2435 504 2499 quereretur
542 2427 688 2497 quod
715 2444 777 2479 eo
804 2426 986 2481 triduo
1014 2445 1122 2478 non
1156 2425 1301 2480 ultra
1326 2433 1437 2478 tres
1473 2444 1664 2479 uersus
1691 2442 1805 2477 ma-

183 2498 332 2550 ximo
370 2499 598 2568 inpenso
633 2497 819 2550 labore
846 2496 1114 2550 deducere
1139 2497 1434 2567 potuisset,
1470 2505 1634 2567 atque
1668 2496 1714 2547 is
1742 2513 1802 2547 se

184 2575 403 2621 centum
427 2566 688 2639 perfacile
717 2568 1003 2638 scripsisse
1028 2566 1380 2636 gloriaretur,
1408 2566 1535 2619 ‘sed
1560 2567 1695 2619 hoc'
1722 2566 1800 2616 in-

120 2651 162 2686 35
184 2639 303 2707 quit
330 2639 595 2705 ‘interest‚
629 2637 776 2709 quod
801 2639 883 2691 tui
907 2638 966 2690 in
988 2637 1234 2690 triduum
1259 2635 1666 2702 tantummodo,
1693 2634 1802 2686 mei

298 2767 322 2807 7
352 2764 561 2807 exercitii
588 2760 643 2806 B'
672 2763 691 2820 Π
724 2767 882 2808 effecit
911 2766 1097 2820 Stanyer
1155 2768 1180 2807 9
1209 2765 1355 2806 minor
1382 2765 1441 2805 iis
1472 2764 1495 2804 b
1556 2764 1609 2805 18
1632 2774 1800 2815 conpa-

182 2822 387 2863 ratione*
407 2821 450 2861 B
509 2824 563 2863 23
585 2822 880 2864 Atheniensis
903 2822 1090 2876 Stanqer
1109 2819 1129 2876 [l
1149 2833 1369 2875 arrogans
1391 2820 1448 2870 B,
1469 2820 1549 2861 sed
1565 2833 1604 2860 u.
1624 2821 1680 2859 29
1702 2817 1799 2860 adr.

181 2879 238 2919 24
258 2877 307 2918 ui
327 2878 395 2918 B:
427 2891 503 2919 om.
526 2879 680 2931 reliqui
700 2881 791 2919 noti
810 2886 852 2919 et
874 2881 971 2920 edd.
998 2864 1023 2933 ss
1048 2877 1295 2931 tragoedum
1318 2877 1359 2917 B
1427 2878 1480 2918 33
1503 2874 1722 2916 diducere
1743 2866 1803 2914 B'

182 2936 239 2977 35
259 2935 331 2976 tui
351 2934 393 2975 B
415 2946 530 2976 corr.
552 2931 597 2985 (1
619 2948 668 2974 m.
694 2931 734 2986 Υ)
756 2947 777 2974 e
799 2938 849 2975 tu
