1878 3132
132 114 232 166 112
826 120 926 166 LIB.
963 121 1032 166 111.

235 228 285 279 3.
336 227 503 278 Cuius
540 225 712 276 filium
746 225 1011 278 Faustum
1047 226 1107 280 C.
1145 227 1371 281 Cassius
1403 229 1744 301 condiscipu-

128 298 244 349 lum
280 295 537 352 suumin
573 295 758 348 schola
802 297 1261 368 proscriptionem
1303 307 1589 370 paternam
1630 300 1743 352 lau-

129 367 366 432 dantem,
394 367 701 436 ipsumque,
731 385 853 418 cum
878 386 976 437 per
1001 376 1238 421 aetatem
1262 371 1558 439 potuisset,
1597 369 1744 423 idem

128 437 403 488 facturum
427 437 772 489 minitantem
798 437 1026 508 colapho
1046 441 1333 508 percussit.
1385 441 1610 510 dignam
1634 459 1742 493 ma-

87 527 108 560 5
129 526 273 569 num,
305 525 444 577 quae
469 505 688 578 publico
715 508 1011 578 parricidio
1040 527 1098 561 se
1123 528 1234 563 non
1260 512 1675 584 contaminaret.

233 595 351 643 Ext.
395 587 576 643 1.«·'Et
600 599 665 643 ut
686 610 719 643 a
745 593 975 644 Graecis
1002 592 1237 663 aliquid,
1275 593 1594 665 Alcibiades
1631 594 1741 660 1110,

127 662 280 714 cuius
317 662 500 713 nescio
538 668 722 713 utrum
757 663 903 715 bona
949 681 1018 714 an
1056 665 1194 716 uitia
1229 683 1300 734 pa
1326 683 1439 717 nae
1476 682 1742 735 pernicio-

127 732 273 784 siora
298 732 503 784 fuerint
528 763 599 771 ——
622 731 731 784 illis
759 734 904 785 enim
931 734 1078 784 ciues
1108 753 1233 787 suos
1263 733 1502 805 decepit,
1536 735 1622 787 his
1650 734 1742 787 ad-

124 801 266 854 flixit
278 833 364 869 ——‚
389 821 512 878 cutm
537 802 717 878 adhuc,
732 821 868 875 puer
889 802 960 854 ad
971 803 1218 881 Periclen
1235 804 1566 886 afflmssfflm
1585 823 1744 858 suum

62 892 103 923 10
124 873 366 942 uenisset
401 876 630 942 euinque
666 874 1207 942 ’500101οᾗ111εέοω
1367 876 1373 882 ’
1409 881 1435 933 J
1641 863 1741 942 siit,

124 940 506 1012 111“1’0“1“ἷ1’”ὀῗξὲ,“1111”
567 943 675 995 uid
705 943 1328 1013 ita—*ztantam.in....uultu
1366 944 1744 998 confusionem

159 1022 377 1091 ggerth
415 1022 471 1065 at-
503 962 597 1066 illo
636 1013 851 1066 dicente
877 1013 1509 1071 maffdamwoeeiuiffltis
1606 1024 1742 1086 ‘0155-

146 1102 244 1136 aea
329 1083 580 1151 ineruae,
627 1102 768 1154 quae
804 1092 930 1136 sunt
963 1085 1159 1136 ianuae
1195 1087 1362 1153 arciS,
1402 1086 1526 1138 aedi
1549 1103 1741 1155 casse,

125 1162 553 1224 consumptaque
589 1155 648 1205 in
682 1154 740 1206 id
775 1173 910 1224 opus
946 1154 1156 1224 ingenti
1180 1157 1414 1225 pecunia
1448 1174 1559 1209 non
1593 1156 1742 1208 inue-

60 1242 102 1274 15
125 1224 242 1276 nire
281 1243 386 1294 quo
424 1233 585 1294 pacto
632 1224 926 1277 ministerii
971 1225 1238 1278 rationem
1282 1225 1537 1278 redderet
1579 1235 1742 1296 atque

123 1293 247 1347 ideo
285 1294 615 1359 conflictari,
657 1300 842 1364 ‘ergo'
878 1295 935 1345 in
975 1296 1055 1347 uit
1093 1302 1323 1366 ‘quaere
1347 1296 1532 1366 potius
1560 1315 1741 1367 quem-

123 1365 420 1417 admodum
445 1365 714 1417 rationem
739 1384 850 1417 non
875 1314 1123 1426 reddas&
1183 1366 1260 1418 ita
1299 1385 1367 1418 ue
1400 1368 1488 1418 uir
1522 1367 1742 1437 amplis-

124 1435 295 1487 simus
324 1443 378 1487 et
402 1434 863 1504 prudentissimus
892 1455 989 1489 suo
1019 1435 1244 1489 consilio
1313 1437 1518 1490 efectus
1544 1436 1743 1508 puerili

122 1523 254 1557 usus
284 1512 387 1569 est,
427 1512 588 1575 atque
623 1504 681 1556 id
708 1506 818 1574 egit
841 1513 901 1557 ut
926 1506 1289 1559 Athenienses
1317 1507 1548 1560 finitimo
1582 1506 1741 1578 inpli-

61 1593 102 1626 20
125 1575 234 1627 cati
276 1574 417 1635 bello
462 1575 768 1629 rationibus
817 1577 1098 1645 exigendis
1143 1594 1250 1643 non
1292 1586 1569 1631 uacarent.
1645 1577 1741 1629 sed

64 1686 75 1689 -
123 1644 366 1697 111ᾶο11111
392 1646 642 1698 Athenae
677 1655 862 1703 utrum
887 1647 1235 1700 Alcibiadem
1269 1647 1636 1700 lamententur
1670 1666 1741 1699 an

122 1716 443 1785 glorientur,
472 1716 727 1786 quoniam
747 1717 926 1770 adhuc
950 1719 1094 1770 inter
1116 1719 1548 1771 exsecrationem
1570 1717 1739 1781 homi,-

121 1786 206 1838 nis
244 1794 298 1839 et
331 1786 748 1839 admirationem
775 1787 940 1841 dubio
967 1789 1162 1841 mentis
1197 1789 1400 1842 iudicio
1426 1788 1739 1842 fluctuatur.

8 1953 102 1990 Par.
127 1947 295 1997 orauit,
333 1947 549 2007 perfacile
585 1962 632 1993 se
669 1948 909 1994 adfirmans
945 1950 1350 2009 interempturum,
1389 1950 1510 2008 quod
1547 1949 1737 1994 inlecto
1806 2000 1809 2006 r

60 2027 102 2060 25
125 2016 247 2061 illius
283 2017 521 2062 considere
557 2018 742 2063 soleret.
804 2021 842 2062 3.
885 2018 929 2063 C.
958 2019 1138 2064 Cassius
1166 2019 1316 2064 Sullae
1353 2018 1495 2064 filium
1521 2019 1738 2064 Faustum
1802 2011 1804 2014 ’

123 2086 482 2147 condiscipulum
519 2101 651 2132 suum
689 2090 733 2132 in
764 2087 920 2133 schola
953 2089 1334 2148 proscriptionem
1371 2091 1514 2148 patris
1553 2088 1738 2135 laudan-

121 2164 214 2202 tem
240 2157 503 2217 ipsumque,
535 2171 635 2202 cum
661 2159 856 2217 primum
883 2159 1133 2218 potuisset,
1172 2159 1287 2205 idem
1314 2159 1540 2205 facturum
1567 2161 1737 2205 minan-

127 2234 216 2272 tem
243 2227 435 2286 colapho
462 2227 704 2287 percussit.

231 2300 269 2342 1.
309 2296 564 2343 Alcibiades
599 2298 891 2344 Atheniensis
928 2313 1030 2344 cum
1067 2313 1181 2359 puer
1216 2299 1270 2345 ad
1295 2300 1498 2346 Periclen
1535 2313 1735 2345 auuncu-

59 2378 101 2411 30
123 2368 215 2413 lum
253 2381 385 2413 suum
424 2367 631 2414 uenisset
666 2382 859 2429 eumque
896 2369 1074 2414 tristem
1109 2371 1383 2420 inuenisset,
1428 2370 1651 2416 dicentem
1689 2383 1736 2414 se

122 2438 335 2484 mandatu
362 2438 561 2484 ciuitatis
587 2439 834 2499 propylaea
859 2439 1107 2492 Mineruae,
1145 2454 1260 2500 quae
1287 2447 1392 2485 sunt
1417 2442 1576 2486 ianuae
1603 2440 1734 2490 arcis,

122 2521 283 2567 magna
318 2523 420 2555 cum
455 2509 643 2569 inpensa
687 2510 948 2555 aedificasse
985 2525 1068 2556 nec
1102 2525 1239 2571 posse
1274 2510 1463 2557 reddere
1500 2512 1733 2561 rationem,

125 2579 295 2639 ‘ergo'
347 2579 495 2640 inquit
542 2580 741 2640 equaere
778 2581 932 2640 potius
972 2581 1346 2641 quemadmodum
1384 2581 1607 2627 rationem
1642 2593 1733 2625 non

123 2648 329 2694 reddas'.

235 2801 261 2839 2
297 2799 427 2840 scola
456 2800 498 2839 B
571 2802 596 2841 5
632 2803 798 2843 litteras
834 2814 954 2854 quae
989 2802 1176 2856 publico
1213 2814 1297 2854 par
1329 2801 1372 2841 B
1408 2803 1450 2841 in
1485 2813 1572 2843 ras.
1607 2801 1734 2842 habet

124 2854 444 2955 {albiza-&his
467 2856 514 2896 b:
546 2857 626 2898 ille
649 2880 700 2886 —
723 2858 798 2899 hic
820 2859 862 2898 B
923 2861 974 2899 12
996 2858 1247 2912 propylaea
1268 2857 1311 2898 B
1331 2859 1373 2898 in
1393 2870 1506 2904 ras„
1538 2857 1734 2911 propyla
