1936 3120
651 126 770 172 GAP.
792 127 873 178 ω,
903 128 933 186 g
962 129 1101 173 1-3,
1139 127 1227 184 1111,
1257 130 1296 173 1.
1643 112 1647 116 ’
1682 121 1788 174 385

161 251 294 356 {ore
331 234 420 285 exi
443 242 631 299 netum
668 251 832 304 quam
870 251 975 305 quo
1013 234 1085 286 sit
1123 219 1302 286 ortum
1346 233 1642 287 memoriae
1678 242 1787 286 tra-

204 304 406 357 endum
434 312 532 356 est.

269 376 319 427 3.
360 375 660 428 Hortensia
695 392 855 440 uero,
903 374 970 441 Ω.
1007 374 1270 427 Hortensi
1309 375 1449 441 filia,
1493 393 1616 427 cum
1654 372 1786 428 ordo

97 469 102 472 ’
161 454 538 499 matronarum
563 446 721 513 graui
747 445 957 498 tributo
985 463 1017 496 a
1037 445 1338 497 triumuiris
1362 454 1508 497 esset
1530 455 1786 498 oneratus

159 534 262 568 nec
287 516 577 586 quisquam
603 515 845 566 uirorum
873 516 1240 585 patrocinium
1267 516 1345 568 eis
1375 515 1787 570 accommodare
1809 532 1830 566 5

160 587 412 652 auderet,
453 603 674 637 causam
708 585 1037 638 feminarum
1064 585 1211 656 apud
1238 587 1554 639 triumuiros
1583 595 1636 639 et
1662 605 1785 638 con—

161 665 374 710 stanter
401 666 466 714 ‘et
500 655 736 708 feliciter
771 658 906 726 egit:
965 666 1382 738 repraesentata
1426 657 1570 709 enim
1609 658 1784 727 patris

146 725 423 780 'facundia
458 728 776 797 impetrauit
811 735 871 779 ut
908 746 1082 779 malor
1117 746 1244 798 pars
1282 728 1583 798 imperatae
1627 746 1785 798 pecu-

161 798 287 850 niae
313 798 382 849 iis
411 799 797 850 remitteretur.
859 798 1066 850 reuixit
1090 807 1208 851 tum
1234 797 1493 852 muliebri
1519 799 1688 868 stirpe
1718 798 1786 864 Ω.

161 869 493 922 Hortensius
521 869 816 939 uerbisque
844 868 988 920 filiae
1016 869 1314 939 aspirauit,
1354 870 1508 920 cuius
1538 869 1582 920 si
1609 868 1785 920 uirilis
1811 887 1852 917 10

162 959 328 992 sexus
356 940 565 1009 posteri
589 939 705 991 uim
724 940 878 1009 sequi
897 940 1222 1004 uoluissent,
1252 939 1660 992 Hortensianae
1682 938 1786 991 elo-

160 1010 419 1080 quentiae
445 1018 599 1062 tanta
624 1009 900 1062 hereditas
923 1029 1032 1062 una
1051 1010 1286 1062 feminae
1309 1011 1521 1063 actione
1541 1010 1789 1063 abscissa

161 1100 271 1134 non
299 1089 464 1133 esset.

449 1240 453 1243 “
527 1221 664 1273 IIII.
704 1226 803 1274 DE
838 1225 1428 1283 QVAESTIONIBVS.

268 1320 453 1391 Atque
476 1331 539 1373 ut
565 1339 749 1372 omnes
777 1320 1106 1372 iudiciorum
1141 1339 1398 1373 numeros
1429 1339 1783 1391 exequamur,
1810 1334 1852 1365 15

159 1392 507 1462 quaestiones
523 1432 536 1457 ‚
566 1391 765 1461 quibus
796 1400 890 1443 aut
916 1390 1187 1444 creditum
1213 1411 1324 1444 non
1352 1399 1434 1443 est
1461 1400 1556 1443 aut
1584 1400 1786 1444 temere

159 1461 351 1514 habita
376 1461 511 1514 fides
542 1471 641 1527 est,
669 1462 990 1516 referamus

271 1534 320 1585 1.
357 1531 434 1584 M.
450 1533 610 1600 Agrii
637 1533 940 1601 argentarii
967 1551 1158 1584 seruus
1188 1531 1507 1584 Alexander
1527 1532 1789 1583 A.Fanni

162 1621 384 1655 seruum
411 1603 679 1654 occidisse
706 1602 1057 1654 insimulatus
1087 1610 1198 1666 est,
1236 1620 1406 1673 eoque
1433 1602 1653 1654 nomine
1681 1610 1788 1654 tor-

101 1676 109 1689 '
160 1681 250 1725 tus
279 1691 311 1724 a
337 1671 558 1724 domino
587 1673 875 1724 admisisse
901 1673 958 1724 id
984 1672 1196 1723 facinus
1222 1672 1667 1724 constantissime
1697 1673 1788 1723 ad·
1812 1685 1854 1716 20

162 1742 458 1795 seuerauit.
510 1743 698 1812 itaque
726 1743 934 1794 Fannio
973 1741 1194 1794 deditus
1233 1741 1501 1811 supplicio
1538 1741 1788 1792 adfectus

161 1823 262 1866 est.
321 1812 550 1884 paruulo
580 1812 776 1864 deinde
803 1821 1045 1882 tempore
1074 1813 1360 1864 interiecto
1389 1811 1506 1876 ille,
1538 1812 1692 1862 cuius
1722 1811 1788 1862 de

162 1903 295 1938 nece
322 1883 592 1936 creditum
620 1893 754 1950 erat,
784 1883 1006 1936 domum
1032 1882 1214 1934 rediit.

161 2018 305 2079 uulgo
339 2018 384 2062 C.
417 2017 626 2062 Afraniae
663 2017 892 2062 dicuntur.
967 2018 1004 2060 3.
1046 2015 1311 2065 Hortensia,
1357 2015 1406 2070 Q.
1435 2014 1651 2059 Hortensi
1678 2012 1784 2062 filia,
1812 2020 1903 2053 Par.

162 2103 264 2135 cum
294 2089 405 2134 ordo
434 2096 744 2133 matronarum
772 2088 900 2147 graui
932 2087 1104 2131 tributo
1134 2102 1156 2130 a
1187 2086 1439 2130 triumuiris
1477 2091 1599 2130 esset
1628 2098 1788 2129 onera·
1811 2093 1853 2125 25

162 2166 262 2210 tus,
305 2173 486 2205 causan]
514 2159 781 2204 feminarum
810 2158 930 2218 apud
956 2159 1224 2202 triumuiros
1254 2164 1300 2202 et
1327 2163 1593 2201 constanter
1620 2162 1665 2199 et
1692 2154 1789 2199 feli-

164 2232 279 2275 citer
306 2232 415 2289 egit.
506 2279 509 2282 ,

271 2300 365 2344 DE
401 2298 951 2353 QVAESTIONIBVS
986 2298 1112 2342 SER
1130 2297 1419 2342 VILIBVS.
1501 2299 1536 2341 l.
1577 2296 1630 2339 M.
1659 2297 1784 2355 Agrii

163 2371 412 2430 argentarii
442 2384 605 2414 seruus
632 2370 885 2414 Alexander
911 2371 962 2413 A.
992 2369 1149 2412 Fannii
1179 2381 1364 2412 seruum
1393 2366 1683 2411 insimulatus
1713 2380 1788 2410 oc-

163 2441 331 2486 cidisse
368 2454 516 2498 eoque
553 2440 737 2484 nomine
775 2446 949 2488 tortus,
995 2439 1218 2482 occidisse
1248 2451 1295 2481 se
1323 2437 1562 2481 consessus
1600 2437 1787 2495 punitus
1812 2445 1854 2476 30

164 2518 251 2558 est.
327 2510 456 2555 breui
492 2509 806 2569 deindepost
852 2515 1059 2568 tempore
1103 2509 1344 2553 interiecto
1383 2508 1421 2551 is
1467 2508 1545 2566 qui
1592 2506 1789 2550 creditus

281 2650 305 2688 5
327 2632 474 2688 necin
496 2647 538 2687 B
558 2660 592 2686 s.
618 2649 644 2686 l.
707 2648 731 2686 5
755 2659 803 2686 or
825 2658 932 2710 pars
955 2645 1155 2697 imperat
1175 2644 1217 2683 B
1239 2646 1282 2683 in
1302 2657 1391 2683 ras.
1455 2645 1479 2682 9
1503 2643 1573 2682 his
1598 2642 1638 2681 B
1661 2653 1686 2686 ς
1740 2643 1793 2681 10

165 2705 451 2746 ortensiusB
497 2706 547 2743 12
567 2703 760 2743 acciane
782 2702 823 2742 B
858 2698 877 2755 Η
901 2702 1085 2741 absc-isa
1110 2700 1234 2740 PDE
1283 2702 1334 2739 14
1357 2699 1438 2738 DE
1465 2698 1791 2749 QVAESTIO-

163 2761 346 2802 NIBVS
370 2762 411 2801 B
433 2764 475 2801 in
496 2773 585 2800 ras,
667 2760 719 2799 16
743 2759 906 2811 quibus
929 2762 980 2797 ut
1001 2754 1056 2797 B'
1138 2758 1189 2796 18
1225 2755 1477 2796 alexander
1499 2755 1555 2806 B,
1579 2757 1658 2795 sed
1680 2767 1729 2794 er
1750 2757 1792 2794 in

163 2814 255 2859 ras.
276 2815 298 2872 Η
320 2818 482 2858 afanni
504 2817 546 2857 B
568 2830 681 2857 corr.
707 2829 728 2855 e
752 2815 908 2855 rafani
969 2816 1023 2854 20
1047 2814 1287 2854 admisisse
1312 2825 1359 2852 se
1383 2815 1438 2851 al.

281 2877 334 2915 25
366 2874 500 2928 graui
524 2869 717 2925 tributo]
743 2874 804 2912 sic
833 2873 934 2911 Vin
956 2884 1034 2923 my.
1117 2872 1170 2911 28
1202 2866 1690 2920 QVAESTIONIBVS
1714 2879 1794 2911 om.

173 2931 219 2971 V
237 2928 337 2982 (DE
362 2929 614 2971 IVDICIIS
640 2930 682 2971 S.
709 2929 821 2980 Mai)
1675 2948 1694 2963 ι

252 3014 360 3041 VAL.
382 3013 511 3054 mx„
1470 2993 1539 3045 25
