1936 3120
185 115 288 168 398
870 123 968 168 ΜΒ.
1009 96 1112 168 vm.

185 227 410 298 perinde
438 229 595 296 quasi
622 227 915 297 neglegens
942 229 1155 299 imperii
1181 231 1407 284 uictoris
1435 232 1794 288 obtruncatus

186 298 451 366 sanguine
481 315 576 348 suo
606 298 738 350 artis
768 318 897 350 suae
924 300 1242 353 liniamenta
1261 302 1525 355 confudit.
1577 322 1682 374 quo
1709 323 1793 358 ac-

185 367 318 419 cidit
344 375 404 418 ut
428 375 652 437 propter
677 369 821 420 idem
849 371 1092 422 studium
1128 371 1291 425 modo
1327 371 1624 426 donaretur
1658 375 1790 443 uita,

181 438 340 490 modo
369 437 714 506 spoliaretur.

138 528 158 560 5
289 508 336 560 8.
379 507 640 561 Socraten
679 510 842 562 etiam
881 519 1096 563 constat
1123 520 1302 564 aetate
1327 522 1648 582 prouectum
1674 513 1791 566 fidi-

179 578 281 630 bus
309 579 608 631 tractandis
637 599 853 650 operam
884 580 1012 632 dare
1039 583 1306 652 coepisse,
1342 583 1514 635 satius
1548 584 1792 641 iudican-

179 657 289 701 tem
315 649 430 701 eius
468 650 602 701 artis
636 669 795 702 usum
831 670 949 703 sero
987 670 1147 721 quam
1174 671 1466 723 numquam
1492 655 1791 725 percipere.

179 727 233 771 et
254 719 516 789 quantula
533 719 746 773 Socrati
766 722 1005 773 accessio
1037 721 1130 773 illa
1159 723 1346 774 futura
1376 724 1605 775 scientia
1634 726 1791 777 erat?

180 790 276 841 sed
303 791 562 859 peruicax
588 791 822 842 hominis
850 791 1122 844 industria
1159 794 1326 845 tantis
1354 793 1632 845 doctrinae
1660 814 1792 847 suae

116 881 154 912 10
179 859 386 912 diuitiis
424 861 588 913 etiam
625 862 866 914 musicae
901 863 1128 914 rationis
1173 863 1527 915 utilissimum
1563 863 1789 917 elemen-

177 939 420 982 mentum
457 932 717 983 accedere
752 932 962 995 uoluit:
1021 951 1148 1001 ergo
1191 933 1319 985 dum
1355 935 1423 986 ad
1470 933 1789 986 discendum

178 1019 391 1070 semper
417 1020 474 1052 se
501 1021 796 1072 pauperem
823 1002 1081 1070 credidit,
1120 1006 1190 1055 ad
1227 1003 1529 1056 docendum
1557 1005 1688 1057 fecit
1714 1004 1787 1058 lo-

177 1071 628 1141 cupletissimum.

283 1143 329 1196 9.
369 1145 553 1213 Atque
589 1152 650 1196 ut
686 1143 878 1211 longae
906 1154 959 1196 et
995 1143 1171 1196 felicis
1208 1143 1511 1196 industriae
1550 1145 1704 1215 quasi
1730 1145 1788 1196 in

114 1232 150 1263 15
174 1231 341 1263 unum
382 1231 635 1265 aceruum
671 1213 923 1283 exempla
956 1215 1300 1282 redigamus,
1338 1216 1608 1267 Isocrates
1635 1215 1786 1268 nobi-

173 1281 440 1335 lissimum
463 1284 679 1351 librum,
703 1286 795 1354 qui
818 1284 1258 1351 Παναθηναϊκός
1273 1285 1605 1350 inscribitur,
1628 1303 1786 1355 quar-

172 1360 287 1404 tum
315 1362 367 1405 et
393 1356 806 1422 nonagesimum
834 1373 1034 1405 annum
1061 1373 1249 1423 agens.
1286 1355 1365 1407 ita
1390 1363 1450 1407 ut
1475 1355 1593 1424 ipse
1620 1356 1784 1423 signi-

172 1423 330 1490 ficat,
370 1426 681 1494 conposuit,
721 1444 853 1494 opus
892 1425 1134 1476 ardentis
1164 1425 1389 1495 spiritus
1417 1425 1652 1494 plenum.
1715 1444 1784 1477 ex

174 1512 280 1564 quo
309 1505 537 1563 apparet
565 1495 971 1546 senescentibus
1000 1495 1255 1547 membris
1278 1494 1614 1547 eruditorum
1634 1496 1781 1547 intus

107 1583 149 1616 20
172 1564 382 1616 animos
409 1565 713 1617 industriae
740 1565 1003 1617 beneficio
1031 1565 1217 1617 florem
1251 1566 1507 1616 iuuentae
1532 1566 1782 1617 retinere.

171 1653 347 1705 neque
373 1636 474 1687 hoc
503 1635 629 1688 stilo
657 1637 913 1688 terminos
943 1635 1089 1687 uit-ae
1117 1654 1247 1686 suae
1274 1634 1469 1687 clausit
1487 1654 1518 1686 :t
1549 1652 1781 1706 namque

171 1705 547 1757 admirationis
578 1707 690 1757 eius
718 1706 955 1758 fructum
983 1705 1348 1776 quinquennio
1376 1706 1631 1775 percepit.

283 1777 359 1827 10.
404 1775 685 1829 Citerioris
715 1778 911 1828 aetatis
939 1786 1129 1842 metas,
1160 1776 1256 1828 sed
1281 1795 1388 1828 non
1414 1777 1573 1846 parui
1597 1783 1781 1828 tamen

53 1915 143 1949 Par.
170 1922 270 1951 nam
298 1916 436 1967 essct,
463 1915 671 1968 protecto
701 1908 906 1954 manibus
933 1909 1123 1969 puluere
1152 1907 1286 1953 ‘noli'
1316 1910 1463 1968 inquit
1490 1906 1597 1953 ‘hoc
1614 1908 1780 1953 distur-

108 1987 148 2019 25
172 1978 317 2023 bare’:
369 1994 418 2024 ac
446 1980 630 2038 perinde
659 1981 787 2040 quasi
825 1979 1076 2039 neglegens
1103 1979 1343 2039 imperium
1370 1979 1559 2024 uictoris
1586 1980 1779 2024 interro-

172 2051 323 2108 gantis
351 2050 650 2095 obtruncatus
678 2057 761 2094 est.
813 2052 852 2094 8.
883 2050 1098 2095 Socraten
1129 2055 1309 2094 constat
1335 2055 1481 2093 aetate
1509 2054 1777 2108 prouectum

168 2118 337 2180 fidibus
370 2120 614 2165 tractandis
650 2134 831 2180 operam
866 2120 1066 2169 dedisse,
1104 2121 1248 2164 satius
1284 2133 1384 2163 esse
1420 2119 1642 2163 dicentem
1679 2119 1776 2163 eius

168 2191 277 2234 artis
306 2203 437 2234 usum
465 2191 540 2234 uel
567 2204 669 2235 sero
710 2204 840 2250 quam
879 2203 1123 2249 numquam
1153 2190 1402 2248 percipere.
1477 2190 1517 2233 9.
1553 2187 1775 2233 Isocrates

167 2259 499 2306 nobilissimum
529 2260 706 2311 librum,
737 2261 814 2319 qui
832 2254 1233 2317 Παναθήναι’κός
1259 2258 1537 2309 inscribitur,
1565 2263 1774 2318 quartum

105 2342 146 2373 30
171 2338 214 2375 et
243 2333 619 2390 nonagensimum
650 2345 789 2391 agens
817 2345 998 2381 annum,
1026 2331 1085 2375 ita
1115 2337 1165 2374 nt
1191 2331 1289 2389 ipsc
1309 2328 1548 2389 significat,
1576 2330 1775 2388 scripsit.

168 2404 233 2446 10.
276 2401 551 2461 Chrysippus
581 2403 896 2461 octogensimo
925 2415 1041 2446 anno
1079 2402 1308 2460 inceptum
1339 2414 1453 2459 opus
1480 2399 1666 2459 reliquit
1695 2413 1775 2443 un-

281 2530 301 2564 1
328 2526 566 2577 imperium
589 2525 782 2565 uictoris
806 2525 1136 2577 interrogantis
1164 2525 1199 2562 P
1274 2525 1298 2562 2
1323 2526 1448 2562 artus
1470 2515 1545 2562 B'
1587 2523 1610 2562 7
1632 2533 1772 2560 nunc-

166 2595 298 2633 quam
322 2575 375 2621 B'
463 2583 488 2622 8
532 2582 728 2621 socratis
751 2574 806 2620 B'
846 2578 864 2635 [Ι
905 2581 1102 2620 scientia
1123 2580 1212 2620 ΒΓ
1227 2594 1263 2618 m
1275 2594 1288 2619 :
1321 2580 1543 2631 scienti—ae
1566 2577 1590 2617 b
1611 2584 1654 2616 et
1674 2578 1769 2617 edd.

166 2641 217 2677 10
239 2638 531 2677 utilissimum
554 2639 650 2677 edd.
676 2643 801 2678 uett..·
833 2638 1104 2676 uilissimum
1130 2637 1171 2675 B
1250 2638 1297 2675 11
1326 2635 1493 2675 accede
1514 2629 1572 2673 B'
1631 2635 1680 2672 12
1703 2633 1767 2672 fe-

166 2694 227 2733 cit
250 2707 296 2732 se
321 2696 390 2739 al„
414 2708 468 2733 an
493 2707 541 2734 se
564 2694 707 2733 fecit?
789 2695 840 2733 15
862 2693 1122 2733 hisce-rates
1145 2692 1186 2731 B
1248 2694 1299 2732 17
1322 2686 1770 2732 ΠΑΝΕΓΤΡΙΚΟ-

164 2749 493 2790 ΠΗΝΑΚΟΣ
511 2750 551 2790 Β
576 2752 617 2789 in
639 2763 726 2789 ras.
753 2755 795 2789 et
813 2751 970 2801 partim
992 2755 1123 2789 extra
1143 2761 1307 2788 uersum
1360 2750 1409 2788 17
1432 2745 1524 2786 XO.
1548 2743 1604 2794 B,
1627 2757 1768 2784 nona-

163 2806 417 2859 gensimum
440 2808 480 2845 P
555 2808 609 2846 20
631 2807 865 2845 iuuent***
888 2808 1146 2854 (iuuentute
1157 2804 1196 2856 ?)
1219 2798 1273 2843 B‘
1333 2806 1382 2843 21
1408 2804 1492 2842 hoc
1515 2802 1643 2840 dett..·
1680 2813 1706 2839 a
1727 2801 1769 2839 B

161 2877 202 2902 m
224 2875 329 2958 ΜΞᾸ
351 2919 558 2970 proiecto
589 2920 630 2957 V
685 2920 738 2958 29
761 2917 1131 2969 panathenaikos
1161 2918 1205 2956 V
1265 2917 1315 2957 31
1339 2913 1560 2965 relinquit
1589 2905 1645 2951 V'

1414 29 1421 31 „
1450 13 1490 32 ⁷0⁴„-
1555 24 1567 31 ff
1637 23 1641 27 .
1659 19 1666 29 ,μ
1683 16 1724 37 i
1743 16 1745 20 ,
1769 15 1831 30 1-1.
1847 22 1863 35 *a
1901 18 1911 24 ,,

1415 34 1442 43 *²
1471 44 1473 46 ·
1494 31 1495 35 ¹
1514 35 1592 59 ris-'t
1611 31 1679 60 '⁴23
1710 33 1808 61 Ριᾷἶῖψ
1882 36 1890 45 ”

1587 58 1638 89 aeN
1695 76 1697 78 -
1910 85 1917 103 t

1923 112 1927 120 f
