1878 3132
200 129 271 179 40
915 132 1010 174 Lm.
1052 132 1077 174 Ι.

270 242 356 292 ’3.
419 240 602 307 Longe
652 237 1018 305 indulgentius
1064 237 1140 288 dii
1191 238 1247 288 in
1295 244 1458 306 poeta
1499 237 1798 303 Simonide,

202 310 352 362 cuius
381 308 667 360 salutarem
695 309 837 358 inter
862 308 1099 377 quietem
1135 307 1561 360 admonitionem
1587 307 1801 361 consilii

202 380 456 431 firmitate
494 379 835 430 roborarunt.
906 377 959 428 Is
998 377 1142 428 enim
1177 395 1300 429 cum
1335 376 1406 428 ad
1439 377 1568 430 litus
1606 397 1798 431 nauem

202 447 500 518 appulisset
539 446 986 517 inhumatumque
1027 465 1219 516 corpus
1264 447 1445 499 iacens
1491 448 1800 518 sepulturae

159 542 180 573 5
203 518 542 583 mandasset,
572 518 879 569 admonitus
908 517 976 569 ab
1005 536 1067 569 eo
1094 535 1161 568 ne
1186 518 1436 587 proximo
1465 517 1551 570 die
1579 519 1799 587 nauiga-

200 596 307 655 rct,
345 589 401 639 in
429 596 572 639 terra
598 588 876 639 remansit.
948 587 1038 656 qui
1067 586 1191 638 inde
1220 585 1518 654 soluerant,
1546 587 1799 642 fluctibus

199 667 251 710 et
277 657 525 727 procellis
554 659 609 708 in
635 666 927 726 conspectu
954 658 1067 708 eius
1095 657 1277 709 obruti
1303 664 1451 709 sunt:
1493 658 1610 727 ipse
1636 659 1799 710 laeta—

199 738 284 780 tus
322 736 404 780 est
430 729 572 798 quod
598 729 767 779 uitam
795 746 948 777 suam
978 727 1186 782 somnio
1226 745 1388 797 quam
1413 729 1543 778 naui
1578 727 1800 779 credere

199 797 495 849 maluisset.
550 815 754 849 memor
780 806 958 849 autem
982 796 1231 850 beneficii
1258 796 1336 849 ele
1379 797 1664 850 antissimo
1686 814 1799 849 car—

136 891 176 922 io
200 869 342 919 mine
369 868 676 919 aeternitati
704 869 1059 933 consecrauit,
1087 866 1280 919 melius
1308 865 1346 917 il
1370 867 1388 917 i
1415 874 1467 918 et
1493 866 1799 919 diuturnius

198 939 253 988 in
289 938 483 988 animis
520 937 798 990 hominum
834 936 1143 1007 sepulcrum
1178 938 1509 989 constituens
1546 955 1707 1008 quam
1742 939 1800 988 in

198 1007 426 1059 desertis
455 1018 507 1059 et
534 1009 733 1076 ignotis
761 1006 975 1067 harenis
1005 1015 1294 1060 struxerat.

302 1078 351 1128 4.
384 1078 600 1129 Efficax
627 1086 678 1129 et
703 1076 797 1127 illa
825 1078 1024 1147 quietis
1052 1078 1250 1145 imagO,
1280 1095 1417 1146 quae
1438 1076 1626 1130 Croesi
1653 1079 1798 1145 regis

198 1148 437 1198 animum
483 1149 718 1199 maximo
756 1148 906 1217 prius
943 1156 1114 1212 metu,
1169 1146 1365 1199 deinde
1414 1147 1580 1199 etiam
1617 1145 1800 1200 dolore

136 1240 175 1272 15
199 1217 446 1269 confecit.
506 1236 631 1268 nam
668 1238 694 1269 e
734 1218 945 1269 duobus
983 1217 1108 1268 filiis
1150 1225 1203 1269 et
1240 1217 1424 1286 ingeni
1462 1215 1708 1285 agilitate
1746 1226 1800 1269 et

198 1289 436 1356 corporis
475 1287 694 1340 dotibus
740 1289 1193 1357 praestantiorem
1237 1287 1557 1357 imperiique
1594 1305 1800 1340 succes-

198 1357 334 1408 sioni
356 1358 682 1410 destinatum
708 1359 860 1427 Atyn
887 1358 1225 1410 existimauit
1245 1356 1387 1410 ferro
1410 1357 1517 1410 sibi
1537 1365 1799 1426 ereptum.

197 1427 376 1496 itaque
428 1427 691 1498 quidquid
740 1428 810 1479 ad
871 1427 1185 1480 euitandam
1235 1427 1582 1480 denuntiatae
1631 1426 1800 1478 cladis

197 1497 546 1549 acerbitatem
591 1499 920 1567 pertinebat,
972 1497 1121 1549 nulla
1157 1516 1226 1549 ex
1269 1505 1422 1567 parte
1457 1498 1638 1567 patria
1673 1514 1801 1548 cura

135 1590 176 1620 2⁷0
198 1568 431 1618 cessauit
468 1578 727 1621 auertere.
806 1567 994 1620 solitus
1034 1576 1149 1620 erat
1188 1568 1399 1618 iuuenis
1437 1567 1507 1618 ad
1542 1566 1686 1619 bella
1711 1584 1800 1634 ge-

197 1635 366 1687 renda
394 1639 552 1704 mitti,
582 1638 730 1690 domi
757 1646 998 1690 retentus
1027 1646 1134 1690 est:
1177 1637 1415 1689 habebat
1442 1645 1800 1688 armamenta-

198 1707 338 1756 rium
378 1709 548 1758 omnis
576 1710 788 1776 generis
817 1706 1046 1760 telorum
1074 1708 1229 1777 copia
1255 1707 1538 1771 refertum,
1577 1706 1635 1758 id
1672 1725 1799 1776 quo-

197 1795 298 1845 que
319 1779 558 1829 amoueri
578 1780 764 1831 iussit:
795 1777 977 1847 gladio
1001 1779 1191 1830 cinctis
1216 1777 1505 1830 comitibus
1526 1776 1799 1841 utebatur,

195 1847 352 1898 uetiti
390 1856 515 1899 sunt
550 1850 771 1918 propius
809 1848 1085 1900 accedere.
1146 1847 1439 1899 necessitas
1469 1855 1650 1898 tamen
1687 1846 1800 1897 adi·

138 1938 178 1968 25
200 1924 313 1966 tum
347 1916 515 1969 luctui
553 1918 718 1970 dedit.
795 1937 918 1970 cum
955 1919 1098 1970 enim
1135 1918 1370 1986 ingentis
1407 1916 1799 1984 magnitudinis
1843 1978 1847 1987 ὲ

199 2004 328 2054 aper
373 1986 594 2057 Olympi
645 1990 843 2040 montis
896 1987 1040 2041 culta
1066 1987 1277 2040 ‘crebra
1327 2005 1452 2039 cum
1501 1986 1801 2054 agrestium

86 2089 176 2122 Par.
202 2091 431 2147 cognouit.
491 2098 586 2135 erat
622 2099 767 2154 autem
796 2093 1019 2152 Antipatri
1058 2091 1176 2137 filius
1204 2090 1475 2145 Cassander,
1517 2091 1700 2150 ignotus
1727 2089 1800 2134 ad-

199 2157 285 2202 huc
307 2159 570 2205 Alexandro.
622 2164 660 2205 3.
690 2162 939 2208 Simonides
968 2177 1068 2208 cum
1097 2162 1148 2207 ad
1171 2161 1279 2206 litus
1307 2161 1525 2219 nauigans
1551 2159 1801 2219 appulisset

199 2227 565 2290 inhumatumque
603 2245 769 2291 corpus
807 2233 953 2277 iacens
991 2233 1253 2292 sepulturae
1279 2230 1502 2281 dedisset,
1546 2229 1801 2274 admonitus

135 2301 175 2333 30
199 2304 267 2342 est
294 2298 348 2342 ab
385 2312 436 2344 eo
465 2314 519 2344 ne
546 2301 747 2359 proximo
776 2302 846 2347 die
875 2303 1134 2361 nauigaret:
1173 2301 1372 2348 suturam
1408 2301 1524 2345 enim
1562 2305 1802 2359 tempesta·

199 2373 314 2418 tem,
358 2369 477 2427 quod
514 2377 559 2415 et
596 2372 768 2416 accidit.
847 2377 887 2417 4.
940 2373 1133 2418 Croesus
1170 2387 1270 2418 cum
1296 2372 1410 2416 duos
1447 2370 1562 2416 {ilios
1599 2369 1800 2418 haberet,

199 2437 324 2482 uisus
362 2445 432 2482 est
476 2439 521 2483 in
549 2441 718 2485 somnis
745 2444 860 2501 Atyn
900 2442 1036 2487 filium
1075 2443 1195 2487 ferro
1232 2441 1317 2487 sibi
1353 2447 1573 2500 ereptum.
1648 2440 1800 2498 itaque

199 2520 297 2552 cum
326 2507 586 2554 adseruaret
613 2510 832 2562 iuuenem,
861 2514 1019 2557 accidit
1046 2520 1095 2557 ut
1123 2513 1320 2572 ingentis
1347 2510 1668 2571 magnitudinis
1695 2522 1803 2568 aper

201 2575 373 2636 Olympi
409 2581 576 2624 montis
617 2581 736 2625 culta
772 2582 929 2627 crebra
966 2597 1067 2627 cum
1104 2583 1353 2642 agrestium
1397 2587 1548 2640 strage
1584 2584 1799 2646 uastaret.

311 2686 335 2723 9
365 2689 629 2726 memoriam
663 2689 818 2728 Gndizcs
847 2686 866 2743 Η
897 2703 997 2729 eum
1029 2691 1228 2731 carmine
1251 2692 1317 2730 ed.
1343 2689 1527 2740 Gryplz„
1557 2689 1638 2727 sed
1658 2682 1802 2739 po‘tius

199 2738 245 2778 id
273 2742 525 2790 eoyiccctione
554 2746 829 2794 supplendum
858 2752 921 2785 est
1002 2748 1050 2786 11
1091 2745 1410 2798 saepulchrum
1440 2743 1481 2783 B
1520 2743 1549 2783 h
1587 2748 1801 2794 expuncta

202 2794 253 2835 15
283 2795 457 2846 ingenti
488 2797 548 2842 B,
582 2812 654 2837 em.
679 2799 717 2840 I.
741 2801 815 2839 Fr.
844 2801 972 2842 Gron.
1037 2804 1085 2842 17
1119 2805 1229 2852 atyn
1255 2802 1314 2840 P.-
1347 2803 1469 2851 atym
1491 2798 1532 2838 B
1593 2800 1643 2840 18
1675 2798 1802 2850 quic-

201 2849 308 2902 quid
331 2850 387 2890 ad
410 2852 674 2892 euitandam
697 2855 736 2893 B
798 2857 849 2895 19
873 2858 1178 2896 aceruitatem
1199 2851 1255 2896 B'
1275 2861 1319 2896 ut
1336 2856 1431 2907 fere
1452 2867 1618 2906 semper

312 2908 364 2946 32
388 2919 505 2959 acyn
534 2902 586 2947 V'
645 2912 696 2949 33
722 2909 1015 2952 adseueraret
1044 2906 1099 2950 V'
