1878 3132
565 116 684 178 CAP.
711 131 818 182 vm,
846 131 876 190 g
903 132 1044 175 5-7.
1081 130 1151 182 lx,
1179 130 1208 189 g
1231 132 1269 175 1.
1660 123 1730 176 99

106 243 324 314 gladios
350 242 410 293 in
434 248 618 294 castra
642 238 871 302 rettulit.
921 237 985 290 L.
1006 237 1184 291 Cinna
1210 246 1265 290 et
1284 236 1345 290 C.
1366 237 1574 290 Marius
1600 238 1732 290 hau-

109 322 295 368 serant
340 312 561 384 quidem
606 310 759 362 auidi
805 307 1023 361 ciuilem
1071 308 1422 378 sanguinem,
1475 309 1575 361 sed
1621 327 1733 362 non

80 385 359 456 protinus
386 382 458 435 ad
482 381 594 434 tem
634 380 688 432 13
714 380 942 433 deorum
969 388 1024 432 et
1050 398 1174 441 aras
1203 379 1570 433 tetenderunt.
1620 380 1735 431 iam

109 457 172 509 L.
211 454 390 520 Sulla,
439 454 534 524 qui
567 471 604 523 p
627 452 807 503 urima
849 449 997 503 bella
1033 451 1219 503 ciuilia
1261 450 1524 517 confecit,
1577 451 1734 504 cuius

104 524 481 580 crudelissimi
506 531 561 576 et
584 521 1000 575 insolentissimi
1027 539 1313 574 successus
1342 522 1581 589 fuerunt,
1609 540 1734 575 cum
1755 541 1777 574 5

109 603 485 650 consummata
504 602 666 664 atque
688 593 990 647 constricta
1008 593 1257 662 potentia
1279 612 1377 645 sua
1398 593 1737 664 triumphum

111 668 360 733 duceret,
396 674 459 718 ut
484 665 750 719 Graeciae
788 671 841 716 et
875 665 1045 716 Asiae
1081 662 1280 716 multas
1319 665 1485 717 urbes
1497 705 1511 730 ,
1548 665 1627 717 113
1663 664 1736 716 ci-

109 740 261 791 uium
286 738 660 791 Romanorum
686 733 895 787 nullum
931 734 1196 804 oppidum
1221 735 1395 787 uexit.
1447 736 1599 805 piget
1624 745 1736 788 tae-

113 810 314 880 detque
352 826 452 879 per
486 806 718 859 uulnera
753 806 832 858 rei
867 806 1120 876 publicae
1154 805 1385 859 ulterius
1423 808 1738 877 procedere.

112 880 358 933 lauream
402 896 503 931 nec
542 886 762 930 senatus
809 877 1064 946 cuiquam
1101 876 1256 929 dedit
1298 896 1401 930 nec
1448 878 1738 949 quisquam
1762 898 1804 929 ιο

113 951 220 1004 sibi
248 950 370 1003 dari
397 948 735 1001 desiderauit
761 947 1003 1000 ciuitatis
1030 956 1187 1017 parte
1212 947 1553 1002 lacrimante.
1599 957 1738 1002 cete-

113 1040 236 1074 rum
272 1020 344 1073 ad
370 1036 629 1090 quercum
655 1035 862 1089 pronae
888 1037 1083 1070 manus
1119 1019 1502 1089 porriguntur,
1542 1020 1640 1073 ubi
1669 1021 1739 1072 ob

92 1093 260 1145 'ciues
298 1099 546 1143 seruatos
582 1107 786 1143 corona
824 1088 1009 1140 danda
1045 1098 1143 1142 est.
1211 1108 1320 1160 qua
1345 1099 1531 1161 postes
1570 1109 1740 1161 augu-

115 1172 232 1216 stae
258 1162 452 1215 domus
480 1160 816 1231 sempiterna
840 1159 1017 1229 gloria
1041 1160 1403 1231 triumphant.

501 1301 607 1354 IX.
657 1305 755 1375 ρΕ
791 1303 1128 1353 CENSORIA
1164 1305 1254 1354 ΝΟ
1262 1305 1361 1355 ΤΑ.
1765 1321 1807 1354 15

223 1402 534 1456 Castrensis
570 1401 709 1453 disci
751 1399 897 1452 linae
923 1401 1338 1453 tenacissimum
1372 1401 1653 1454 uinculum
1689 1412 1743 1455 et

116 1473 369 1527 militaris
403 1471 635 1526 rationis
666 1420 899 1541 dilligens
940 1471 1252 1525 obseruatio
1288 1472 1546 1526 admonet
1570 1492 1658 1527 me
1683 1483 1744 1525 ut

118 1545 189 1598 ad
223 1562 532 1609 censuram,
570 1544 722 1614 pacis
750 1542 1072 1611 magistram
1107 1542 1527 1614 custodemque,
1565 1553 1744 1597 trans-

118 1614 354 1685 grediar.
412 1633 541 1666 nam
565 1621 628 1666 ut
664 1632 794 1684 opes
821 1612 1010 1684 populi
1036 1614 1272 1666 Romani
1299 1615 1356 1666 in
1381 1624 1596 1668 tantum
1633 1635 1743 1668 am-

119 1685 406 1757 plitudinis
451 1685 842 1755 imperatorum
879 1685 1182 1738 uirtutibus
1227 1695 1611 1750 excesserunt,
1665 1687 1744 1740 ita
1767 1705 1811 1737 20

119 1755 368 1827 probitas
396 1763 451 1808 et
469 1755 806 1807 continentia
833 1756 1080 1808 censorio
1109 1755 1401 1826 supercilio
1429 1758 1746 1808 examinata

60 1833 62 1837 ’
122 1835 205 1880 631
248 1844 383 1896 οΡ113
431 1825 626 1878 effectu
666 1843 768 1895 par
809 1823 1023 1877 bellicis
1069 1825 1344 1878 laudibus.
1421 1827 1554 1897 quid
1599 1827 1746 1879 enim

120 1896 346 1969 prodest
381 1895 516 1949 foris
555 1914 674 1948 esse
710 1903 1020 1960 strenuum,
1059 1897 1106 1947 si
1134 1896 1284 1950 domi
1319 1897 1462 1950 male
1497 1897 1745 1950 uiuitur?

123 1975 506 2038 expugnentur
529 1965 658 2019 licet
682 1966 871 2030 urbeS,
909 1966 1274 2037 corripiantur
1298 1977 1520 2037 genteS,
1559 1970 1745 2038 regnis

122 2057 315 2091 manus
342 2037 659 2102 iniciantur,
697 2037 806 2088 nisi
833 2037 955 2090 foro
985 2046 1039 2089 61
1066 2038 1251 2091 curiae
1288 2038 1535 2092 officium
1563 2057 1627 2092 ac
1652 2059 1741 2092 ue-
1766 2057 1811 2090 25

121 2109 384 2163 recundia
421 2126 519 2160 sua
555 2107 885 2166 constiterit,
923 2118 1210 2177 partarum
1249 2128 1431 2162 rerum
1468 2110 1618 2164 caelo
1656 2129 1746 2163 cu-

122 2180 301 2232 mulus
327 2187 591 2249 aequatus
621 2178 808 2231 sedem
836 2179 1089 2232 stabilem
1116 2199 1226 2233 non
1250 2180 1496 2234 habebit.
1535 2181 1607 2233 ad
1632 2200 1747 2234 rem

32 2301 38 2310 ε
123 2251 292 2320 igitur
323 2250 562 2320 pertinet
594 2268 757 2303 nosse
794 2258 956 2320 atque
992 2250 1131 2304 adeo
1157 2252 1437 2305 recordari
1474 2261 1599 2305 acta
1625 2270 1746 2305 cen—

99 2322 302 2385 ,soriae
327 2321 640 2391 potestatis,

12 2400 26 2408 “
99 2398 105 2402 “
233 2393 280 2443 1.
331 2390 594 2443 Camillus
630 2398 683 2442 et
717 2390 1033 2444 Postumius
1080 2410 1334 2444 censores
1376 2411 1506 2444 aera
1539 2411 1747 2463 poenae
1770 2411 1812 2444 30

126 2461 347 2513 nomine
372 2478 489 2526 603,
518 2461 612 2531 qui
637 2462 707 2513 ad
733 2470 1072 2515 senectutem
1099 2463 1335 2517 caelibes
1363 2473 1745 2533 peruenerant,

30 2650 40 2677 ,-
233 2609 273 2652 1.
312 2605 408 2651 DE
446 2605 774 2652 CENSORIA
812 2607 1001 2653 NOTA.
1048 2609 1262 2654 Camillus
1290 2614 1335 2652 et
1354 2609 1616 2654 Postumius
1643 2622 1746 2655 cen-
1770 2620 1863 2656 Par.

129 2691 259 2723 sores
294 2690 398 2723 aera
435 2690 610 2737 poenae
647 2678 831 2723 nomine
867 2690 972 2730 eos,
1023 2680 1099 2738 qui
1138 2679 1194 2724 ad
1228 2684 1511 2724 senectutem
1552 2679 1748 2726 caelibes

243 2830 269 2870 8
289 2828 433 2869 ullum
455 2821 511 2868 B'
573 2830 626 2870 16
649 2831 694 2869 et
714 2830 810 2871 incl.
834 2827 1015 2881 Kempf,
1039 2835 1144 2872 atu.
1168 2829 1376 2871 Foertsch
1397 2831 1467 2878 II,
1490 2834 1544 2871 10
1604 2833 1656 2871 22
1680 2826 1751 2871 est

16 2875 74 2931 ἢ
132 2895 244 2936 opus
265 2884 476 2938 Stanyer:
510 2889 604 2936 est,
638 2898 751 2938 opus
772 2887 841 2925 uel
861 2887 944 2925 est.
988 2883 1114 2939 Opus
1135 2887 1234 2929 edd.
1254 2884 1276 2941 11
1303 2887 1490 2929 becillis
1512 2887 1567 2936 B,
1590 2888 1746 2944 ‘imbe-

132 2939 252 2980 cillis
272 2941 296 2981 b
354 2942 410 2982 26
431 2941 652 2983 cons**rit
671 2935 726 2981 B'
785 2942 840 2983 28
860 2939 964 2983 ideo
986 2941 1010 2983 h

51 3008 54 3011 ,
1418 3012 1448 3062 7
1464 3014 1492 3044 ‚3
