1878 3132
62 32 229 69 ’'*r,--.-:‡-·lh'⁴
266 46 318 59 “vv

561 109 680 154 CAP.
710 108 823 159 vm,
866 83 958 153 Ext.
989 107 1017 165 g
1047 108 1242 150 12—19.
1639 99 1707 151 57

87 218 296 288 ingenii
330 218 575 270 florentis
611 225 707 268 aut
742 217 799 267 in
834 216 969 268 uiris
1000 213 1384 267 eruditissimis
1413 221 1507 265 aut
1532 212 1590 263 in
1615 211 1707 263 ho-

86 290 240 341 mine
279 289 443 342 sortis
490 288 738 356 ignotae,
789 305 857 338 ne
894 287 1015 356 ipsa
1055 284 1275 355 quidem
1320 284 1495 337 omnis
1531 283 1707 336 bonae

89 358 370 430 malaeque
397 357 657 410 materiae
683 356 918 417 fecu'nda
955 356 1159 408 artifex
1191 356 1487 420 rationem,
1524 372 1708 405 rerum

89 438 301 497 natura,
342 428 661 494 reddiderit,
691 447 798 480 non
819 428 994 496 magis
1018 445 1182 497 quam
1210 426 1301 496 qui
1326 427 1403 478 ita
1425 424 1704 478 siluestres

89 518 315 571 capreas
344 498 538 552 Cretae
572 499 788 567 genitas
825 506 1108 568 tantopere
1141 497 1421 563 dilexerit,
1460 514 1594 566 quas
1623 513 1705 546 sa·
1731 510 1749 541 s»

85 571 243 640 gittis
273 570 517 623 confixas
545 569 616 620 ad
644 569 882 622 salutare
916 567 1184 620 auxilium
1212 568 1414 619 herbae
1443 566 1706 619 dictamni

86 650 302 694 tantum
328 658 438 692 non
463 641 576 691 suis
604 639 856 693 manibus
896 639 1145 705 deducit,
1184 638 1462 708 efficitque
1492 645 1554 689 ut
1581 655 1705 689 con-

86 719 244 782 cepta
280 730 344 763 ea
379 711 636 763 continuo
674 718 728 762 et
763 710 872 763 tela
908 718 960 762 et
992 710 1107 761 uim
1150 709 1348 761 ueneni
1382 707 1705 764 uulneribus

85 789 370 852 respuant:
394 790 487 834 aut
507 782 563 832 in
584 780 916 851 Cephalenia
936 781 1133 846 insula,
1156 799 1277 832 cum
1302 780 1481 832 omnia
1503 779 1706 848 ubique

86 869 284 923 pecora
318 851 520 903 haustu
556 870 728 922 aquae
762 852 960 904 cotidie
988 860 1326 917 recreentur,
1365 868 1555 920 capras
1595 867 1721 899 ma·-

86 925 201 975 iore
238 942 307 975 ex
340 932 496 992 parte
540 923 670 974 anni
714 941 806 974 ore
846 931 1037 992 aperto
1077 941 1146 974 ex
1182 923 1290 973 alto
1334 930 1526 973 uentos
1571 919 1705 971 reci-

86 994 300 1064 pientes
329 994 477 1044 sitim
499 1012 652 1044 suam
675 993 865 1045 sedare
892 993 1219 1046 instituerit:
1252 1001 1345 1045 aut
1371 998 1706 1062 quapropter

88 1064 360 1116 Crotonae
396 1064 453 1114 in
487 1063 688 1133 templo
725 1064 949 1116 Iunonis
993 1064 1256 1115 Laciniae
1298 1082 1449 1114 aram
1486 1061 1558 1114 ad
1594 1079 1704 1114 om—

86 1153 182 1186 nes
217 1141 411 1187 uentos
448 1134 701 1186 inmobili
727 1135 906 1186 cinere
935 1134 1246 1187 donauerit:
1287 1134 1704 1204 potissimumue

85 1223 253 1275 quare
281 1204 512 1256 alteram
538 1203 966 1271 in,Macedonia,
1006 1205 1236 1257 alteram
1262 1224 1319 1257 m
1345 1197 1544 1256 Caleno
1573 1219 1704 1271 agro
1762 1228 1769 1246 ›

84 1294 285 1346 aquam
318 1275 712 1345 proprietatem
747 1276 890 1342 uini,
931 1295 1038 1345 qua
1069 1275 1317 1328 homines
1345 1274 1704 1337 inebrientur,

83 1345 367 1416 possidere
379 1345 631 1398 uoluerit.
660 1365 772 1399 non
792 1347 1156 1399 admiratione
1178 1347 1301 1410 ista,
1330 1344 1426 1397 sed
1441 1344 1705 1397 memoria

84 1433 244 1486 prose
285 1417 342 1468 ui
377 1417 666 1483 debemus,
719 1436 843 1469 cum
881 1418 1116 1469 sciamus
1153 1426 1302 1468 recte
1339 1416 1408 1468 ab
1446 1434 1509 1467 ea
1538 1414 1704 1485 pluri-

84 1504 235 1538 mum
281 1487 513 1540 icentiae
538 1487 826 1554 uindicari,
855 1507 1022 1558 penes
1044 1507 1207 1558 quam
1234 1487 1479 1538 infinitus
1508 1494 1704 1538 cuncta

11 1578 18 1584 ·
87 1557 348 1626 gignendi
374 1557 532 1611 labor
557 1558 825 1610 consistit.

195 1655 277 1707 19.
306 1655 460 1721 Quae
482 1657 610 1727 quia
631 1676 797 1726 supra
816 1658 1076 1710 usitatam
1097 1658 1364 1709 rationem
1382 1655 1706 1708 excedentia

86 1725 392 1794 attigimus,
433 1728 702 1795 serpentis
737 1746 951 1798 quoque
979 1746 1010 1778 a
1038 1728 1104 1778 T.
1130 1727 1292 1780 Liuio
1321 1728 1534 1778 curiose
1561 1726 1703 1795 pari-

86 1803 170 1846 ter
203 1814 266 1846 ac
300 1795 532 1847 facunde
575 1796 781 1848 relatae
822 1797 920 1849 fiat
964 1799 1188 1849 mentio.
1251 1798 1298 1847 is
1337 1798 1482 1848 enim
1526 1798 1603 1847 ait
1648 1797 1703 1845 in

86 1865 281 1917 Africa
316 1865 463 1935 apud
498 1866 810 1935 Bagradam
845 1866 1047 1918 fiumen
1085 1875 1271 1918 tantae
1302 1866 1702 1935 magnitudinis

83 1935 284 2001 fuisse,
323 1944 383 1987 ut
417 1936 575 1988 Atilii
611 1935 807 2004 Reguli
847 1937 1148 1988 exercitum
1185 1956 1287 1988 usu
1317 1956 1494 1988 amnis
1521 1936 1700 2005 prolii-

84 2005 255 2071 beret,
284 2005 578 2075 multisque
605 2007 870 2059 militibus
897 2008 1108 2076 ingenti
1136 2025 1226 2059 ore
1254 2008 1540 2076 correptiS,
1580 2024 1702 2058 con-

84 2075 332 2146 pluribus
361 2077 570 2129 caudae
595 2077 968 2130 uoluminibus
998 2078 1174 2143 elisis,
1214 2097 1336 2129 cum
1368 2078 1601 2131 telorum
1627 2078 1702 2128 ia—

85 2154 175 2198 ctu
201 2146 473 2216 perforari
498 2149 773 2218 nequiret,
811 2147 883 2200 ad
918 2148 1171 2217 ultimum
1208 2149 1556 2201 ballistarum
1594 2156 1702 2200 tor-

84 2218 284 2269 mentis
303 2216 543 2287 undique
564 2219 812 2287 petitam,
841 2219 1054 2271 silicum
1080 2219 1285 2271 crebris
1309 2227 1362 2271 et
1381 2220 1701 2288 ponderosis

68 2286 809 2357 ‘uerberibusprocubuisse,
839 2290 1198 2359 omnibusque
1225 2299 1278 2341 et
1303 2290 1620 2342 cohortibus
1648 2297 1702 2341 et

201 2458 223 2496 1
245 2457 560 2497 florentissimi
583 2460 768 2512 Stangyer
827 2462 854 2499 4
875 2460 1139 2500 reddiderat
1161 2454 1216 2501 B'
1237 2458 1255 2513 Η
1278 2462 1386 2511 quid
1408 2463 1474 2501 ita
1498 2463 1600 2501 dett.
1625 2464 1700 2500 ali-

88 2516 201 2564 quot,
224 2513 316 2563 ipse
338 2515 472 2552 malim
496 2514 604 2564 quid
664 2519 688 2555 6
713 2516 912 2556 confixat
929 2511 983 2556 B'
1005 2514 1023 2570 Η
1044 2517 1219 2556 dictani
1238 2512 1292 2556 B'
1353 2521 1378 2558 9
1402 2522 1450 2556 ut
1469 2520 1515 2556 in
1534 2518 1699 2574 cepha-

11 2612 13 2614 ,
87 2568 217 2608 lania
239 2568 281 2607 B
343 2570 394 2608 10
411 2568 580 2608 haustu
599 2570 639 2609 B
663 2584 776 2612 corr.
799 2586 857 2612 eoe
880 2576 988 2612 autu
1010 2570 1030 2626 [j
1053 2585 1216 2624 capras
1234 2574 1490 2614 Torrenius:
1515 2587 1570 2613 ea
1593 2585 1700 2625 pars

86 2623 150 2672 B,
191 2625 252 2672 cf.
283 2624 439 2676 Nepot.
523 2627 575 2665 14
610 2626 828 2667 inmobile
859 2622 915 2667 B'
998 2629 1048 2668 15
1095 2629 1367 2669 macedonia
1394 2630 1435 2668 B
1516 2631 1568 2669 16
1608 2641 1699 2680 qua

1732 865 1770 894 10

1840 1626 1878 1687 t's⁴

1814 1687 1844 1728 f

1763 1729 1818 1812 V

1725 2309 1766 2338 :50

89 2677 228 2732 (aqua
256 2679 295 2731 b)
328 2681 608 2733 proprietate
639 2682 681 2721 B
741 2685 793 2722 22
830 2684 915 2723 tito
951 2683 1064 2724 libio
1098 2686 1325 2724 curiosen
1358 2686 1531 2737 pariter
1553 2699 1607 2725 ac
1632 2687 1698 2726 fe·
1767 2696 1769 2699 ·

14 2757 18 2759 -
59 2762 63 2763 ⁷
89 2735 235 2776 eunde
266 2737 414 2778 relata
446 2739 571 2786 <-tae
602 2738 743 2789 corr.)
775 2739 817 2778 B
896 2741 951 2778 24
981 2740 1188 2791 bagrada
1219 2742 1260 2780 B
1290 2739 1307 2795 Η
1336 2740 1695 2795 magnitudinis]

66 2793 187 2832 ¹add.
210 2792 252 2832 B
280 2806 358 2845 my.
393 2798 652 2846 serpentem
671 2827 680 2842 ‚
721 2797 796 2835 alii
825 2808 1020 2847 anguem
1049 2799 1268 2848 supplent,
1300 2801 1380 2838 sed
1406 2801 1575 2839 uidetur
1605 2812 1698 2839 ser—

0 2863 15 2904 '³3
87 2851 271 2899 pentem
311 2863 367 2890 ex
408 2852 637 2902 serpentis
679 2849 738 2901 (u.
766 2850 839 2902 22)
883 2854 1137 2904 eoyz'lczcz'one
1167 2857 1441 2906 repetendam
1472 2869 1565 2895 esse
1646 2858 1722 2894 25·

89 2903 221 2943 acilii
243 2905 285 2944 B
305 2903 323 2958 Η
344 2918 454 2944 usu*
477 2906 518 2945 B
