1878 3132
174 112 242 165 68
882 115 981 159 LlB.
1022 114 1071 159 11.

174 233 504 296 potestatem
543 222 767 274 redacta
812 220 1198 286 accenderant,
1252 239 1469 274 omnem
1518 220 1794 276 forensem

175 297 393 349 turbam
436 295 493 344 in
537 298 792 362 quattuor
844 290 1223 343 tantummodo
1274 291 1449 344 tribus
1502 291 1794 362 descripsit

177 383 376 435 easque
401 364 640 415 urbanas
670 359 985 432 appellauit.
1029 378 1133 432 quo
1162 369 1273 413 tam
1303 361 1510 415 salubri
1535 361 1682 416 facto
1707 362 1794 414 uir

177 435 419 505 alioquin
455 431 665 486 bellicis
705 431 961 502 operibus
999 430 1269 484 excellens
1297 432 1572 485 Maximus
1600 450 1793 502 cogno-

136 527 156 559 5
179 507 415 557 minatus
446 511 543 555 est.

282 602 387 655 III.
428 600 735 654 Laudanda
771 601 938 652 etiam
971 599 1159 671 populi
1193 601 1527 653 uerecundia
1554 608 1664 667 est,
1703 602 1795 671 qui

176 674 388 743 inpigre
432 691 489 723 se
526 670 806 724 laboribus
847 678 900 723 et
933 671 1190 741 periculis
1241 669 1467 724 militiae
1517 670 1793 724 offerendo

178 744 344 796 dabat
381 761 601 813 operam
637 759 704 793 ne
741 740 1166 811 imperatoribus
1196 741 1370 812 capite
1397 760 1589 795 censos
1617 759 1793 794 sacra-

176 821 354 866 mento
380 831 574 882 rogare
603 818 748 863 esset
773 830 1014 878 necesse,
1045 830 1276 882 quorum
1301 812 1471 864 nimia
1495 811 1681 882 inopia
1708 830 1794 863 su-

114 905 156 936 10
182 893 367 955 specta
394 891 527 949 erat,
564 882 795 952 ideoque
821 881 905 934 his
932 881 1154 953 publica
1180 900 1334 935 arma
1361 901 1471 935 non
1496 882 1794 935 committe-

177 956 327 1008 bant.
419 955 466 1005 1.
519 952 628 1006 Sed
670 952 811 1004 hano
857 952 1070 1005 diutina
1117 953 1474 1023 usurpatione
1523 953 1797 1005 firmatam

178 1024 627 1078 consuetudinem
655 1022 715 1075 C.
742 1022 952 1075 Marius
987 1024 1167 1094 capite
1194 1042 1418 1076 censum
1442 1022 1672 1094 legendo
1700 1023 1795 1074 mi-

177 1095 329 1148 litem
358 1094 596 1165 abrupit,
634 1093 768 1145 ciuis
798 1092 1002 1164 alioqui
1031 1093 1376 1163 magnificus,
1409 1093 1505 1146 sed
1530 1093 1794 1146 nouitatis

178 1184 309 1218 suae
354 1164 688 1218 conscientia
732 1165 997 1216 uetustati
1038 1183 1147 1217 non
1182 1182 1311 1216 sane
1346 1163 1642 1234 propitius,
1686 1181 1796 1214 me-

115 1253 155 1286 15
180 1254 431 1306 morque,
485 1235 530 1287 si
564 1234 818 1287 militaris
864 1234 1085 1304 ignauia
1133 1233 1496 1287 humilitatem
1541 1251 1797 1304 spernere

179 1313 574 1377 perseueraret,
617 1323 674 1358 se
701 1323 734 1356 a
760 1304 1000 1374 maligno
1027 1305 1295 1357 uirtutum
1321 1305 1618 1375 interprete
1645 1302 1797 1355 uelut

180 1378 358 1447 capite
394 1395 616 1429 censum
642 1376 1028 1446 imperatorem
1056 1374 1354 1445 conpellari
1379 1393 1559 1445 posse.
1610 1373 1796 1445 itaque

180 1447 530 1500 fastidiosum
575 1444 805 1511 dilectus
852 1464 1022 1515 genus
1067 1445 1124 1496 in
1159 1445 1491 1499 exercitibus
1535 1444 1795 1498 Romanis

184 1517 611 1571 oblitterandum
648 1517 835 1583 duxit,
873 1535 940 1569 ne
976 1515 1101 1568 talis
1139 1524 1302 1568 notae
1338 1515 1595 1584 contagio
1623 1515 1693 1567 ad
1717 1515 1798 1585 ip-

121 1606 162 1637 20
187 1588 297 1640 sius
330 1606 543 1658 quoque
570 1586 778 1656 gloriae
805 1586 1244 1656 subgillationem
1271 1594 1601 1656 penetraret.

290 1659 338 1709 2.
381 1659 675 1711 Armorum
699 1657 1110 1710 tractandorum
1134 1656 1419 1710 meditatio
1447 1674 1480 1709 a
1505 1655 1566 1708 P.
1589 1654 1798 1708 Rutilio

185 1728 438 1796 consule,
478 1728 576 1780 Cn.
605 1727 761 1781 Malli
798 1726 1029 1798 collega,
1070 1726 1337 1780 militibus
1366 1735 1451 1780 est
1475 1726 1696 1779 tradita.
1749 1725 1796 1776 is

185 1799 328 1851 enim
362 1798 561 1850 nullius
598 1806 724 1851 ante
762 1817 820 1851 se
846 1798 1189 1880 imperatoris
1228 1796 1540 1868 exemplum
1579 1803 1796 1848 secutus

186 1888 254 1921 ex
278 1869 406 1921 ludo
435 1869 494 1922 O.
523 1869 714 1922 Aureli
743 1870 936 1923 Scauri
973 1868 1291 1922 doctoribus
1325 1866 1695 1937 gladiatorum·
1717 1884 1798 1918 ar-

121 1955 163 1988 25
186 1941 397 1991 cessitis
436 1939 648 1991 uitandi
683 1947 845 2010 atque
870 1939 1143 1991 inferendi
1175 1936 1316 1990 ictus
1349 1936 1690 1990 subtiliorem
1714 1954 1798 1987 ra-

186 2010 390 2061 tionem
424 2009 727 2078 legionibus
774 2009 1142 2079 ingenerauit,
1193 2008 1559 2077 uirtutemque
1600 2005 1708 2058 arti
1745 2013 1799 2057 et

186 2099 373 2130 rursus
419 2088 590 2132 artem
633 2081 823 2132 uirtuti
866 2078 1111 2144 miscuit,
1163 2086 1225 2129 ut
1261 2076 1355 2130 illa
1387 2078 1592 2147 impetu
1636 2075 1796 2128 huius

186 2150 398 2216 fortior,
426 2150 558 2202 haec
583 2150 731 2203 illius
760 2150 989 2203 scientia
1016 2149 1226 2201 cautior
1251 2147 1424 2200 fieret.

74 2289 166 2324 Par·
193 2282 421 2327 forensem
447 2283 623 2328 turham
651 2286 695 2328 in
724 2290 943 2344 quattuor
969 2281 1115 2326 tribus
1143 2280 1384 2340 descripsit
1410 2292 1577 2338 easque
1603 2278 1798 2324 urbanas

124 2362 166 2394 30
191 2351 464 2412 appellauit:
505 2368 593 2413 quo
621 2361 714 2399 tam
742 2352 913 2399 salubri
941 2352 1059 2397 facto
1087 2351 1300 2396 Maximus
1338 2349 1690 2408 cognominatus>
1711 2356 1797 2394 est.

189 2427 229 2467 2.
279 2424 517 2468 Armorum
562 2425 902 2470 tractandorum
949 2421 1181 2467 meditatio
1230 2435 1252 2466 a
1287 2420 1335 2464 Ρ.
1370 2419 1540 2465 Rutilio
1587 2433 1681 2466 cos.
1719 2418 1797 2464 Cn.

190 2491 322 2537 Manli
351 2494 541 2552 conlega
566 2495 787 2540 militibus
816 2501 886 2539 est
913 2493 1094 2538 tradita.
1147 2492 1184 2536 is
1213 2492 1331 2536 enim
1359 2504 1410 2535 ex
1436 2490 1542 2535 ludo
1571 2489 1616 2535 C.
1644 2488 1798 2535 Aureli

192 2562 348 2608 Scauri
388 2564 651 2610 doctoribus
700 2564 1002 2623 gladiatorum
1038 2563 1268 2607 arcessitis
1305 2561 1476 2606 uitandi
1515 2567 1651 2620 atque
1688 2559 1800 2603 inse·

304 2686 331 2723 4
363 2684 584 2736 alioquiin
614 2687 654 2725 B
714 2688 738 2726 8
769 2699 909 2739 opera
930 2699 987 2726 ne
1010 2684 1350 2738 inperatoribus
1372 2684 1414 2723 B
1475 2684 1524 2722 11
1555 2682 1799 2722 formatam

190 2733 247 2779 B'
309 2742 359 2779 1ss
388 2746 738 2790 perseuerarent
766 2738 822 2782 B'
883 2745 934 2784 18
962 2742 1172 2783 delectus
1201 2740 1225 2780 b
1295 2742 1346 2780 19
1375 2739 1486 2778 duxi
1513 2738 1555 2778 B
1613 2738 1667 2778 20
1696 2749 1799 2789 sug·

192 2795 287 2847 gill.
311 2796 334 2835 b
394 2798 446 2835 22
469 2797 635 2836 manlio
659 2799 720 2837 Pb
779 2801 832 2839 26
861 2799 1041 2852 legibus
1071 2798 1165 2846 BP,
1207 2810 1282 2838 em.
1314 2796 1489 2848 Piylzius
1518 2808 1539 2834 e
1568 2794 1655 2834 suis
1683 2792 1801 2833 libris

160 2858 167 2862 ”
192 2854 244 2892 27
267 2853 515 2892 immiscuit
536 2853 708 2903 Piqlcz'zcs
732 2867 751 2893 e
773 2858 859 2895 suis

237 2927 240 2931 ·
306 2910 358 2949 32
380 2908 550 2948 manlio
579 2909 624 2948 V
