1924 3152
156 150 256 203 156
852 154 952 199 LIB.
992 154 1061 199 111.

153 262 298 316 lento
345 262 425 313 rei
459 260 711 331 publicae
747 267 891 312 statu
927 261 1102 329 egisse
1140 261 1419 315 consulem
1459 263 1772 316 narratione

152 332 458 402 insequenti
483 331 711 401 patebit.
777 330 853 382 M.
881 330 1129 384 Palicani
1164 332 1570 386 seditiosissimi
1600 331 1770 386 homi-

154 404 236 454 nis
266 401 546 471 pestiferis
574 400 857 455 blanditiis
885 411 1208 473 praereptus
1235 402 1424 474 populi
1449 402 1609 456 fauor
1645 420 1770 456 con-

155 472 425 525 sularibus
465 472 695 526 comitiis
725 490 992 524 summum
1025 472 1261 526 dedecus
1299 473 1587 526 admittere
1614 491 1771 526 cona-

111 544 343 610 5batur,
397 541 793 612 amplissimum
838 543 887 595 ei
932 542 1146 596 deferre
1195 545 1484 614 imperium
1527 544 1768 613 cupienS,

154 614 304 665 cuius
331 614 659 666 taeterrimis
689 614 824 666 actis
865 614 1199 684 exquisitum
1224 615 1405 685 potius
1443 613 1771 685 supplicium

154 703 315 755 quam
351 682 493 735 ullus
529 683 699 737 honos
741 683 1061 736 debebatur.
1122 704 1222 737 nec
1249 684 1436 737 deerat
1461 692 1768 737 consterna-

153 764 240 807 tae
286 754 623 807 multitudini
659 753 873 806 turialis
914 754 1011 806 fax
1054 755 1375 821 tribunicia-7
1427 773 1565 825 quae
1609 762 1770 807 teme-

152 825 367 877 ritatem
413 825 530 877 eius
576 834 630 878 et
671 833 917 876 ruentem
953 826 1304 877 comitaretur
1338 833 1393 877 et
1423 825 1772 893 languentem

90 918 131 950 10
154 896 460 948 actionibus
500 896 611 948 suis
647 894 1030 947 inflammaret.
1100 896 1157 946 in
1191 895 1296 948 hoc
1331 894 1640 949 miserando
1679 911 1772 964 pa-

151 967 286 1019 riter
321 974 485 1038 atque
529 964 898 1019 erubescendo
936 974 1082 1018 statu
1129 966 1370 1018 ciuitatis
1415 974 1626 1019 tantum
1662 981 1772 1016 non

152 1036 403 1090 manibus
432 1038 771 1089 tribunorum
794 1053 892 1105 pro
917 1037 1112 1089 rostris
1132 1036 1259 1088 Piso
1286 1035 1620 1102 conlocatus,
1649 1053 1773 1087 cum

151 1107 279 1158 hinc
315 1117 475 1178 atque
512 1106 661 1158 illinc
707 1107 1010 1159 ambissent
1043 1125 1106 1158 ac
1140 1106 1459 1159 Palicanum
1494 1106 1769 1174 suffragiis

151 1176 342 1247 populi
392 1177 671 1230 consulem
717 1185 956 1228 creatum
1005 1195 1122 1229 num
1171 1177 1575 1230 renuntiaturus
1628 1183 1772 1228 esset

90 1270 131 1302 15
154 1248 588 1317 interrogaretur
600 1288 613 1314 ⁷
666 1247 840 1317 primo
886 1247 1171 1317 respondit
1205 1266 1314 1299 non
1358 1248 1688 1299 existimare
1712 1264 1769 1297 se

152 1319 319 1371 tantis
347 1319 588 1371 tenebris
618 1318 851 1370 offusam
879 1337 997 1370 esse
1024 1337 1135 1369 rem
1163 1316 1436 1387 publicam
1464 1325 1525 1369 ut
1548 1317 1656 1368 huc
1690 1317 1769 1367 in-

154 1388 438 1458 dignitatis
483 1389 784 1440 ueniretur:
837 1388 1030 1441 deinde
1076 1407 1198 1440 cum
1233 1395 1650 1459 perseueranter
1691 1387 1770 1438 in-

153 1467 363 1511 starent
399 1477 462 1510 ac
498 1458 767 1523 dicerent,
811 1465 966 1528 ‘age7
1003 1459 1047 1510 si
1084 1467 1309 1511 uentum
1343 1458 1581 1511 fuerit‘?'
1633 1465 1771 1510 ‘non

151 1529 528 1596 renuntiabo',
580 1529 775 1599 inquit.
853 1547 958 1599 quo
1005 1529 1223 1600 quidem
1267 1539 1381 1582 tam
1430 1529 1644 1582 absciso
1688 1545 1769 1579 re-

85 1607 130 1654 ‘20
154 1618 354 1670 sponso
387 1598 734 1652 consulatum
761 1598 1019 1652 Palicano
1045 1600 1196 1670 prius
1226 1618 1387 1670 quam
1414 1599 1566 1651 illum
1596 1598 1769 1668 adipi-

153 1679 397 1723 sceretur
423 1670 639 1739 eripuit.
690 1669 862 1721 multa
889 1679 943 1722 et
969 1669 1239 1722 terribilia
1264 1670 1392 1722 Piso
1423 1668 1768 1738 contempsit,

155 1739 284 1792 dum
312 1741 619 1810 speciosum
645 1741 842 1792 mentis
872 1759 1003 1792 suae
1027 1740 1174 1793 flecti
1199 1759 1311 1793 non
1335 1739 1453 1792 uolt
1478 1740 1731 1809 rigorem.

257 1811 308 1862 4.
357 1810 612 1864 Metellus
649 1819 832 1864 autem
867 1810 1192 1863 Numidicus
1228 1818 1452 1881 propter
1489 1807 1771 1864 consimile

150 1881 594 1952 perseuerantiae
620 1900 792 1950 genus
821 1882 1039 1951 excepit
1060 1899 1272 1952 quoque
1298 1881 1580 1950 indignam
1604 1880 1770 1932 maie-

88 1973 130 2006 25
153 1959 295 2004 state
331 1970 395 2004 ac
419 1952 663 2004 moribus
692 1953 804 2003 suis
832 1951 1145 2022 procellam.
1197 1971 1321 2004 cum
1349 1951 1493 2003 enim
1527 1948 1768 2002 animad-

151 2030 392 2074 uerteret
431 2041 536 2092 quo
572 2022 858 2074 tenderent
896 2022 1178 2074 Saturnini
1213 2021 1422 2074 tribuni
1455 2020 1528 2092 pl.
1563 2018 1771 2072 funesti

153 2100 380 2144 conatus
409 2099 721 2163 quantoque
747 2091 891 2144 malo
918 2093 998 2144 rei
1023 2091 1299 2162 publicae,
1336 2091 1445 2142 nisi
1470 2091 1554 2142 his
1583 2108 1769 2144 occur-

151 2170 389 2228 reretur,
427 2163 671 2232 erupturi
706 2170 911 2229 essent,
948 2161 1007 2212 in
1044 2161 1268 2214 exilium
1304 2179 1468 2232 quam
1502 2161 1558 2212 in
1592 2159 1770 2230 legem

153 2233 271 2285 eius
298 2234 377 2284 ire
405 2230 616 2285 maluit.
667 2240 848 2303 potest
874 2231 1070 2302 aliquis
1099 2231 1202 2285 hoc
1236 2232 1355 2284 uiro
1385 2230 1495 2284 dici
1521 2238 1768 2284 constan-

89 2325 131 2358 so
153 2304 290 2370 tior,
338 2305 432 2374 qui
457 2321 526 2354 ne
552 2303 825 2355 sententia
851 2321 950 2355 sua
974 2302 1291 2372 pelleretur,
1330 2302 1534 2373 patria,
1579 2302 1637 2352 in
1664 2318 1770 2372 qua

40 2464 132 2500 Par.
157 2463 257 2496 cum
293 2449 528 2497 Palicanus
563 2451 699 2495 homo
738 2450 982 2496 seditiosus
1015 2449 1248 2510 pestiferis
1283 2447 1513 2494 blanditiis
1547 2446 1769 2508 populum

155 2522 494 2581 praeripuisset,
523 2521 585 2566 ita
610 2527 662 2566 ut
687 2521 848 2566 consul
876 2527 1123 2571 crearetur,
1159 2519 1286 2566 solus
1314 2519 1497 2565 restitit.
1549 2522 1589 2562 4.
1617 2516 1771 2562 Metel-

154 2591 224 2636 lus
245 2591 506 2637 Numidicus
535 2605 636 2637 cum
663 2591 1044 2637 animaduerteret
1071 2606 1162 2651 quo
1185 2590 1390 2636 tenderet
1407 2588 1635 2635 Saturnini
1665 2586 1767 2632 trIb.

267 2730 292 2767 2
323 2728 550 2780 pallicani
578 2729 633 2777 B,
665 2728 891 2782 pollacini
912 2730 935 2769 b
995 2732 1020 2770 3
1050 2729 1262 2782 pestiferi
1290 2720 1345 2768 B'
1405 2728 1431 2768 8
1461 2723 1705 2766 tribunitia
1726 2722 1769 2762 B

155 2786 206 2824 13
230 2784 440 2824 abissent
459 2785 501 2823 B
519 2781 540 2838 Η
562 2798 616 2825 ac
636 2785 703 2825 B:
734 2799 793 2826 an
815 2786 838 2826 b
859 2782 879 2840 [Ι
898 2785 1170 2839 paliganum
1190 2783 1233 2824 B
1294 2785 1347 2823 14
1365 2795 1474 2822 num
1494 2781 1534 2823 h.
1555 2783 1582 2822 l.
1606 2780 1770 2842 addidi.

147 2846 252 2893 post
270 2840 544 2880 Palicanum
566 2842 735 2893 Kempf
784 2845 839 2884 20
860 2842 1078 2895 palicano
1101 2841 1167 2881 B.-
1187 2839 1424 2893 pollaoino
1446 2838 1470 2878 b
1529 2838 1583 2876 22
1599 2835 1698 2876 fleti
1713 2835 1756 2875 B

267 2898 319 2938 31
358 2896 621 2949 pollacinus
659 2892 733 2945 V',
771 2898 1037 2951 pallacinus
1074 2895 1133 2938 V²
1199 2897 1253 2937 32
1290 2898 1342 2935 ut
1371 2893 1696 2935 concularetur
1729 2890 1776 2930 V

152 2955 206 2995 33
227 2954 344 2995 immo
365 2953 609 2995 tenderent
