1878 3132
218 114 289 165 54
935 115 1033 159 LlB.
1072 114 1102 158 Ι.

327 224 375 275 7.
438 224 626 291 Aeque
664 221 745 272 dis
791 217 1169 272 inmortalibus
1204 225 1460 289 acceptus
1498 219 1826 286 SimonideS‚

220 294 373 346 cuius
419 291 565 343 salus
604 291 673 342 ab
718 290 1004 341 inminenti
1037 288 1327 358 naufragio
1369 288 1593 341 defensa
1634 291 1827 342 ruinae

254 380 430 432 uoque
476 361 758 413 subtracta
802 367 900 411 est.
964 360 1182 410 cenanti
1225 360 1369 411 enim
1413 358 1560 430 apud
1595 359 1827 430 Scopam

220 383 530 496 ἓ1ε111110110,
580 430 723 500 quod
764 437 847 481 est
878 431 935 480 in
963 428 1249 481 Thessalia
1276 429 1564 499 oppidum,
1610 431 1825 482 nuntia-

177 520 196 552 5
218 510 335 554 tum
363 508 447 553 est
475 501 613 554 duos
641 501 862 551 iuuenes
893 500 960 551 ad
986 500 1206 551 ianuam
1230 501 1466 566 uenisse,
1494 518 1827 570 magnopere

217 579 472 640 rogantes
500 580 562 623 ut
588 569 659 622 ad
685 589 774 622 eos
802 570 1056 621 continuo
1083 569 1346 640 prodiret.
1385 569 1457 622 ad
1484 589 1620 641 quos
1648 589 1824 640 egres-

219 661 307 693 sus
335 642 605 694 neminem
631 641 872 711 repperit
898 640 994 692 ibi.
1040 647 1277 692 ceterum
1304 658 1366 693 eo
1391 648 1663 694 momento
1691 648 1823 692 tem-

214 713 361 781 poris
390 711 716 777 triclinium,
752 711 808 762 in
844 729 948 780 quo
979 710 1181 780 Scopas
1218 709 1572 781 epulabatur,
1611 709 1826 780 conlap-

217 800 337 832 sum
365 789 416 832 et
441 783 621 851 ipsum
648 789 701 832 et
727 799 909 832 omnes
939 781 1199 832 conuiuas
1227 782 1515 851 oppressit.
1564 780 1697 851 quid
1721 779 1826 831 hac

153 873 193 903 10
215 851 479 904 felicitate
505 851 856 921 locupletius,
894 869 1057 920 quam
1094 869 1193 903 nec
1227 870 1376 903 mare
1410 869 1510 904 nec
1534 858 1684 902 terra
1709 869 1823 902 sae-

214 923 369 974 uiens
399 922 714 990 extinguere
741 920 938 973 ualuit!

322 992 370 1043 8.
411 991 534 1044 Νο11
560 992 765 1043 inuitus
791 991 918 1042 huic
946 991 1208 1044 subnecto
1236 990 1571 1062 Daphniten,
1605 1009 1675 1042 ne
1701 990 1821 1061 quis

213 1063 431 1131 ignoret
457 1070 719 1131 quantum
748 1060 1057 1114 interfuerit
1092 1062 1353 1113 cecinisse
1381 1061 1608 1114 deorum
1633 1060 1822 1112 laudes

215 1141 267 1184 et
312 1150 511 1182 numen
560 1132 912 1184 obtrectasse.
975 1131 1063 1183 hic
1106 1149 1228 1182 cum
1274 1132 1388 1183 eius
1419 1127 1604 1183 'studii
1657 1139 1820 1196 esset,

150 1220 190 1252 15
214 1202 366 1252 cuius
393 1201 732 1271 professores
756 1201 1027 1269 sophistae
1046 1209 1330 1267 uocantur,
1357 1202 1574 1271 ineptae
1601 1209 1655 1253 et
1679 1219 1821 1253 mor-

214 1272 362 1323 dacis
391 1273 736 1341 opinationiS,
767 1270 1083 1342 Apollinem
1103 1271 1334 1341 Delphis
1356 1270 1632 1323 inridendi
1657 1289 1822 1323 causa

213 1341 482 1393 consuluit
510 1361 578 1393 an
602 1361 800 1412 equum
821 1342 1067 1394 inuenire
1089 1350 1293 1412 posset,
1323 1361 1446 1393 cum
1467 1341 1684 1393 omnino
1703 1339 1820 1392 nul-

211 1410 324 1464 lum
349 1411 649 1464 habuisset.
702 1414 853 1464 cuius
891 1431 960 1464 eX
988 1411 1206 1465 oraculo
1233 1411 1452 1464 reddita
1476 1429 1587 1463 uox
1615 1420 1714 1478 est,
1741 1412 1820 1462 in-

212 1491 503 1534 uenturum
531 1501 746 1552 equum,
776 1481 872 1534 sed
898 1490 959 1533 ut
984 1501 1046 1535 eo
1070 1483 1423 1552 proturbatus
1445 1482 1666 1552 periret.
1693 1481 1820 1533 inde

150 1570 190 1602 20
215 1570 337 1602 011111
363 1553 697 1604 iocabundus
736 1553 893 1622 quasi
929 1552 1118 1604 delusa
1155 1570 1434 1603 sacrarum
1461 1552 1686 1603 sortium
1710 1551 1819 1603 fide

212 1630 599 1688 reuerteretur‚
651 1622 845 1674 incidit
884 1623 941 1673 in
975 1640 1160 1690 regem
1197 1621 1472 1688 Attal-um,
1519 1639 1681 1691 saepe
1725 1639 1820 1672 nu-

135 1712 138 1713 ’
210 1710 355 1744 mero
384 1711 416 1743 a
442 1712 497 1744 se
524 1692 930 1746 contumeliosis
969 1693 1130 1744 dictis
1169 1692 1452 1744 absentem
1481 1690 1816 1756 lacessitum7

210 1762 434 1832 eiusque
460 1764 611 1814 iussu
640 1782 793 1829 saxo,
828 1764 915 1814 cui
941 1781 1139 1816 nomen
1166 1770 1282 1814 erat
1306 1762 1466 1832 Equi,
1494 1761 1819 1833 praecipita—

210 1840 295 1883 tus
310 1872 323 1898 7
363 1832 432 1884 ad
461 1833 588 1885 deos
615 1853 678 1885 us
720 1853 786 1885 ue
814 1832 1150 1885 cauillandos
1189 1832 1451 1885 dementis
1480 1832 1647 1883 animi
1673 1832 1821 1883 iusta

148 1919 189 1951 25
214 1900 480 1972 supplicia
510 1853 789 1973 pepenffiit.

94 2025 186 2059 Par.
213 2020 354 2063 cussit
399 2027 442 2064 et
487 2021 709 2066 hominem
753 2022 870 2067 malo
907 2021 1124 2082 pestifero
1169 2019 1393 2066 liberauit.
1466 2023 1506 2065 7.
1549 2017 1817 2071 Simonides,

210 2089 326 2147 apud
354 2088 527 2149 Scopan
565 2092 610 2135 in
637 2091 747 2137 urhe
776 2091 1032 2138 Thessaliae
1059 2090 1294 2136 Crannone
1319 2103 1508 2139 cenans,
1548 2095 1766 2134 euocatus
1793 2104 1818 2135 a

211 2157 394 2202 Castore
431 2166 474 2204 et
500 2159 683 2206 Polluce
710 2163 839 2208 ruina
874 2163 1093 2207 liberatus
1121 2167 1189 2206 est
1215 2173 1288 2210 ea,
1327 2174 1414 2220 qua
1442 2159 1686 2204 triclinium
1711 2173 1818 2204 con-

209 2229 337 2273 uiuas
365 2231 607 2288 oppressit.
658 2234 697 2275 8.
735 2232 977 2292 Daphnites
1006 2232 1184 2292 quidam
1211 2231 1439 2291 sophistes
1464 2227 1723 2289 Apollinem
1750 2230 1818 2273 in-

145 2315 184 2346 30
210 2297 381 2342 ridendi
402 2313 531 2343 causa
552 2301 798 2352 consuluit,
827 2317 882 2347 an
903 2317 1070 2362 equum
1090 2303 1294 2347 inuenire
1311 2305 1481 2360 posset,
1509 2313 1609 2344 cum
1632 2299 1816 2343 omnino

207 2367 381 2412 nullum
418 2368 665 2415 habuisset.
722 2372 893 2417 reddita
929 2387 1019 2417 uox
1055 2379 1145 2422 est,
1183 2372 1475 2416 inuenturum
1512 2369 1816 2429 eum'equum

207 2436 502 2498 futurumque
542 2446 592 2484 ut
630 2454 682 2485 eo
711 2442 1010 2501 proturbatus
1037 2443 1222 2502 periret.
1284 2443 1436 2501 itaque
1474 2438 1635 2486 accidit
1661 2446 1712 2484 ut
1738 2438 1815 2483 ob-

206 2507 310 2552 uius
347 2510 445 2567 regi
473 2509 622 2554 Attalo
651 2510 821 2562 factus,
860 2514 904 2556 in
931 2527 1065 2572 quem
1092 2512 1233 2557 multa
1260 2525 1394 2571 saepe
1431 2510 1626 2559 dixerat,
1665 2521 1689 2553 e
1715 2521 1816 2553 sco-

321 2616 345 2654 2
368 2617 611 2670 naufragio
634 2620 729 2658 eod.
756 2619 916 2660 Colerz‘:
949 2619 1100 2660 officio
1123 2620 1180 2671 B,
1205 2619 1344 2660 exitio
1367 2620 1487 2667 dett„
1509 2617 1565 2668 cf.
1589 2618 1627 2663 1,
1651 2619 1688 2662 7,
1711 2615 1764 2655 Ε·
1786 2617 1814 2656 3

206 2669 234 2708 4
264 2668 525 2724 Crannone]
562 2676 607 2712 et
637 2686 871 2715 crannona
902 2676 944 2715 B
1003 2677 1029 2715 8
1062 2676 1372 2728 epulabantur
1400 2666 1456 2714 B'
1516 2674 1567 2712 12
1589 2671 1816 2724 daphani-

208 2728 284 2765 ten
314 2725 380 2772 B;
418 2726 647 2778 Daphitas
679 2736 743 2769 est
773 2734 890 2783 apud
911 2732 995 2772 Cic.
1028 2733 1079 2772 de
1097 2733 1192 2783 fato
1214 2733 1238 2781 ἓ
1260 2735 1286 2771 5
1320 2737 1361 2770 et
1389 2743 1458 2781 ap.
1481 2727 1626 2769 strab.
1657 2728 1724 2773 14,
1758 2729 1815 2767 39

202 2794 247 2833 p.
274 2783 356 2820 647
417 2783 468 2823 16
498 2782 691 2835 delphys
713 2786 754 2824 B
816 2789 866 2827 17
889 2793 930 2827 et
952 2789 1003 2828 19
1030 2799 1193 2839 equum
1215 2787 1257 2827 B
1316 2787 1370 2826 20
1397 2784 1508 2824 fide*
1529 2783 1571 2823 B
1630 2783 1685 2823 24
1715 2783 1814 2822 ani—

204 2849 306 2877 mae
329 2837 371 2877 B
391 2834 411 2892 Η
430 2838 557 2878 iussa
580 2833 634 2877 B'
1032 2831 1043 2847 ⁵

318 2894 372 2933 27
396 2906 656 2935 crannonae
685 2895 727 2935 V
783 2899 836 2936 30
860 2910 960 2937 curn
983 2900 1164 2938 omnino
1195 2899 1311 2938 Veoe
1332 2910 1444 2938 corr.
1517 2939 1520 2942 ⁴
