1924 3152
228 35 230 39 y
251 23 310 40 ...e-„J

130 38 170 66 ς’]
178 38 226 74 ,ᾗς
247 40 266 53 ³
283 46 294 62 3¹-
306 49 336 61 ‘⁷'

739 92 857 139 CAP.
887 94 963 144 111,
1004 93 1098 139 Ext.
1118 95 1158 154 -g
1185 54 1295 139 213.
1727 89 1832 142 241

203 200 432 255 exilium
457 202 709 272 protinus
737 202 1019 254 misissent
1053 220 1118 254 ac
1153 220 1263 255 non
1300 203 1358 253 in
1393 220 1610 255 carcere
1636 210 1692 256 et
1714 205 1831 256 uin-

203 271 340 325 culis
369 272 510 326 mori
536 273 864 341 coegissent.
923 280 998 339 at,
1027 280 1177 342 put0‚
1204 273 1469 326 hactenus
1498 273 1711 326 saeuire
1739 273 1832 327 ad-

200 361 394 396 uersus
423 344 628 414 optime
661 342 918 394 meritum
955 343 1172 396 abunde
1203 342 1498 396 duxerunt.
1561 344 1726 397 immo
1754 363 1824 398 ne

202 431 399 484 corpus
435 413 656 484 quidem
691 413 807 465 eius
850 413 926 465 sic
978 414 1233 484 expirare
1281 415 1458 467 coacti
1504 415 1820 485 sepulturae

198 484 352 555 prius
377 483 628 536 mandari
653 485 806 553 passi
842 491 969 535 sunt
994 502 1157 555 quam
1182 483 1373 538 Cimon
1399 485 1542 537 filius
1571 487 1685 538 eius
1713 485 1815 538 eis·
1858 495 1882 530 5

201 555 325 607 dem
360 572 418 606 se
452 553 688 607 uinculis
732 554 1218 623 constringendum
1243 556 1503 608 traderet.
1563 555 1705 609 hanc
1729 555 1828 610 he-

198 625 494 678 reditatem
542 632 829 696 paternam
878 626 1107 678 maximi
1143 626 1296 678 ducis
1334 626 1480 679 filius
1519 635 1574 679 et
1607 627 1828 680 futurus

197 696 318 768 ipse
368 696 565 748 aetatis
617 713 747 748 suae
794 695 907 747 dux
954 697 1231 749 maximus
1271 697 1443 750 solam
1482 717 1538 750 se
1567 699 1828 766 creuisse,

199 774 420 819 catenas
450 774 504 818 et
529 784 826 833 carcerem,
855 765 1079 835 gloriari
1106 768 1304 837 potuit.

306 835 579 889 Aristides
609 837 774 889 etiam
788 876 802 903 ‚
832 856 939 908 quo
966 837 1137 891 totius
1166 839 1435 891 Graeciae
1462 839 1675 891 iustitia
1701 857 1822 891 cen·
1851 852 1896 889 10

200 915 368 973 setur,
398 907 766 961 continentiae
793 926 1006 979 quoque
1033 908 1294 960 eximium
1322 908 1617 979 specimen,
1645 911 1828 980 patria

197 978 380 1030 iussus
433 977 700 1031 excedere
753 988 851 1030 est.
935 978 1121 1031 felices
1173 979 1423 1032 Athenas
1439 1019 1454 1046 ,
1514 998 1653 1050 quae
1703 988 1829 1050 post

197 1047 344 1101 illius
373 1046 600 1100 exilium
633 1048 883 1101 inuenire
909 1048 1147 1120 aliquem
1175 1058 1270 1102 aut
1294 1050 1474 1103 uirum
1499 1051 1707 1104 bonum
1733 1058 1829 1103 aut

199 1126 474 1171 amantem
511 1119 596 1171 sui
634 1120 815 1171 ciuem
852 1128 1175 1190 potuerunt,
1229 1139 1352 1173 cum
1393 1139 1499 1192 quo
1534 1129 1668 1173 tunc
1704 1121 1828 1192 ipsa

199 1189 462 1242 sanctitas
489 1189 777 1258 migrauit!
1844 1203 1896 1248 Ι15

304 1259 701 1313 Themistocles
748 1277 961 1327 eorum,
1016 1261 1109 1331 qui
1154 1262 1427 1330 ingratam
1462 1262 1698 1332 patriam
1737 1280 1829 1314 ex-

236 1331 341 1384 erti
369 1340 512 1397 sunt,
541 1329 955 1383 celeberrimum
983 1330 1322 1401 exemplum,
1353 1351 1475 1384 cum
1501 1331 1652 1383 illam
1678 1333 1829 1385 inco-

196 1350 419 1468 lumem,
447 1401 671 1468 claram,
702 1400 1037 1471 opulentam,
1077 1402 1380 1473 principem
1409 1403 1678 1456 Graeciae
1703 1403 1826 1455 red-

198 1471 448 1537 didisset,
476 1490 539 1524 eo
565 1490 739 1542 usque
767 1472 939 1525 sensit
963 1472 1259 1540 inimicam,
1286 1480 1348 1525 ut
1363 1472 1445 1526 ‘ad
1471 1473 1824 1541 ArtaxerxiS,

197 1555 358 1612 quem
383 1541 547 1622 paulo
577 1551 701 1594 ante
731 1541 1100 1608 destruxerat,
1129 1561 1239 1595 non
1267 1543 1510 1597 debitam
1537 1543 1645 1596 sibi
1669 1544 1825 1596 mise·
1850 1557 1893 1588 20

196 1611 492 1677 ricordlam
518 1613 810 1681 perfugere
835 1630 1059 1664 necesse
1084 1612 1330 1666 haberet.
1407 1655 1410 1658 .
1658 1641 1661 1645 ⁴

303 1681 547 1735 Phocion
582 1700 740 1746 uer0,
791 1681 875 1733 his
916 1682 1136 1735 dotibus
1149 1722 1163 1748 7
1217 1701 1356 1763 quae
1395 1684 1464 1735 ad
1500 1683 1825 1752 pariendum

186 1752 479 1822 ⁸hominum
506 1769 745 1803 amorem
782 1752 1196 1821 potentissimae
1223 1753 1566 1819 ludicantur,
1596 1753 1824 1805 clemen-

198 1823 278 1875 tia
305 1829 358 1875 et
381 1821 712 1875 liberalitate
734 1822 1211 1888 instructissimUS,
1240 1830 1455 1875 tantum
1482 1841 1591 1875 non
1618 1824 1674 1873 in
1701 1840 1822 1874 ecu—

195 1892 342 1946 leum
369 1893 439 1946 ab
468 1892 899 1945 Atheniensibus
928 1893 1199 1962 inpositus
1228 1900 1335 1945 est:
1378 1901 1524 1946 certe
1550 1900 1676 1963 post
1704 1892 1818 1946 obi—
1844 1905 1886 1938 25

197 2027 435 2072 Persarum
474 2026 735 2071 Marathone
770 2025 948 2071 deuicta
984 2025 1030 2070 in
1068 2038 1249 2071 carcere
1285 2039 1338 2071 ac
1372 2025 1569 2071 uinculis
1605 2025 1815 2071 decessit.
1842 2031 1921 2066 Par

199 2111 368 2158 corpus
409 2097 508 2142 eius
544 2111 636 2142 non
664 2096 791 2157 prius
829 2095 1014 2156 sepeliri
1040 2098 1164 2156 passi
1201 2102 1330 2146 sunt,
1376 2110 1511 2156 quam
1539 2095 1662 2141 Cimo
1698 2095 1821 2141 filius

197 2169 293 2213 eius
331 2167 472 2212 isdem
510 2180 557 2212 se
594 2166 792 2213 uinculis
831 2167 1235 2227 constringendum
1262 2167 1400 2212 daret.
1447 2166 1694 2219 AristideS,
1736 2165 1821 2211 suh

197 2253 288 2298 quo
317 2241 460 2283 totius
488 2237 699 2284 Graeciae
738 2237 915 2283 iustitia
952 2244 1189 2289 censetur,
1231 2238 1378 2298 patria
1414 2237 1567 2283 iussus
1605 2236 1820 2282 excedere

198 2314 282 2353 est.
320 2308 651 2353 Themistocles
678 2315 786 2368 post
812 2322 1004 2367 magnos
1034 2308 1194 2353 titulos
1221 2309 1367 2367 patria
1385 2307 1547 2367 pulsus
1568 2307 1818 2365 confugere
1841 2313 1884 2345 30

197 2377 251 2423 ad
278 2378 457 2423 Xerxen
484 2385 671 2423 coactus
701 2386 783 2423 est.
846 2378 1048 2423 Phocion
1074 2391 1187 2423 uero
1215 2384 1391 2422 tantum
1419 2391 1511 2423 non
1538 2377 1583 2421 in
1611 2376 1816 2422 eculeum

311 2502 335 2539 2
368 2503 417 2540 at
439 2500 709 2539 Perizonius:
740 2503 791 2541 ut
819 2499 861 2538 B
900 2496 918 2552 [Ι
974 2503 1167 2539 actenus
1188 2493 1243 2538 B'
1323 2500 1347 2539 5
1378 2496 1466 2538 cim
1489 2499 1555 2538 B:
1589 2498 1704 2537 cimo
1728 2499 1769 2537 P
1789 2494 1810 2550 ΙΙ

198 2558 346 2597 eius**
368 2556 408 2596 B
471 2558 522 2596 10
545 2557 626 2596 sub
646 2567 735 2606 quo
757 2556 792 2594 P
810 2551 830 2609 Η
855 2555 1061 2595 iustitia*
1082 2555 1124 2593 B
1185 2556 1236 2595 17
1258 2554 1340 2594 ille
1365 2555 1576 2594 columen
1597 2554 1620 2593 b
1684 2555 1733 2593 19
1758 2553 1816 2593 ad

194 2613 465 2654 Artaxerxis
488 2625 586 2653 nos:
610 2612 816 2652 arxerxis
837 2611 892 2658 B,
917 2611 975 2651 ad
997 2611 1149 2650 xerxis
1173 2611 1196 2650 b
1236 2612 1286 2650 21
1299 2611 1479 2663 perfug.
1502 2622 1602 2651 nec.
1624 2609 1818 2650 haberet

195 2669 381 2723 plocion
410 2668 509 2718 (sie)
541 2681 649 2708 uero
673 2667 714 2707 B
745 2670 786 2707 in
816 2680 903 2708 ras.
982 2669 1035 2707 23
1065 2666 1297 2706 hominum
1328 2679 1526 2706 amorem
1562 2666 1815 2707 Torrenius:

196 2726 425 2767 hominem
454 2724 519 2769 B,
564 2725 677 2778 quod
705 2730 845 2764 tuetur
873 2723 1079 2763 Foertsclz
1109 2723 1149 2768 J,
1181 2725 1237 2763 20
1305 2724 1359 2762 24
1387 2723 1606 2763 libertate
1637 2722 1699 2768 B,
1739 2722 1820 2762 sed

198 2795 310 2823 corr.
333 2785 376 2822 in
396 2795 473 2835 my.
503 2777 521 2834 {I
550 2793 641 2822 non
663 2783 845 2821 tantum
867 2779 922 2828 B,
956 2793 1031 2820 em,
1058 2779 1252 2826 Colerus,
1286 2779 1342 2829 ef.
1368 2779 1408 2818 P
1424 2775 1444 2832 Η
1466 2778 1629 2819 eculeo
1650 2777 1705 2825 B,
1738 2791 1814 2818 em.

198 2851 220 2878 e
242 2839 292 2885 P,
324 2838 383 2889 cf.
407 2840 446 2886 4,
470 2840 508 2887 6,
533 2840 574 2880 3.
608 2841 647 2885 5,
671 2840 709 2884 1,
733 2837 847 2877 Eoet.
870 2838 892 2874 1

311 2895 365 2934 29
387 2895 469 2934 sub
494 2896 649 2935 deleuit
671 2894 766 2934 Mai
802 2889 822 2946 Π
870 2892 1041 2932 totiens
1064 2891 1254 2944 graecia
1283 2892 1334 2939 V,
1366 2904 1442 2932 em.
1466 2890 1564 2931 Μαί
1613 2940 1629 2954 ·

282 2975 388 3004 vu..
411 2975 522 3006 MAx.
1497 2957 1560 3008 16
