1936 3120
887 0 892 8 v
932 0 954 15 -χ
962 0 973 4 ·-
986 16 991 20 ⁶
999 0 1003 1 ⁷
1018 0 1126 19 «fx-‘rssssv
1140 0 1159 13 ἱ»
1179 0 1226 32 *³⁴2*
1234 0 1245 3 ‘⁷
1300 5 1310 14 ..ι
1321 16 1325 19 ,
1334 4 1360 19 :32
1370 7 1374 11 .
1391 8 1405 23 ³2⁷
1461 3 1463 7 ¹
1476 15 1477 19 Ἰ
1634 16 1638 17 ⁷
1770 3 1784 19 “,
1808 9 1822 15 ..
1830 6 1845 12 π-
1878 10 1901 14 ,-
1914 0 1936 13 έν

1118 14 1122 28 ⁹
1214 17 1375 42 ‘³³:220
1385 38 1399 47 ,
1416 20 1453 43 {tw
1470 18 1503 47 213⁹
1514 27 1522 35 ³
1559 36 1569 41 1
1587 28 1607 44 »Α
1626 19 1648 47 ,ῗι
1724 32 1725 35 =
1740 23 1766 43 ’γ-
1780 16 1820 41 '⁴,;‚·
1831 18 1843 28 ’ἱ
1906 15 1908 22 ’

877 54 883 61 η
1306 44 1315 54 '⁴
1360 43 1375 67 ’ὦ
1400 41 1414 47 ’“
1433 48 1441 59 1
1511 46 1514 47 ⁷
1545 54 1552 62 ρ
1598 57 1607 65 ,.
1620 45 1634 61 .¹
1646 42 1650 46 ⁵
1699 43 1701 45 '
1719 40 1729 49 ’⁵
1831 57 1835 64 .
1934 60 1936 69 Ι

187 131 292 182 372
873 92 971 180 Lm.
1013 98 1116 181 'vni

188 243 272 295 cio
308 240 591 293 absolutus
630 249 727 292 est.
793 259 1023 310 quorum
1074 240 1307 293 alterum
1355 243 1611 296 atrocitas
1649 245 1796 296 necis

187 311 378 375 mouit,
407 310 637 362 alterum
664 329 830 362 causa
856 310 1027 376 flexit,
1057 311 1184 380 quia
1209 311 1541 364 inmaturum
1567 314 1795 382 uirginis

187 399 427 433 amorem
455 398 644 431 seuere
669 380 843 449 magis
872 399 1036 450 quam
1059 381 1224 451 impie
1250 383 1498 451 punitum
1520 384 1796 437 existima-

186 452 299 504 bat.
376 451 559 519 itaque
596 450 726 502 forti
764 451 1041 520 punitione
1077 450 1310 504 liberata
1345 453 1530 505 fratris
1572 454 1797 509 dextera

144 537 164 569 5
187 529 402 574 tantum
428 521 830 589 consanguineo
857 530 1121 591 quantum
1154 521 1340 574 hostili
1377 541 1564 576 cruore
1591 523 1795 592 gloriae

186 591 405 643 haurire
431 591 624 660 potuit.

289 661 341 712 2.
381 662 581 713 Acrem
626 679 682 712 se
728 668 857 712 tunc
902 661 1198 730 pudicitiae
1243 663 1524 714 custodem
1560 662 1792 733 populus

184 732 462 784 Romanus
478 771 491 796 ,
530 738 720 800 postea
760 730 880 800 plus
908 732 1050 784 iusto
1078 730 1355 801 placidum
1380 731 1619 793 iudicem
1641 751 1794 802 prae-

187 803 342 854 stitit.
402 819 525 852 cum
553 820 584 852 a
610 801 819 853 Libone
853 801 1070 853 tribuno
1108 800 1179 871 pl.
1211 801 1325 853 Ser.
1344 802 1538 854 Galba
1573 821 1669 872 pro
1711 821 1794 855 ro-

121 890 162 921 10
186 872 313 925 stris
359 870 710 923 uehementer
760 871 1164 941 increparetur,
1217 872 1358 941 quod
1406 871 1794 924 Lusitanorum

184 960 440 1011 magnam
466 960 686 992 manum
713 941 1039 1011 interposita
1065 940 1172 992 fide
1198 949 1417 1011 praetor
1444 943 1501 993 in
1524 942 1796 1011 Hispania

183 1013 552 1064 interemisset
590 1012 893 1081 actionique
929 1011 1251 1064 tribuniciae
1287 1011 1362 1063 M.
1401 1012 1538 1064 Cato
1573 1011 1796 1064 ultimae

185 1083 480 1135 senectutis
519 1082 764 1134 oratione
812 1100 936 1147 sua,
986 1100 1147 1152 quam
1182 1083 1239 1132 in
1278 1080 1532 1150 Origines
1569 1082 1794 1146 rettulit,

184 1153 574 1217 subscriberet,
603 1170 726 1204 reus
792 1169 851 1203 ro
874 1171 929 1203 se
950 1152 1061 1203 iam
1079 1151 1213 1202 nihil
1232 1170 1509 1219 recusanS,
1537 1151 1795 1222 paruulos

120 1239 161 1271 15
184 1222 385 1276 liberos
415 1241 539 1275 suos
568 1230 621 1274 et
649 1221 754 1275 Gal
777 1222 794 1271 i
821 1223 1086 1290 sanguine
1122 1222 1226 1274 sibi
1253 1222 1603 1274 coniunctum
1626 1221 1797 1275 filium

183 1293 317 1345 flens
356 1291 719 1345 conmendare
758 1293 962 1361 coepit,
1002 1310 1168 1361 eoque
1202 1291 1347 1344 facto
1384 1292 1636 1360 mitigata
1669 1310 1794 1344 con-

183 1363 358 1428 tione,
406 1362 496 1432 qui
537 1363 775 1413 omnium
810 1380 1080 1414 consensu
1124 1362 1396 1430 periturus
1435 1370 1576 1427 erat,
1621 1379 1793 1431 paene

181 1433 391 1484 nullum
427 1432 582 1483 triste
619 1432 939 1500 suffragium
975 1431 1182 1483 habuit.
1252 1431 1630 1483 misericordia
1666 1449 1793 1499 ergo
1829 1481 1842 1485 -

184 1501 335 1554 illam
362 1502 751 1571 quaestionem,
780 1521 887 1554 non
914 1503 1159 1571 aequitas
1188 1502 1346 1566 rexit,
1375 1502 1631 1571 quoniam
1658 1518 1794 1570 quae

121 1590 163 1622 20
185 1573 526 1623 innocentiae
554 1572 722 1624 tribui
747 1572 1032 1641 nequierat
1053 1570 1342 1636 absolutio,
1371 1571 1644 1641 respectui
1669 1589 1795 1640 pue-

184 1661 372 1696 rorum
400 1641 528 1693 data
555 1650 654 1694 est.

291 1713 339 1765 3.
380 1712 818 1764 Consentaneum
845 1712 990 1781 quod
1017 1712 1280 1782 sequitur.
1348 1712 1417 1763 A.
1445 1709 1715 1763 Gabinius
1740 1709 1795 1759 in

187 1783 426 1834 maximo
474 1781 732 1834 infamiae
780 1800 908 1833 suae
955 1783 1149 1833 ardore
1195 1781 1470 1850 suffragiis
1510 1778 1697 1850 populi
1734 1778 1793 1830 C.

186 1853 443 1905 Memmio
473 1862 791 1905 accusatore
832 1853 1108 1904 subiectus
1136 1851 1402 1921 abruptae
1429 1869 1549 1903 esse
1575 1850 1692 1919 spei
1717 1849 1795 1900 ui-

124 1941 164 1972 25
190 1924 446 1989 debatur,
487 1923 742 1992 quoniam
769 1931 822 1974 et
849 1922 1127 1974 accusatio
1154 1930 1338 1991 partes
1369 1940 1494 1972 suas
1520 1919 1676 1990 plene
1705 1937 1793 1970 ex·

186 1994 413 2046 hibebat
449 2001 502 2044 et
539 1993 870 2044 defensionis
913 1991 1188 2061 praesidia
1228 1991 1474 2043 inualida
1517 1990 1624 2042 fide
1661 1990 1794 2040 nite-

186 2064 389 2116 bantur
415 2070 469 2114 et
495 2063 587 2132 qui
613 2063 932 2115 iudicabant
967 2063 1047 2113 ira
1073 2062 1263 2131 perciti
1298 2079 1528 2130 poenam
1563 2058 1792 2117 hominis

74 2206 166 2239 Par.
192 2196 367 2240 sororis
395 2195 580 2238 crimine
601 2209 622 2238 a
647 2194 776 2238 Tullo
804 2207 912 2252 rege
939 2193 1190 2241 damnatus,
1219 2192 1271 2235 ad
1298 2191 1516 2251 populum
1542 2197 1792 2250 prouocato

187 2264 354 2310 iudicio
383 2263 620 2308 absolutus
649 2271 730 2308 est.
807 2267 845 2307 2.
888 2262 996 2306 Cum
1038 2277 1061 2307 a
1088 2261 1257 2307 Libone
1300 2262 1479 2306 tribuno
1518 2262 1580 2321 pl.
1606 2261 1792 2321 Sergius

123 2348 164 2379 30
190 2334 326 2380 Galba
362 2347 446 2394 pro
483 2335 644 2378 rostris
683 2333 1015 2393 increparetur}
1063 2332 1183 2393 quod
1223 2333 1543 2378 Lusitanorum
1586 2344 1790 2391 magnam

188 2419 368 2450 manum
397 2406 668 2464 interposita
696 2404 780 2448 fide
799 2410 986 2463 praetor
1006 2405 1051 2448 in
1072 2404 1285 2462 Hispania
1304 2404 1625 2452 interemisset,
1652 2404 1793 2447 actio-

153 2491 159 2495 *
188 2477 326 2535 nique
354 2474 622 2520 tribuniciae
648 2474 702 2519 M.
718 2474 825 2519 Cato
854 2474 1038 2518 ultimae
1066 2475 1312 2518 senectutis
1341 2473 1662 2523 subscriberet,
1689 2486 1791 2517 reus

189 2546 301 2590 nihil
338 2560 423 2606 pro
463 2560 511 2590 se
550 2558 765 2590 recusans
804 2544 921 2590 filios
949 2559 1057 2590 suos
1084 2544 1256 2604 populo
1285 2543 1598 2588 commendare
1626 2544 1790 2602 coepit,

188 2630 335 2675 eoque
362 2616 481 2661 facto
510 2617 714 2675 mitigata
750 2617 962 2660 contione
999 2614 1234 2660 absolutus
1262 2620 1346 2658 est.
1423 2617 1461 2658 3.
1500 2615 1549 2658 A.
1578 2613 1788 2658 Gabinius

123 2696 164 2728 35
188 2700 210 2729 a
238 2685 282 2729 C.
311 2686 515 2731 Memmio
553 2692 814 2735 accusatus,
857 2699 955 2730 cum
992 2686 1077 2729 iam
1112 2685 1423 2735 damnaretur,
1463 2690 1668 2728 seruatus
1705 2689 1788 2726 est.

302 2809 327 2847 9
349 2809 529 2848 seruius
551 2809 592 2847 B
655 2810 704 2847 11
727 2808 989 2860 hispaniam
1010 2803 1066 2847 B'
1119 2809 1170 2848 13
1194 2807 1368 2859 origine
1395 2806 1433 2846 Β
1493 2807 1544 2845 14
1565 2804 1788 2845 suscribe-

188 2867 259 2902 ret
280 2863 322 2902 B
404 2865 453 2903 15
471 2864 575 2914 fort.
600 2863 648 2903 C.
675 2863 802 2904 Galli
881 2865 931 2904 18
953 2863 1291 2904 misericordia*
1311 2862 1353 2902 B
1429 2863 1482 2902 23
1507 2861 1553 2902 C.
1577 2864 1619 2901 in
1645 2861 1682 2900 B
1704 2874 1740 2904 s,
1762 2863 1787 2901 l.

189 2921 242 2960 27
264 2920 430 2971 perciti
451 2920 490 2957 E
513 2926 553 2959 et
572 2922 673 2959 dett.
698 2922 793 2960 alii:
825 2920 1044 2972 percipiti
1063 2919 1117 2965 B,
1141 2920 1385 2972 praecipiti
1407 2919 1429 2958 b
