1872 3132
213 90 246 142 8
933 97 1034 143 LIB.
1071 99 1102 144 l.

211 221 363 255 mare
399 203 543 256 abici
577 203 760 269 iussit,
805 204 969 275 idque
1005 205 1261 275 supplicii
1295 224 1467 275 genus
1502 210 1671 263 multo
1738 220 1832 265 ost.

212 273 502 344 parricidis
553 272 672 342 lege
721 274 1032 344 inrogatum
1082 284 1190 342 est,
1240 277 1538 331 iustissime
1586 281 1678 350 qui
1720 299 1829 346 emr

213 345 342 414 quia
376 344 497 413 p‘ari
531 343 776 396 uindicta
810 354 1100 414 parentum
1135 365 1198 398 ac
1224 347 1447 400 deorum
1482 348 1712 404 uiolatio
1734 370 1828 403 ex-

211 413 416 484 pianda
442 422 603 466 esset.

167 507 190 538 5
323 483 406 534 14.
465 483 573 536 Sed
610 503 747 554 quae
782 484 854 536 ad
890 486 1197 539 custodiam
1232 486 1509 556 religionis
1555 489 1829 556 adtinent7

211 553 393 605 nescio
422 572 491 605 an
518 573 701 607 omnes
728 554 803 606 M.
826 555 1029 607 Atilius
1057 555 1298 625 Regulus
1326 559 1703 627 praecesserit,
1732 561 1824 630 qui

213 643 284 676 ex
309 624 515 676 uictore
545 624 944 694 speciosissimo
971 627 1187 678 insidiis
1208 626 1576 682 Hasdrubalis
1600 637 1654 681 et
1673 629 1823 681 Xan-

211 695 349 764 tippi
366 693 787 747 Lacedaemonii
814 695 967 747 ducis
995 696 1067 748 ad
1091 697 1458 750 miserabilem
1485 700 1692 769 captiui
1716 700 1827 752 for-

211 773 402 816 tunam
437 763 701 817 deductus
739 784 804 817 ac
828 766 1025 818 missus
1063 767 1134 818 ad
1170 775 1420 820 senatum
1454 769 1828 840 populumque

148 856 190 887 10
213 835 515 887 Romanum
559 834 795 903 legatuS,
850 844 910 888 ut
947 855 1003 888 se
1039 845 1093 889 et
1125 856 1232 889 uno
1281 846 1335 889 et
1372 856 1500 890 sene
1535 839 1822 910 conplures

211 906 517 958 Poenorum
553 905 776 959 iuuenes
811 915 1197 976 pensarentur,
1247 909 1305 959 in
1338 909 1670 961 contrarium·
1693 909 1827 962 dato

211 975 441 1028 consilio
467 976 868 1045 Karthaginem
893 977 1077 1046 petiit,
1112 996 1221 1029 non
1248 977 1469 1058 quidem
1504 979 1724 1047 ignarus
1752 979 1825 1032 ad

211 1064 375 1116 quam
409 1046 654 1099 crudeles
691 1065 962 1117 quamque
995 1047 1188 1099 merito
1234 1048 1339 1100 Sibi
1372 1049 1601 1102 infestos
1644 1047 1821 1118 [deos]

210 1125 600 1181 reuerteretur‚
636 1136 828 1169 uerum
854 1117 980 1187 quia
1004 1118 1069 1168 iis
1096 1118 1398 1183 iurauemt,
1435 1119 1480 1169 si
1506 1119 1711 1188 captiui
1738 1116 1825 1171 eo*-

146 1207 188 1239 15
211 1207 332 1239 rum
368 1186 573 1238 redditi
598 1207 706 1240 non
731 1187 937 1253 forent,
977 1187 1048 1239 ad
1085 1206 1175 1239 eos
1212 1206 1330 1239 sese
1355 1188 1675 1240 rediturum.
1730 1208 1823 1259 po—

212 1265 434 1310 tuerunt
478 1258 724 1326 profecto
763 1257 840 1309 dii
883 1256 1196 1309 inmortales
1243 1257 1524 1310 efferatam
1568 1258 1823 1327 mitigare

212 1327 517 1380 saeuitiam.
578 1336 841 1393 ceterum,
887 1346 992 1397 quo
1031 1328 1228 1378 clarior
1263 1335 1407 1380 esset
1433 1328 1591 1381 Atilii
1627 1327 1823 1397 gloria,

209 1397 699 1466 Karthaginienses
738 1398 980 1450 moribus
1015 1398 1128 1448 suis
1165 1399 1244 1449 uti
1282 1398 1431 1468 passi
1468 1407 1620 1466 sunt,
1659 1401 1823 1451 tertio

210 1468 414 1520 Punico
460 1466 602 1520 bello
655 1466 1054 1536 religiosissimi
1099 1468 1322 1537 spiritus
1366 1478 1479 1520 tam
1528 1468 1827 1521 crudeliter

143 1558 188 1590 20
209 1539 397 1590 uexati
423 1538 574 1591 urbis
603 1557 790 1591 eorum
814 1539 1040 1590 interitu
1065 1538 1211 1589 iusta
1238 1540 1484 1590 exacturi
1510 1539 1742 1608 piacula.

355 1607 437 1660 15.
499 1608 715 1674 Quanto
754 1616 972 1660 nostrae
1009 1607 1246 1660 ciuitatis
1284 1615 1503 1660 senatus
1541 1609 1826 1661 uenerabi—

210 1679 312 1730 lior
337 1679 394 1729 in
422 1677 578 1730 deos!
609 1679 701 1748 qui
726 1685 853 1747 post
880 1678 1223 1730 Cannensem
1249 1676 1460 1730 cladem
1487 1678 1730 1731 decreuit
1754 1698 1826 1730 ne

209 1757 490 1801 matronae
525 1747 670 1799 ultra
707 1748 1042 1800 tricesimum
1080 1747 1222 1799 diem
1258 1747 1436 1800 luctus
1475 1767 1600 1801 suos
1637 1757 1825 1801 exten·-

212 1818 426 1884 derent,
465 1818 546 1870 uti
573 1819 641 1870 ab
669 1818 752 1870 his
781 1837 935 1870 saera
962 1818 1175 1870 Cereris
1202 1818 1391 1887 peragi
1415 1826 1666 1888 possent,
1695 1819 1827 1888 quia

144 1908 187 1941 25
210 1891 416 1942 maiore
451 1907 623 1957 paene
659 1889 1030 1941 Romanarum
1071 1890 1270 1939 uirium
1304 1895 1459 1957 parte
1502 1890 1558 1940 in
1602 1907 1824 1941 execra-

209 1958 308 2012 bili
334 1977 398 2010 ac
425 1958 541 2010 diro
571 1958 684 2011 solo
720 1959 930 2010 iacente
955 1957 1155 2008 nullius
1182 1966 1405 2026 penates
1440 1958 1702 2010 maeroris
1730 1976 1823 2010 ex-

209 2037 390 2098 pertes
418 2037 588 2080 erant.
652 2029 843 2097 Itaque
870 2035 1070 2079 matres
1108 2045 1170 2078 ac
1195 2027 1339 2079 filiae
1376 2029 1741 2098 coniugesque
1768 2037 1827 2080 et

94 2166 397 2221 Par.peracto
439 2162 483 2205 in
520 2160 791 2219 Capitolium
837 2159 971 2204 rediit
1015 2158 1336 2203 admirantibus
1373 2159 1521 2204 Gallis.
1603 2163 1667 2204 15.
1712 2161 1821 2205 Post

214 2230 489 2276 Cannensem
518 2230 686 2275 cladem
714 2230 915 2275 decreuit
943 2236 1139 2279 senatus,
1168 2242 1223 2273 ne
1251 2236 1482 2274 matronae
1509 2229 1629 2274 ultra
1658 2232 1825 2275 tricen-

146 2311 189 2343 30
213 2302 375 2346 simum
403 2301 514 2346 diem
544 2301 695 2346 luctus
724 2300 1027 2349 extenderent,
1055 2306 1103 2343 ut
1133 2299 1186 2343 ab
1214 2299 1283 2343 his
1311 2313 1434 2345 sacra
1461 2299 1634 2344 Cereris
1661 2301 1822 2359 peragi

210 2378 417 2432 possent.

325 2496 352 2533 4
375 2497 499 2539 esset
517 2493 583 2533 B:
618 2496 687 2533 est
709 2495 813 2535 dett.
875 2493 900 2532 5
923 2491 1041 2543 quod
1060 2513 1118 2546 -7
1140 2490 1316 2531 adtinet
1338 2490 1525 2543 Stanyer
1584 2491 1609 2530 6
1640 2490 1824 2530 attilius

210 2550 252 2589 B
314 2553 337 2591 7
369 2549 631 2590 asdrubalis
653 2542 709 2589 B'
730 2548 748 2603 ΙΙ
777 2548 1019 2600 xanctippi
1040 2548 1082 2587 B
1145 2549 1195 2587 10
1226 2551 1276 2586 ut
1306 2560 1361 2586 ex
1383 2560 1430 2587 se
1453 2547 1513 2593 B,
1548 2559 1621 2587 em.
1646 2547 1825 2598 Lipsius

270 2608 321 2645 11
344 2619 597 2677 poenarum
619 2599 677 2645 B'
738 2607 788 2644 12
819 2605 1138 2656 chartaginem
1160 2604 1198 2645 lz.
1224 2605 1249 2645 l.
1275 2602 1316 2642 B
1347 2610 1386 2642 et
1408 2603 1659 2655 aliquotiens
1680 2604 1722 2641 in
1743 2603 1823 2642 lzoe

0 2648 49 2751 ἑ
211 2675 331 2713 cap„
350 2663 443 2705 secl
463 2664 573 2702 alias
594 2667 840 2702 constanter
859 2675 928 2713 pr.
953 2674 1002 2701 m.
1026 2660 1232 2711 Kartago
1256 2665 1299 2699 et
1317 2658 1712 2711 Kartaginiensis,
1743 2659 1826 2698 sect

210 2720 271 2757 ita
292 2723 336 2757 ut
356 2730 522 2769 semper
544 2718 782 2769 Karthago
805 2724 884 2758 etc.
909 2721 1143 2757 correctum
1162 2718 1218 2755 sit
1237 2712 1254 2763 11
1283 2716 1403 2767 petit
1423 2713 1484 2761 B,
1515 2713 1701 2765 repetiit
1722 2715 1821 2753 edd.

210 2778 328 2820 uett„
362 2787 416 2812 αη
437 2772 604 2813 rediit?
624 2771 642 2826 Ι]
666 2774 844 2825 quidem
866 2773 1048 2823 Kempf:
1082 2770 1141 2823 qd
1171 2771 1316 2823 (erasa
1336 2773 1490 2812 lineola
1509 2768 1703 2821 sch.'qd')
1727 2769 1768 2808 B
1795 2767 1817 2821 ll

212 2829 270 2870 ad
294 2828 382 2882 qua
399 2829 441 2869 B
464 2843 575 2871 corr.
601 2843 657 2869 ex
680 2834 774 2880 atq.
837 2831 888 2869 13
912 2828 1048 2880 quaq.
1071 2829 1113 2868 B
1134 2830 1176 2867 in
1192 2841 1279 2867 ras.
1306 2824 1381 2877 (eoe
1403 2828 1545 2877 atq.‘?)
1568 2822 1586 2878 Η
1608 2825 1716 2866 deos
1738 2826 1822 2865 del.

210 2886 426 2938 Gugseczc35
444 2886 599 2926 hostes
626 2885 662 2924 E
682 2886 796 2925 haud
814 2888 901 2926 seio
923 2899 978 2924 (ιη
999 2891 1115 2924 reete
1175 2885 1228 2924 14
1249 2883 1319 2922 his
1341 2882 1382 2922 B
