1878 3132
198 145 266 197 70
909 149 1005 193 LlB.
1045 148 1094 192 ll.

197 266 278 310 est
302 276 369 309 ne
397 258 515 326 quis
551 257 605 306 in
632 256 766 308 urbe
801 257 1096 326 propiusue
1132 273 1327 325 passus
1363 255 1510 308 mille
1544 255 1805 309 subsellia

195 328 444 397 posuisse
488 326 753 378 sedensue
787 325 946 379 ludos
984 334 1232 396 spectare
1267 325 1457 393 uellet,
1502 334 1564 379 ut
1598 326 1805 380 scilicet
1855 327 1859 331 ’

194 397 501 450 remissioni
535 397 837 449 animorum
875 396 1059 449 standi
1091 395 1324 449 uirilitas
1361 397 1583 467 propria
1610 397 1803 449 Roma-

142 507 144 509 ψ
195 487 295 519 nae
320 467 497 535 gentis
526 467 712 518 iuncta
739 476 900 520 esset.

151 559 172 592 5
299 538 348 589 3.
389 538 494 589 Per
528 537 855 607 quingentos
894 546 1073 589 autem
1105 545 1157 589 et
1183 538 1574 608 quinquaginta
1601 545 1654 590 et
1681 547 1801 591 octo

193 627 361 661 annos
390 615 610 660 senatus
636 607 837 678 populo
875 608 1079 659 mixtus
1113 608 1422 677 spectaculo
1451 608 1701 660 ludorum
1725 609 1801 659 in-

194 678 398 730 terfuit.
451 678 543 730 sed
569 679 711 730 hunc
736 696 941 731 morem
968 677 1168 730 Atilius
1197 677 1462 731 Serranus
1492 687 1545 732 et
1568 679 1632 731 L.
1661 678 1801 732 Scri-

191 749 383 802 bonius
412 747 614 802 aediles
642 747 799 800 ludos
827 748 993 801 Matri
1020 749 1183 800 deum
1207 748 1472 802 facientes
1487 790 1500 817 7
1537 749 1801 819 posterio-

190 819 265 870 ris
306 819 555 871 Africani
590 819 914 871 sententiam
950 820 1148 885 secuti,
1199 818 1450 872 discretis
1487 827 1709 872 senatus
1750 826 1804 871 et

127 913 168 943 10
190 888 379 959 populi
412 888 544 942 locis
583 888 887 954 soluerunt,
934 907 1104 958 eaque
1145 907 1230 940 res
1268 890 1467 942 auertit
1500 889 1652 958 uulgi
1689 889 1801 941 ani-

192 978 339 1011 mum
365 968 418 1012 et
443 960 691 1011 fauorem
719 959 989 1029 Scipionis
1016 976 1346 1029 magnopere
1408 959 1672 1012 uassauit.

295 1031 345 1081 4.
387 1029 548 1082 Nunc
584 1048 805 1081 causam
840 1029 1301 1082 instituendorum
1328 1030 1383 1082 lu
1425 1049 1578 1082 orum
1604 1030 1674 1083 ab
1701 1029 1801 1082 ori-

190 1100 316 1168 gine
354 1119 451 1152 sua
477 1119 534 1151 re
578 1109 741 1153 etam.
789 1099 847 1152 C.
873 1099 966 1152 Sul
986 1100 1113 1159 flcio
1141 1100 1328 1152 Petico
1357 1099 1416 1152 C.
1443 1100 1656 1153 Licinio
1684 1099 1801 1153 Sto-

188 1170 310 1223 lone
338 1119 652 1222 consulilbus
689 1119 1031 1221 intoleranda
1066 1170 1152 1221 uis
1182 1179 1333 1222 ortae
1359 1169 1703 1240 pestilentiae
1731 1170 1802 1221 ci-

127 1263 167 1294 15
189 1241 419 1292 uitatem
445 1246 687 1292 nostram
709 1258 742 1291 a
761 1239 973 1292 bellicis
1004 1240 1257 1310 operibus
1282 1249 1595 1292 reuocatam
1623 1238 1802 1292 dome-

191 1310 315 1362 stici
341 1319 504 1380 atque
530 1310 776 1362 intestini
802 1309 932 1362 mali
955 1328 1087 1361 cura
1108 1309 1416 1377 adflixerat,
1444 1311 1660 1381 iamque
1679 1309 1801 1380 plus

190 1381 245 1431 in
272 1381 546 1451 exquisito
574 1389 627 1432 et
653 1398 794 1432 nouo
821 1379 971 1431 cultu
996 1379 1273 1448 religionis
1301 1399 1464 1450 quam
1489 1382 1546 1432 in
1570 1379 1679 1432 ullo
1707 1379 1801 1431 hu-

189 1468 346 1502 mano
393 1449 616 1502 consilio
661 1450 898 1520 positum
943 1450 1059 1520 opis
1098 1450 1407 1503 uidebatur.
1470 1452 1655 1521 itaque
1689 1450 1801 1521 pla-

190 1521 348 1572 candi
376 1519 624 1572 caelestis
660 1520 897 1571 numinis
924 1520 1101 1589 gratia
1135 1521 1433 1591 conpositis
1471 1521 1800 1573 carminibus

126 1614 167 1646 20
188 1608 392 1642 uacuas
430 1609 586 1642 aures
623 1591 878 1660 praebuit
914 1589 985 1642 ad
1013 1590 1069 1642 id
1095 1599 1309 1660 tempus
1337 1591 1568 1644 circensi
1595 1598 1801 1661 specta·

189 1660 308 1712 culo
337 1668 619 1726 contenta,
659 1659 804 1730 quod
838 1660 1044 1730 primus
1082 1660 1346 1713 Romulus
1377 1662 1550 1731 raptis
1577 1661 1801 1730 uirgini—

187 1731 290 1783 bus
320 1731 536 1783 Sabinis
570 1730 922 1783 Consualium.
958 1733 1176 1784 nomine
1215 1730 1530 1785 celebrauit.
1559 1787 1563 1790 ,
1593 1749 1800 1797 uerum,

186 1809 249 1852 ut
276 1810 358 1854 est
394 1819 509 1852 mos
542 1800 824 1854 hominum
858 1800 1089 1870 paruula
1126 1802 1286 1853 initia
1323 1802 1592 1872 pertinaci
1620 1800 1801 1854 studio

186 1871 572 1942 prosequendi7
599 1871 1008 1924 uenerabilibus
1032 1890 1161 1940 erga
1184 1871 1311 1925 deos
1338 1873 1524 1925 uerbis
1545 1872 1802 1924 iuuentus

123 1964 164 1996 25
187 1941 318 1994 rudi
338 1950 498 2011 atque
524 1942 865 2012 inconposito
894 1950 1045 1994 motu
1062 1960 1353 2011 corporum
1379 1941 1694 1995 iocabunda*
1713 1959 1801 2010 ge-

75 2099 169 2133 Par.
194 2086 408 2133 consulto
430 2094 610 2132 cautum
639 2088 747 2137 suit,
786 2101 842 2132 ne
870 2086 971 2146 quis
1007 2089 1052 2131 in
1079 2087 1189 2131 urbe
1215 2088 1464 2147 propiusue
1491 2085 1614 2131 mille
1641 2100 1802 2146 passus

191 2156 405 2203 subsellia
442 2165 634 2218 poneret
662 2157 882 2202 sedensue
909 2156 1042 2202 ludos
1071 2163 1320 2216 spectaret,
1365 2163 1417 2201 ut
1444 2155 1620 2202 scilicet
1646 2158 1803 2201 remis-

191 2228 309 2273 sioni
335 2227 586 2272 animorum
616 2227 762 2272 standi
789 2227 982 2272 uirilitas
1010 2228 1383 2286 coniungeretur.
1444 2229 1484 2270 3.
1523 2226 1609 2291 Per
1633 2240 1803 2273 DLV111

189 2311 332 2343 annos
361 2303 547 2343 senatus
573 2296 745 2357 populo
773 2298 940 2342 mixtus
968 2297 1216 2356 spectauit,
1256 2297 1335 2341 sed
1361 2297 1482 2342 hunc
1508 2310 1679 2342 morem
1706 2296 1830 2340 Ati-⁸

124 2382 165 2413 30
188 2367 277 2413 lius
314 2368 536 2413 Serranus
575 2375 619 2414 et
656 2368 703 2412 L.
733 2367 996 2413 Scribonius
1034 2367 1199 2412 aediles
1236 2367 1368 2412 ludos
1405 2366 1535 2413 Matri
1571 2366 1702 2411 deum
1738 2365 1803 2412 fa-

191 2439 386 2489 cientes,
425 2438 699 2498 posterioris
725 2437 919 2483 Africani
949 2438 1218 2483 sententiam
1246 2439 1413 2487 secuti,
1442 2437 1650 2482 diScretis
1678 2449 1804 2480 sena-

189 2515 264 2554 tus
301 2515 346 2554 et
382 2508 541 2569 populi
579 2508 692 2554 locis
732 2507 984 2554 soluerunt.
1061 2511 1103 2552 4.
1145 2507 1376 2553 Ludorum
1412 2509 1556 2567 prima
1593 2508 1722 2565 origo
1757 2505 1801 2550 C.

190 2577 389 2638 Sulpicio
427 2579 580 2626 Petico
605 2570 665 2624 L.
703 2579 873 2624 Licinio
913 2577 1100 2623 Stolone
1137 2592 1257 2624 coss.
1304 2578 1519 2623 instituta
1555 2584 1648 2626 est,
1701 2589 1803 2621 cum

306 2717 326 2753 l
361 2727 522 2766 passos
545 2717 586 2754 B
645 2719 670 2756 3
702 2717 955 2756 animorum
977 2717 1136 2755 iuncta
1158 2715 1181 2754 h
1241 2716 1268 2755 4
1296 2714 1453 2753 iuncta
1483 2714 1663 2764 scripsi:
1694 2707 1803 2750 nota

190 2770 240 2816 Β,
272 2770 329 2821 cf.
355 2772 397 2810 P
453 2773 477 2810 5
503 2775 547 2810 et
569 2771 630 2811 bis
651 2774 693 2811 in
716 2773 757 2811 B
780 2786 942 2812 erasum
1005 2774 1027 2812 7
1053 2782 1268 2811 serranus
1288 2770 1330 2809 B
1353 2782 1535 2822 quoque,
1559 2781 1655 2815 non,
1680 2773 1726 2807 ut
1745 2768 1804 2805 aie

195 2827 388 2873 Colerus,
423 2839 641 2867 sarranus
703 2829 754 2868 13
779 2827 828 2867 C.
853 2828 894 2867 B
915 2830 957 2868 in
979 2836 1067 2870 ras.
1091 2824 1109 2879 ΙΙ
1130 2826 1307 2867 betico*
1334 2824 1341 2877 Ι
1367 2825 1528 2864 licinio
1552 2824 1606 2870 B,
1629 2820 1801 2874 beticol

189 2881 222 2924 1.
245 2882 323 2922 lic.
346 2881 370 2922 b
433 2884 485 2922 15
507 2882 691 2923 bellicis
717 2884 778 2923 Γ.·
809 2884 1048 2924 bellicosis
1071 2884 1113 2922 B

303 2939 356 2978 26
380 2938 565 2991 propius
595 2940 635 2978 V
692 2939 745 2978 28
769 2951 948 2979 DLv1111
979 2941 1150 2980 Vcorr.
1213 2941 1265 2979 33
1290 2949 1379 2978 eos,
1411 2937 1454 2976 V
