1924 3152
0 0 43 14 tus*

203 104 311 157 234
875 75 880 78 ¹
916 105 1015 151 Lm.
1055 105 1104 151 V.

204 218 315 269 iam
341 222 519 267 aetate
546 213 834 266 deficiente
869 230 1097 281 magnas
1133 213 1291 281 regni
1327 229 1457 282 opes
1484 220 1741 284 quattuor
1767 222 1822 266 et

243 286 602 356 uinquaginta
636 282 876 337 filiorum
912 301 1136 336 numero
1181 281 1494 354 relinquens
1530 283 1589 335 in
1621 281 1820 337 lectulo

207 307 568 422 dilaberetur,
600 354 691 407 Μ’.
719 353 1034 420 Manilium,
1075 353 1166 424 qui
1193 371 1290 424 pro
1328 353 1549 406 consule
1577 353 1822 406 Africam

206 427 517 491 obtinebat,
569 424 765 477 litteris
822 425 1134 477 obsecrauit
1176 432 1238 476 ut
1283 424 1355 476 ad
1406 443 1462 476 se
1513 423 1823 494 Scipionem

161 520 181 551 5
203 496 577 550 Aemilianum
603 496 706 549 sub
734 513 795 548 eo
822 503 950 547 tunc
975 494 1298 547 militantem
1324 495 1587 562 mitteret,
1614 494 1822 548 felicio-

204 587 320 621 rem
346 574 576 620 mortem
603 585 758 619 suam
778 567 1023 619 futuram
1048 573 1216 632 ratuS,
1247 565 1292 616 si
1318 566 1375 616 in
1395 565 1666 635 conplexu
1693 565 1821 618 dex-

203 648 353 692 terae
379 639 495 691 eius
523 655 839 708 supremum
866 637 1121 707 spiritum
1155 655 1219 688 ac
1244 635 1506 688 mandata
1529 635 1821 706 posuisset.

205 709 296 762 ille
340 709 639 762 aduentum
683 707 953 778 Scipionis
997 707 1130 759 fatis
1181 707 1294 758 suis
1315 707 1821 776 .praecurrentibus

205 780 341 833 haec
364 780 524 832 uxori
550 778 845 850 liberisque
866 785 1240 848 praeceperat,
1267 795 1438 828 unum
1463 777 1520 827 in
1545 777 1704 828 terris
1732 796 1821 847 po-

141 872 182 904 10
205 850 393 922 pulum
405 851 712 904 Romanum
739 858 793 902 et
819 867 986 901 unam
997 849 1055 899 in
1074 846 1275 918 populo
1289 847 1537 900 Romano
1552 846 1822 918 Scipionis

207 922 426 974 domum
460 928 715 986 nossent,
755 921 971 989 integra
1005 918 1187 972 omnia
1232 916 1541 971 Aemiliano
1577 936 1822 970 reserua-

205 1001 356 1060 rent,
397 1010 521 1044 eum
549 990 837 1043 diuidendi
862 989 1019 1059 regni
1047 989 1319 1042 arbitrum
1344 987 1636 1042 haberent:
1676 988 1824 1059 quod

204 1065 250 1115 is
281 1063 566 1116 statuisset
600 1061 827 1133 perinde
867 1080 929 1113 ac
964 1069 1293 1114 testamento
1326 1067 1554 1117 ,cautum
1589 1060 1823 1112 inmuta-

204 1134 315 1187 bile
342 1151 404 1186 ac
434 1141 685 1185 sanctum
712 1133 1041 1202 optinerent.
1093 1138 1174 1184 tot
1207 1138 1426 1202 tamque
1461 1129 1631 1182 uariis
1658 1129 1822 1184 rebus

141 1223 182 1254 15
207 1223 263 1257 se
283 1204 581 1257 Masinissa
606 1201 943 1272 infatigabili
969 1202 1190 1272 pietatis
1214 1202 1351 1254 serie
1371 1201 1442 1252 ad
1465 1201 1823 1254 centesimum

206 1275 457 1328 extendit
493 1293 714 1326 annum.
778 1273 862 1325 his
899 1282 952 1325 et
996 1272 1192 1325 horum
1238 1270 1507 1324 similibus
1540 1269 1820 1341 'exemplis

202 1345 553 1399 benificentia
582 1344 798 1413 generis
834 1343 1059 1394 humani
1093 1342 1336 1394 nutritur
1372 1349 1534 1412 atque
1561 1350 1818 1410 augetur:

203 1417 308 1469 hae
335 1424 462 1468 sunt
490 1415 604 1467 eius
633 1414 800 1480 faceS,
828 1412 885 1465 hi
915 1411 1152 1479 stimuli,
1179 1419 1406 1483 propter
1434 1430 1567 1483 quos
1593 1410 1821 1464 iuuandi

205 1495 259 1539 et
286 1485 563 1539 emerendi
591 1484 896 1555 cupiditate
931 1483 1147 1553 flagrat.
1212 1491 1266 1535 et
1295 1501 1425 1535 sane
1452 1481 1820 1553 amplissimae

139 1576 182 1608 20
206 1565 259 1609 et
285 1557 723 1627 speciosissimae
750 1555 976 1607 diuitiae
1005 1562 1155 1620 sunt,
1193 1552 1429 1606 feliciter
1464 1553 1702 1622 erogatis
1728 1553 1821 1606 be-

203 1627 415 1680 neficiis
452 1626 561 1678 late
587 1645 748 1697 posse
776 1625 1001 1678 censeri.
1065 1642 1294 1695 quorum
1321 1623 1579 1695 quoniam
1604 1622 1821 1693 religio·
1858 1661 1865 1669 1

206 1717 326 1750 sum
353 1697 558 1750 cultum
584 1697 922 1749 instituimus
938 1737 951 1763 ,
980 1713 1125 1747 nunc
1151 1693 1461 1764 neglectum
1488 1692 1823 1763 suggillandi

203 1769 413 1837 gratia,
442 1786 547 1839 quo
577 1768 647 1821 sit
671 1768 902 1837 gratior,
929 1766 1250 1819 referemus,

686 1908 793 1961 III.
846 1911 947 1960 DE
976 1909 1329 1960 INGRATIS.

137 2027 181 2060 25
313 2009 361 2059 1.
399 2007 570 2061 Vrbis
596 2015 816 2059 nostrae
835 2014 1118 2076 parentem
1137 2014 1378 2072 senatus,
1404 2006 1463 2056 in
1482 2003 1820 2074 amplissimo

205 2077 492 2146 dignitatis
519 2077 697 2147 gradu
723 2077 792 2129 ab
820 2095 881 2129 eo
909 2075 1247 2141 conlocatus,
1276 2076 1334 2126 in
1360 2075 1512 2126 curia
1535 2072 1817 2139 lacerauit,
1878 2138 1884 2141 p

203 2224 455 2270 Corneliam
483 2223 640 2270 coluit.
704 2225 857 2283 itaque
883 2222 1084 2267 moriens
1111 2222 1222 2267 haee
1260 2221 1390 2267 uxori
1417 2219 1665 2280 liberisque
1691 2234 1822 2280 prae·

203 2297 346 2355 cepit,
383 2309 523 2340 unum
551 2296 596 2339 in
625 2295 758 2338 terris
784 2293 1004 2354 populum
1032 2293 1296 2343 Romanum,
1324 2304 1459 2336 unam
1487 2290 1715 2352 Scipionis
1742 2290 1823 2336 do-

203 2379 326 2410 mum
352 2372 555 2410 nossent.

137 2449 180 2482 30
308 2435 404 2481 DE
434 2434 767 2482 INGRATIS.
835 2437 874 2479 1.
914 2433 1156 2480 Romulum
1193 2439 1376 2479 senatus
1413 2433 1651 2478 immemor
1684 2431 1824 2478 hene-

317 2575 339 2613 1
367 2574 474 2625 fort.
498 2586 607 2627 opes
633 2576 679 2613 et
701 2576 850 2625 quatt.
875 2575 920 2612 e't
943 2584 987 2624 q.
1009 2571 1128 2612 filios
1194 2573 1219 2612 3
1249 2570 1534 2611 dilaberetur
1551 2570 1720 2611 Periz.:
1750 2568 1820 2608 la-

199 2631 390 2671 beretur
416 2630 472 2678 B,
505 2630 746 2671 laboraret
773 2630 1005 2675 Foertsch‚·
1035 2629 1092 2681 ef.
1124 2632 1163 2675 5,
1196 2630 1232 2676 1,
1256 2627 1365 2670 Eoet.
1399 2629 1423 2666 1
1450 2624 1470 2680 [l
1500 2623 1598 2680 M·.]
1631 2626 1688 2668 ὦ.
1721 2624 1761 2665 Β
1794 2623 1813 2676 Η

203 2685 410 2739 procons.
433 2687 550 2727 afric
582 2685 689 2739 (sic)
711 2686 753 2726 B
822 2689 846 2727 7
878 2697 1168 2738 suppremum
1188 2683 1231 2723 B
1300 2687 1352 2726 10
1383 2685 1574 2724 nossent
1594 2704 1648 2711 —
1668 2693 1820 2721 reser-

203 2746 371 2783 uarent
391 2756 491 2783 nos.-
522 2756 658 2784 nosse
682 2765 736 2770 —
758 2755 1001 2783 reseruare
1023 2742 1086 2789 B,
1121 2741 1235 2795 quod
1263 2746 1404 2782 tuetur
1430 2739 1637 2780 Foertsok
1665 2737 1735 2785 II,
1759 2738 1819 2776 23

207 2801 260 2840 13
291 2811 346 2839 ac
368 2798 434 2838 E:
466 2812 543 2841 om.
567 2800 622 2847 B,
659 2802 710 2839 ut
731 2799 767 2845 b,
800 2812 855 2839 ac
877 2799 918 2839 si
941 2795 1019 2852 ΓΗ
1100 2799 1153 2838 14
1182 2801 1421 2838 scanctum
1442 2795 1484 2836 B
1523 2792 1542 2848 Η
1581 2797 1817 2846 totamque

205 2848 262 2896 B'
342 2857 394 2895 17
416 2854 733 2896 benificientia
751 2855 774 2896 b
857 2856 908 2896 18
931 2855 1082 2896 facies
1103 2854 1145 2894 B
1226 2856 1278 2895 19
1305 2854 1413 2906 fort.
1437 2855 1483 2892 et
1503 2850 1768 2892 demerendi
1793 2848 1814 2902 ΙΙ

203 2911 381 2965 fraglat
402 2905 457 2951 B'
480 2913 534 2952 21
555 2912 777 2965 religioso
800 2905 855 2950 B'
