1924 3152
727 114 849 183 ΕΑΡὶ
873 108 946 164 Vl,
988 113 1017 172 3
1044 118 1183 158 2—7.
1666 106 1772 159 255

151 225 332 278 occiso
358 225 415 276 in
441 223 782 276 contrarium
805 229 1098 292 utrumque
1133 239 1442 287 cessurum,
1481 238 1510 272 e
1536 219 1771 289 uestigio

149 298 346 367 picum·
367 313 556 348 morsu
591 313 688 347 suo
716 295 773 345 in
808 301 1103 363 conspectu
1133 301 1355 345 senatus
1381 291 1618 344 necauit.
1682 290 1772 343 de-

152 385 271 419 cem
298 373 352 419 et
370 365 485 418 VII
502 363 661 417 Aelia
687 372 802 416 tum
829 362 1040 415 familia
1067 363 1302 415 eximiae
1328 361 1667 416 fortitudinis
1693 362 1772 413 ui-

151 456 242 490 ros
270 436 547 490 Cannensi
573 434 780 505 proelio
817 434 1025 486 amisit:
1068 452 1153 486 res
1189 433 1410 504 publica
1444 432 1774 504 procedente

151 518 394 578 tempore
414 505 484 558 ad
508 524 777 557 summum
797 505 1015 576 imperii
1036 505 1320 574 fastigium
1341 506 1596 556 excessit.
1634 503 1770 556 haec
1803 519 1825 551 5

151 579 408 630 nimirum
435 576 685 648 exempla
713 575 866 629 Sulla
894 584 946 628 et
970 575 1180 628 Marius
1211 584 1264 627 et
1292 575 1468 628 Cinna
1494 584 1776 645 tamquam

153 648 322 701 stulta
345 647 601 700 riserunt.

259 719 311 772 5.
338 718 400 771 P.
416 718 622 771 Decius
637 718 761 770 Mus
767 759 781 785 7
810 719 903 788 qui
917 715 1259 770 consulatum
1269 717 1325 768 in
1337 716 1608 768 familiam
1622 734 1778 767 suam
1791 731 1797 734 ’

152 790 362 861 primus
389 788 594 855 intulit,
622 808 747 841 cum
768 789 968 842 Latino
996 787 1140 841 bello
1162 788 1470 841 Romanam
1495 788 1671 840 aciem
1698 787 1776 838 in·

155 860 414 913 clinatam
462 867 516 912 et
558 878 732 930 paene
784 860 896 911 iam
939 866 1277 930 prostratam
1319 858 1561 924 uideret⁷
1613 864 1779 929 caput
1808 874 1849 906 ιο

156 949 314 983 suum
339 948 437 1001 pro
465 929 640 983 salute
667 931 747 982 rei
771 930 1023 1000 publicae
1052 929 1276 982 deuouit
1295 949 1359 982 ac
1380 930 1631 1000 protinus
1654 948 1779 983 con-

156 1002 324 1054 citato
360 1019 497 1072 equo
533 1001 590 1052 in
623 1001 866 1054 medium
898 1001 1139 1054 hostium
1175 1018 1373 1070 agmen
1397 1001 1612 1071 patriae
1638 999 1779 1052 salu-

156 1083 295 1139 tem,
340 1071 447 1124 sibi
491 1080 721 1125 mortem
766 1081 956 1142 petens
994 1072 1226 1142 inrupit,
1271 1071 1526 1142 factaque
1571 1071 1782 1141 ingenti

157 1151 339 1212 strage
364 1141 615 1212 plurimis
645 1142 767 1195 telis
797 1144 1025 1196 obrutus
1054 1161 1219 1213 super
1245 1143 1468 1196 corruit.
1531 1161 1600 1195 ex
1626 1143 1779 1194 cuius

154 1212 472 1266 uulneribus
502 1222 556 1266 et
583 1211 851 1282 sanguine
877 1214 1158 1284 insperata
1183 1214 1418 1267 uictoria
1444 1214 1685 1266 emersit.
1801 1225 1843 1258 15

263 1284 313 1336 6.
353 1284 589 1336 Vnicum
623 1283 750 1336 talis
786 1285 1134 1356 imperatoris
1162 1285 1441 1354 specimen
1467 1292 1637 1351 esset,
1675 1284 1783 1336 nisi

157 1355 339 1407 animo
368 1373 464 1407 suo
492 1355 916 1425 respondentem
941 1355 1115 1407 filium
1143 1355 1435 1422 genuisset.
1474 1356 1520 1407 is
1547 1373 1782 1425 namque

156 1427 215 1477 in
249 1433 440 1496 quarto
479 1425 768 1479 consulatu
803 1427 974 1497 patris
1014 1425 1324 1497 exemplum
1363 1435 1578 1479 secutus
1619 1426 1782 1478 deuo-

157 1496 304 1549 tione
333 1495 516 1562 simili7
546 1514 717 1567 aeque
745 1505 968 1550 strenua
994 1516 1206 1568 pugna,
1235 1505 1603 1551 consentaneo
1631 1497 1784 1549 exitu

156 1565 394 1619 labantis
420 1567 771 1638 perditasque
798 1568 943 1620 uires
970 1568 1124 1621 urbis
1150 1578 1372 1621 nostrae
1400 1569 1658 1622 correxit.
1703 1568 1784 1620 ita
1806 1569 1849 1611 20'

162 1636 374 1689 dinosci
413 1636 647 1692 arduum
693 1646 777 1691 est
817 1647 1002 1690 utrum
1046 1638 1295 1690 Romana
1338 1640 1535 1691 ciuitas
1579 1638 1783 1690 Decios

159 1706 347 1766 utilius
385 1706 637 1759 habuerit
672 1708 835 1761 duces
864 1728 935 1761 an
961 1711 1234 1775 amiserit,
1273 1710 1530 1780 quoniam
1555 1710 1672 1761 uita
1698 1726 1783 1760 eo-

160 1795 283 1828 rum
306 1796 374 1828 ne
399 1777 712 1830 uinceretur
739 1779 975 1846 obstitit,
1003 1798 1149 1832 mors
1179 1779 1311 1832 fecit
1335 1790 1396 1833 ut
1420 1780 1685 1832 uinceret.

226 1874 228 1877 v
270 1849 319 1900 7.
358 1847 483 1901 Non
510 1856 594 1900 est
621 1850 898 1902 extinctus
926 1869 1024 1920 pro
1052 1869 1110 1902 re
1135 1850 1360 1920 publica
1397 1850 1643 1920 superior
1662 1847 1783 1902 Sci-

161 1919 253 1989 pio
283 1917 606 1986 Africanus,
643 1920 740 1972 sed
777 1920 1093 1973 admirabili
1127 1921 1330 1974 uirtute
1356 1940 1425 1980 ne
1451 1939 1536 1973 res
1564 1919 1785 1991 publica
1809 1933 1849 1966 25

163 1991 581 2058 extingueretur
614 1990 886 2060 prouidit:
939 1991 1207 2061 siquidem
1243 2011 1368 2044 cum
1395 1990 1618 2044 adflicta
1645 1990 1786 2044 Can·

162 2059 321 2112 nensi
346 2058 500 2112 clade
524 2061 659 2114 urbs
686 2069 873 2113 nostra
899 2061 1035 2113 nihil
1074 2062 1226 2115 aliud
1289 2081 1418 2114 uam
1443 2062 1648 2133 praeda
1671 2062 1784 2114 uic-

164 2131 299 2184 toris
346 2149 466 2183 esse
509 2131 840 2185 Hannibalis
885 2132 1191 2199 uideretur⁷
1242 2134 1263 2185 i
1305 2152 1479 2205 eoque
1523 2133 1786 2204 reliquiae

164 2291 276 2336 illud
310 2291 587 2351 profundum
624 2294 731 2352 egit
807 2298 847 2339 5.
900 2295 948 2339 Ρ.
986 2295 1145 2340 Decius
1172 2295 1270 2340 Mus
1296 2296 1457 2341 Latino
1494 2294 1641 2345 hello,
1679 2309 1782 2341 cuni
1806 2304 1897 2340 Par.

167 2363 306 2406 aciem
359 2376 483 2407 suam
534 2361 792 2409 inclinatam
842 2364 1042 2415 uideret,
1094 2380 1177 2426 pro
1230 2367 1431 2412 exercitu
1482 2379 1530 2411 se
1581 2366 1783 2411 deuouit.
1811 2377 1852 2409 30

167 2435 206 2475 7.
246 2429 398 2490 Scipio
425 2430 667 2478 Africanus
695 2441 802 2492 post
828 2434 1106 2480 Cannensem
1135 2436 1306 2481 cladem
1332 2434 1514 2481 Metello
1542 2435 1786 2481 consilium

284 2582 309 2620 2
332 2593 484 2621 morsu
506 2581 547 2620 B
569 2594 683 2623 corr.
707 2596 766 2623 ex
786 2596 907 2634 orsu,
930 2584 1072 2625 Marti
1094 2598 1175 2626 suo
1205 2586 1330 2628 Torr.
1353 2587 1447 2628 coll.
1471 2586 1611 2627 Nonio
1630 2599 1675 2638 p.
1700 2588 1784 2627 518

168 2643 300 2684 extr„
322 2638 432 2678 idem
453 2639 577 2678 eciam
597 2650 736 2678 manu
758 2652 842 2680 sua
864 2646 1031 2681 tentans
1109 2644 1134 2682 3
1162 2642 1255 2682 mil.
1278 2646 1373 2682 tum
1398 2639 1518 2693 (cum
1541 2642 1582 2694 b>
1604 2642 1787 2683 familia

166 2693 223 2740 B,
245 2693 420 2734 milites
440 2698 536 2734 tum
559 2694 743 2735 familia
764 2695 899 2737 Aelia
928 2697 1070 2745 Tor-r„
1094 2711 1151 2738 ex
1173 2700 1289 2738 euius
1311 2700 1488 2742 coniect.
1512 2698 1648 2740 Aelia
1669 2712 1787 2740 reee-

163 2751 322 2802 pimus-
359 2753 385 2791 6
407 2750 556 2802 syllae
579 2743 634 2790 B'
656 2747 674 2803 Η
698 2764 848 2803 cynna
869 2753 911 2793 B
971 2754 997 2794 8
1020 2754 1122 2794 Mus
1144 2754 1230 2794 Pb:
1264 2768 1341 2796 om.
1365 2754 1407 2795 B
1467 2757 1493 2796 9
1514 2754 1788 2796 inclinatam

169 2804 255 2846 BP
273 2805 372 2857 (sed
389 2807 433 2847 B
454 2812 496 2847 iu
517 2820 607 2848 ras.
629 2807 834 2860 maiore):
856 2809 1255 2862 indisciplinatam
1278 2812 1382 2852 dett.
1464 2813 1516 2853 10
1540 2816 1585 2852 et
1604 2826 1647 2866 p.
1671 2808 1785 2866 iam]

169 2871 285 2918 pene
307 2863 399 2903 iam
422 2867 467 2904 et
487 2864 530 2903 B
610 2865 661 2904 15
681 2863 955 2918 inseparata
976 2867 1019 2906 B
1041 2874 1138 2908 ante
1159 2881 1247 2908 ras.
1308 2870 1363 2909 20
1382 2868 1497 2921 itaq.
1521 2869 1544 2909 b
1612 2871 1664 2908 21
1691 2870 1786 2910 cios

169 2919 229 2966 (in
250 2917 429 2971 decios)
449 2921 491 2960 B
510 2922 553 2961 in
573 2934 662 2961 ras.
710 2947 715 2952 ·
