1924 3152
427 3 450 35 ζῷ’
470 18 475 24 ²
496 0 654 27 '‘*W³³'z
671 0 711 22 f*
730 3 741 10 ²
868 0 873 5 ¹

575 123 710 187 ⁸(ham.
741 123 815 174 vl,
844 124 873 183 g
902 127 942 167 7.
969 125 1012 169 8.
1049 122 1144 168 En,
1175 125 1214 168 1.
1242 126 1284 167 2.
1647 115 1751 169 257

125 232 312 304 itaque
350 241 404 286 et
477 225 661 302 ro'prio
700 230 919 300 ingenio
958 237 1013 283 et
1049 228 1301 300 exemplo
1337 230 1632 282 uetustatis
1659 229 1752 282 ad-

125 304 321 357 moniti
347 301 440 355 nul
465 321 497 355 a
523 302 631 355 sibi
657 302 715 353 in
740 319 798 353 re
826 301 1152 354 cessandum
1179 300 1655 353 existimauerunt.

234 406 358 455 Ext.
386 403 432 454 1.
456 400 596 454 Sunt
616 409 670 454 et
682 408 911 453 externa
932 399 1179 452 eiusdem
1199 400 1468 470 propositi
1483 398 1754 469 exempla.

126 473 251 526 Rex
299 472 717 525 Atheniensium
768 470 1011 537 CodrUS‚
1074 488 1199 522 cum
1248 470 1461 539 ingenti
1510 470 1754 523 hostium

126 543 371 597 exercitu
398 542 588 596 Attica
622 542 774 612 regio
812 541 1102 595 debilitata
1136 541 1283 593 ferro
1319 541 1545 612 ignique
1571 549 1756 594 uasta-
1778 554 1800 588 5

122 621 289 681 retur,
318 612 632 666 diffidentia
656 612 882 666 humani
909 610 1102 664 auxilii
1123 611 1194 663 ad
1204 611 1476 682 Apollinis
1499 611 1756 683 Delphici

124 683 404 739 oraculum
431 684 695 753 confugit,
722 701 928 755 perque
952 682 1166 752 legatos
1190 683 1499 735 sciscitatus
1522 691 1606 735 est
1627 701 1755 754 quo·-

123 774 251 808 nam
296 754 462 809 modo
507 763 833 825 tam-graue
878 753 1016 806 illud
1062 753 1268 807 bellum
1307 753 1508 806 discuti
1552 761 1754 824 posset.

123 825 409 907 respondit
436 825 569 878 deus
595 826 675 878 ita
700 825 863 878 finem
893 826 943 878 ei
969 824 1091 878 fore
1104 865 1119 892 ,
1149 826 1197 877 si
1223 826 1343 896 ipse
1369 823 1559 878 hostili
1585 844 1752 877 manu

126 895 445 951 oceldisset:
497 895 644 979 quod
681 896 901 967 quidem
943 913 1052 948 non
1099 895 1275 949 solum
1320 895 1452 949 totis
1490 895 1747 963 Athenis,
1776 911 1818 943 10

125 967 223 1020 sed
267 968 325 1019 in
368 974 563 1020 castris
617 966 781 1019 etiam
826 967 1112 1021 contrariis
1161 966 1530 1038 percrebruit,
1582 985 1753 1038 eoque

124 1037 334 1091 factum
370 1046 453 1091 est
488 1046 550 1090 ut
586 1038 921 1105 ediceretur,
961 1056 1029 1089 ne
1064 1037 1183 1109 quis
1214 1037 1381 1090 Codri
1408 1056 1606 1108 corpus
1635 1036 1754 1091 uul-

124 1116 358 1162 neraret.
408 1109 466 1161 id
502 1116 794 1180 postquam
831 1109 1111 1178 cognouit,
1151 1108 1416 1179 depositis
1444 1109 1754 1178 insignibus

123 1179 343 1250 imperii
392 1178 722 1232 famularem
773 1178 980 1232 cultum
1028 1179 1208 1232 induit
1258 1198 1322 1232 ac
1368 1178 1755 1250 pabulantium

123 1250 365 1304 hostium
402 1249 565 1320 globo
604 1269 660 1303 se
699 1250 901 1304 obiecit
932 1269 1208 1321 unumque
1246 1269 1316 1303 ex
1349 1251 1418 1302 iis
1454 1249 1597 1303 falce
1634 1269 1753 1322 per-
1778 1265 1821 1298 15

125 1339 347 1374 cussum
371 1321 428 1373 in
455 1321 679 1374 caedem
715 1340 869 1373 suam
908 1320 1168 1391 conpulit.
1229 1322 1382 1374 cuius
1422 1321 1650 1374 interitu
1686 1341 1756 1375 ne

124 1392 376 1445 Athenae
403 1392 717 1446 occiderent
744 1392 996 1446 effectum
1022 1400 1124 1445 est.

229 1476 280 1530 2.
322 1477 412 1530 Ab
460 1476 649 1530 eodem
695 1477 849 1530 fonte
893 1477 1116 1548 pietatis
1157 1475 1496 1547 Thrasybuli
1539 1496 1755 1548 quoque

126 1547 339 1600 animus
376 1548 639 1600 manauit.
704 1548 751 1599 is
803 1566 925 1599 cum
959 1547 1381 1601 Atheniensium
1424 1548 1621 1602 urbem
1658 1549 1751 1601 tri-

125 1617 281 1686 ginta
325 1626 684 1687 tyrannorum
727 1619 1048 1672 taeterrima
1094 1617 1465 1672 dominatione
1510 1619 1752 1673 liberare
1780 1631 1822 1663 20

126 1695 348 1758 cuperet
383 1707 558 1758 parua
597 1707 665 1740 ue
700 1707 867 1741 manu
899 1690 1174 1742 maximae
1209 1689 1290 1741 rei
1325 1688 1523 1742 molem
1560 1690 1751 1760 adgre-

127 1753 350 1811 deretur
378 1766 430 1811 et
493 1760 551 1810 ui
594 1777 683 1810 am
718 1778 746 1811 e
783 1760 1015 1813 consciis
1055 1759 1293 1812 dixisset
1331 1765 1597 1830 ‘quantas
1637 1769 1757 1812 tan-

126 1829 249 1882 dem
275 1829 382 1882 tibi
407 1829 484 1882 At
525 1847 659 1882 enae
695 1848 793 1900 per
827 1837 881 1882 te
919 1827 1231 1883 libertatem
1270 1838 1594 1883 consecutae
1631 1849 1755 1901 gra-

124 1901 231 1952 tias
283 1899 633 1954 debebunt‘?'
696 1919 783 1953 res
828 1899 983 1953 ondit
1038 1900 1122 1953 ‘di
1169 1900 1376 1953 faciant
1415 1909 1476 1954 ut
1520 1909 1752 1973 quantas

125 1970 243 2042 ipse
302 1969 411 2023 illis
474 1970 647 2024 debeo
705 1919 901 2024 uiciear
960 1970 1288 2024 rettulisse'.
1375 1991 1480 2042 quo
1532 1971 1755 2025 adfectu
1777 1984 1820 2016 25

232 2106 271 2148 1.
311 2103 402 2149 Rex
422 2104 769 2150 Atheniensium
797 2104 987 2155 Codrus,
1017 2105 1206 2151 obsessa
1232 2106 1379 2166 patria
1406 2121 1430 2151 a
1449 2106 1748 2152 Lacedaemo·
1773 2102 1868 2137 Par·

123 2173 235 2224 niis,
257 2188 367 2221 cum
394 2189 474 2220 sua
501 2183 650 2221 morte
678 2176 843 2222 scisset
869 2190 1007 2236 posse
1034 2175 1133 2232 fieri
1159 2177 1384 2222 uictorem
1411 2177 1633 2238 populum
1650 2213 1660 2231 ,
1689 2176 1751 2223 fa-

124 2244 342 2291 mularem
369 2245 515 2291 induit
541 2246 738 2297 cultum,
776 2254 912 2307 atque
947 2248 1009 2304 ita
1035 2246 1349 2307 pabulantium
1378 2248 1581 2293 hostium
1609 2247 1750 2308 globo

128 2328 175 2359 se
213 2315 379 2361 obiecit
415 2323 459 2361 et
493 2331 635 2362 unum
675 2331 728 2363 ex
765 2318 835 2363 his
873 2312 987 2364 falce
1013 2331 1281 2378 percussum
1319 2320 1365 2363 in
1404 2319 1583 2364 caedem
1623 2333 1749 2364 suam

129 2385 345 2444 conpulit.
396 2390 435 2430 2.
465 2386 775 2447 Thrasybulus
802 2403 904 2434 cum
931 2388 984 2434 de
1010 2404 1115 2434 xxx
1141 2395 1440 2448 tyrannorum
1466 2396 1615 2435 morte
1642 2404 1749 2435 con·
1774 2402 1818 2434 30

129 2453 281 2520 silium
316 2455 472 2506 iniret,
510 2456 689 2503 dicente
718 2458 804 2503 sibi
831 2460 974 2504 amico
1013 2459 1261 2519 ‘quantum
1289 2459 1371 2504 tibi
1411 2462 1586 2519 gratiae
1614 2460 1750 2506 debe-

126 2523 241 2569 bunt
266 2525 625 2572 Athenienses?'
663 2528 902 2588 respondit
938 2529 1011 2574 ‘di
1038 2529 1205 2574 faciant
1231 2536 1283 2574 ut
1311 2535 1504 2590 quantas
1532 2531 1628 2590 ipse
1656 2529 1748 2575 illis

244 2650 264 2687 1
298 2652 343 2689 et
367 2647 484 2699 (ante
507 2647 601 2702 ex.)
624 2664 700 2690 om.
724 2643 779 2690 B'
847 2653 872 2691 3
903 2650 1019 2691 Sunt
1048 2656 1093 2692 et
1121 2654 1224 2692 dett.
1248 2654 1379 2703 pauci
1399 2658 1441 2692 et
1461 2667 1521 2693 m:
1553 2671 1598 2694 ια*
1620 2653 1678 2704 B,
1704 2657 1750 2694 et

125 2706 320 2758 plerique
381 2708 406 2747 5
427 2704 602 2759 Attica]
627 2707 826 2747 matrica
847 2707 889 2747 B
910 2703 928 2760 Η
949 2708 1045 2760 igni
1066 2708 1109 2748 B
1152 2709 1204 2748 10
1226 2707 1420 2749 Athenis
1443 2709 1524 2751 sed
1545 2711 1750 2763 Pighius:

129 2761 430 2803 athenienses
451 2762 493 2802 B
531 2763 892 2813 (atheniensium
914 2764 961 2803 in
987 2765 1152 2805 castris
1174 2763 1256 2804 sed
1278 2763 1325 2818 b)
1410 2767 1460 2806 12
1486 2767 1613 2808 codri
1635 2780 1749 2808 corr.

129 2828 187 2856 ex
208 2817 335 2859 cordi
355 2819 398 2858 B
477 2821 531 2860 14
560 2820 841 2861 familiarem
863 2813 918 2860 B'
998 2822 1050 2861 15
1079 2822 1444 2874 obieenmumq.
1466 2816 1523 2863 B'
1562 2821 1581 2879 Η
1613 2824 1685 2864 his
1706 2823 1750 2863 B

70 2895 72 2897 -
128 2873 182 2912 22
213 2886 236 2914 e
258 2874 300 2914 B
318 2888 354 2918 s.
377 2878 406 2916 l.
485 2878 539 2917 23
567 2890 648 2929 per
669 2880 714 2918 te
736 2877 779 2917 B
800 2890 913 2918 corr.
938 2892 960 2918 e
979 2875 1080 2931 pter
1167 2880 1221 2920 25
1252 2892 1340 2933 quo
1364 2879 1537 2921 affectu
1556 2896 1606 2933 m,
1632 2879 1750 2933 quod

130 2927 394 2981 adfectfiB,
418 2946 548 2985 quem
571 2933 805 2975 adfectum
828 2935 931 2975 dett.
953 2935 1028 2976 alii
1714 2938 1730 2954 ⁸

213 3013 318 3044 νη..
342 3014 452 3047 MAX.
1427 3006 1489 3057 17
