1878 3132
212 153 278 206 76
905 157 1006 204 LIB.
1046 159 1096 204 11.

207 266 399 319 urbem
427 264 768 317 deuehendos
809 274 1155 318 curauerunt.
1207 265 1401 336 quibus
1438 276 1492 320 et
1516 269 1687 322 honos
1713 270 1823 340 pri-

210 338 381 389 stinus
409 336 695 387 restitutus
725 343 778 386 et
802 335 1027 387 huiusce
1051 334 1203 388 lusus
1231 337 1314 388 ius
1344 344 1428 389 est
1454 337 1659 391 datum.
1703 358 1822 409 per-

210 424 465 459 sonarum
513 423 643 457 usus
693 404 960 475 pudorem
1019 406 1420 460 circumuentae
1471 407 1826 462 temulentiae

208 494 428 529 causam
454 475 638 528 habet.

165 566 185 597 5
315 546 364 598 5.
414 546 543 598 Fuit
569 546 730 597 etiam
755 544 850 596 illa
877 545 1195 616 simplicitas
1234 547 1581 618 antiquorum
1615 549 1672 599 in
1698 549 1821 602 cibo

209 616 472 686 capiendo
515 616 871 669 humanitatis
918 616 1077 668 simul
1127 626 1181 669 et
1225 619 1593 672 continentiae
1637 620 1824 672 certis-

208 687 346 739 sima
379 685 565 738 index.
622 704 749 737 nam
774 687 1030 738 maximis
1067 688 1202 739 uiris
1239 688 1506 758 prandere
1541 695 1595 741 et
1629 707 1823 741 cenare

206 758 262 808 in
300 755 587 826 propatulo
624 757 987 809 uerecundiae
1021 776 1129 810 non
1167 766 1298 811 erat.
1373 777 1473 810 nec
1511 777 1642 811 sane
1682 758 1824 811 ullas

208 826 397 898 epulas
425 826 731 893 habebant,
769 845 902 897 quas
930 826 1119 897 populi
1154 828 1322 880 oculis
1352 829 1598 881 subicere
1637 829 1824 882 erube·

147 917 186 948 10
211 905 438 950 scerent.
490 905 646 949 erant
673 896 810 948 adeo
839 897 1201 950 continentiae
1228 898 1457 965 adtenti,
1486 908 1549 952 ut
1572 899 1825 969 frequen-

207 968 315 1021 tior
341 966 490 1037 apud
526 985 615 1018 eos
642 966 806 1037 pultis
843 986 972 1019 usus
1001 986 1163 1038 quam
1198 969 1356 1038 panis
1385 978 1555 1036 esset,
1590 968 1826 1040 ideoque

208 1039 268 1090 in
293 1037 574 1090 sacrificiis
602 1036 745 1090 mola
771 1056 909 1107 quae
946 1046 1178 1091 uocatur
1204 1057 1274 1090 ex
1300 1039 1447 1091 farre
1483 1047 1537 1092 et
1563 1039 1676 1091 sale
1704 1058 1826 1092 con*

210 1117 338 1161 stat.
391 1114 518 1160 exta
543 1108 689 1159 farre
712 1115 1043 1188 sparguntur
1069 1117 1123 1161 et
1141 1108 1326 1178 pullis,
1355 1110 1552 1179 quibus
1579 1109 1828 1180 auspicia

207 1186 492 1249 petuntur,
519 1177 642 1247 puls
671 1178 923 1231 oblcitur.
973 1179 1224 1249 primitus
1252 1179 1394 1231 enim
1420 1198 1489 1231 ex
1514 1178 1825 1232 libamentis

144 1266 187 1299 15
209 1248 384 1300 uictus
438 1249 526 1300 sui
572 1247 699 1300 deos
752 1266 813 1300 eo
875 1247 1153 1300 efficacius
1205 1268 1310 1319 quo
1364 1249 1662 1319 simplicius
1711 1249 1827 1319 pla-

209 1319 429 1372 cabant.

319 1389 369 1440 6.
417 1388 491 1439 Et
516 1395 722 1440 ceteros
751 1388 970 1457 quidem
1004 1388 1076 1440 ad
1111 1389 1826 1443 benefaciendum'uenera-

208 1459 440 1523 bantur,
477 1457 711 1510 Febrem
747 1467 929 1510 autem
956 1459 1027 1510 ad
1052 1459 1229 1511 minus
1266 1458 1574 1512 nocendum
1610 1459 1825 1530 templis

213 1527 483 1593 colebant,
512 1546 741 1597 quorum
767 1527 944 1580 adhuc
968 1548 1135 1580 unum
1160 1531 1217 1581 in
1241 1529 1455 1583 Palatio
1471 1570 1484 1597 ,
1515 1529 1746 1583 alterum
1771 1530 1828 1581 in

148 1616 190 1649 20
214 1617 342 1651 area
365 1597 740 1650 Marianorum
764 1607 1262 1666 monumentorum,
1291 1600 1509 1652 tertium
1534 1600 1592 1651 in
1618 1618 1829 1652 summa

211 1676 367 1739 parte
393 1668 502 1719 uici
527 1667 676 1737 longi
703 1676 874 1735 extat,
904 1669 959 1720 in
989 1688 1158 1740 eaque
1184 1670 1443 1736 remedia,
1473 1689 1612 1741 quae
1638 1688 1826 1741 corpo-

210 1739 363 1791 ribus
393 1756 679 1807 aegrorum
707 1738 924 1791 adnexa
949 1740 1194 1806 fuerant,
1225 1740 1629 1793 deferebantur.
1692 1740 1828 1792 haec

213 1809 285 1861 ad
304 1809 572 1860 humanae
592 1809 787 1861 mentis
816 1817 999 1862 aestus
1023 1809 1306 1863 leniendos
1336 1830 1459 1863 cum
1486 1809 1670 1881 aliqua
1694 1829 1826 1863 usus

212 1879 424 1932 ratione
463 1879 794 1947 excogitata.
855 1888 1097 1932 ceterum
1140 1880 1522 1934 salubritatem
1559 1899 1713 1932 suam
1747 1881 1826 1950 in-

149 1965 191 1998 25
214 1950 459 2002 (lustriae
487 1949 788 2002 certissimo
818 1968 880 2001 ac
899 1949 1216 2003 fidelissimo
1243 1951 1575 2003 munimento
1602 1951 1827 2003 tueban-

213 2028 328 2085 tur,
363 2020 649 2089 bonaeque
675 2019 996 2071 ualitudinis
1025 2038 1211 2071 eorum
1237 2020 1394 2090 quasi
1422 2019 1689 2090 quaedam
1716 2039 1826 2072 ma-

212 2088 295 2141 ter
323 2098 440 2141 erat
465 2089 770 2157 frugalitas,
797 2089 1016 2140 inimica
1042 2089 1338 2143 luxuriosis
1367 2089 1540 2160 epulis
1570 2098 1624 2142 et
1651 2089 1830 2141 aliena

213 2158 413 2211 nimiae
455 2159 570 2210 uini
614 2158 981 2211 abundantiae
1029 2169 1081 2212 et
1118 2160 1187 2212 ab
1233 2161 1568 2213 inmoderato
1612 2161 1826 2212 ueneris

214 2249 318 2282 usu
347 2247 557 2281 auersa.

150 2313 193 2347 3'0
322 2298 423 2352 VI.
469 2300 514 2350 1.
556 2298 711 2350 Idem
739 2299 908 2351 sensit
942 2301 1195 2369 proxima
1221 2301 1483 2353 maiorum
1519 2308 1830 2353 nostrorum

215 2369 475 2439 grauitati
498 2369 768 2439 Spartana
795 2370 1011 2436 ciuitaS,
1041 2389 1179 2440 quae
1206 2371 1567 2423 seuerissimis
1587 2370 1829 2440 Lycurgi

102 2524 194 2560 Par.
220 2522 394 2561 xerunt.
448 2515 612 2575 quibus
641 2523 685 2560 et
710 2516 933 2575 pristinus
960 2516 1110 2562 honor
1135 2519 1376 2563 restitutus
1413 2523 1459 2563 et
1485 2517 1673 2562 huiusce
1701 2516 1828 2561 lusus

217 2589 286 2631 ius
325 2593 396 2631 est
429 2586 594 2630 datum.
662 2600 960 2645 personarum
999 2601 1109 2632 usus
1136 2587 1354 2646 pudorem
1395 2589 1727 2633 circumuentae
1765 2593 1829 2630 te·

334 2724 354 2760 1
386 2723 493 2780 urbe
519 2721 560 2760 B
591 2719 609 2775 ΙΙ
637 2723 859 2774 pristinus
881 2723 923 2762 B
943 2724 985 2763 in
1006 2736 1094 2763 ras.
1160 2726 1210 2765 10
1233 2724 1520 2764 continenter
1539 2744 1596 2750 —-
1616 2722 1831 2771 frequen·

218 2782 287 2818 ter
308 2777 349 2816 B
411 2779 461 2816 12
493 2779 751 2818 uocabatur
771 2779 825 2827 B,
859 2793 932 2820 em.
961 2780 1144 2831 Guyetzcs
1166 2787 1208 2820 ec
1227 2781 1349 2831 Lips.
1413 2781 1466 2818 14
1498 2775 1572 2831 ex]
1609 2781 1653 2817 et
1675 2776 1716 2816 B
1778 2778 1828 2816 17

217 2833 582 2898 beneficiendum
610 2828 666 2873 B'
724 2836 780 2874 25
810 2839 1099 2876 monumento
1130 2836 1192 2882 B,
1234 2849 1308 2876 em.
1335 2835 1508 2887 Piylaeius
1566 2834 1620 2874 27
1650 2832 1828 2885 fragili-

218 2895 291 2932 tas
314 2890 386 2987 {2
408 2946 535 2987 lusus
557 2947 626 2986 ius
655 2948 755 2986 Vin
776 2960 865 2988 ras.
926 2950 979 2988 33
1001 2947 1135 2987 datus
1164 2949 1208 2987 V
1346 2918 1347 2921 Ἴ
