1936 3120
379 149 403 194 ἢ
747 138 867 185 ΟΑΡ.
890 137 960 189 vi,
986 137 1016 196 S
1044 139 1182 183 1—5.
1668 132 1772 188 361

153 247 284 299 stini
321 252 728 316 permanerent,
776 245 962 297 euenit
995 251 1058 296 ut
1093 262 1164 296 ex
1198 244 1276 296 eis
1314 244 1541 314 quidam
1563 263 1774 296 murem

153 326 376 388 captum
413 315 661 368 ducentis
699 315 881 385 potius
921 314 1159 366 denariis
1193 314 1431 367 uendere
1468 333 1629 385 quam
1655 315 1773 386 ipse

153 385 439 440 leniendae
458 386 623 438 famis
647 386 830 454 gratia
849 403 1170 437 consumere
1186 384 1389 437 mallet.
1445 385 1560 451 sed,
1589 388 1772 452 cred0,

155 457 381 511 deorum
414 455 762 527 prouidentia
801 456 1104 523 [effectum]
1145 463 1198 506 et
1233 455 1508 508 uenditori
1546 463 1600 508 et
1627 474 1773 526 emp-

153 529 260 581 tori
281 545 441 598 quem
459 534 687 597 uterque
708 526 1024 578 merebatur
1044 527 1251 578 exitum
1271 526 1565 579 adtribuit:
1602 545 1771 578 auaro
1795 540 1816 574 5

154 599 298 651 enim
322 597 469 649 fame
496 605 818 667 consumpto
846 597 1121 649 manubiis
1151 596 1395 649 sordium
1417 615 1636 649 suarum
1660 597 1774 648 frui

152 687 261 722 non
297 669 476 734 licuit,
527 668 688 738 aequi
723 667 891 719 animi
927 667 1013 718 uir
1052 666 1123 718 ad
1158 666 1454 719 salutarem
1487 668 1775 738 inpensam

154 738 468 792 faciendam
496 757 622 791 care
650 737 898 808 quidem,
927 756 1120 789 uerum
1146 739 1454 790 necessarie
1478 745 1773 809 conparato

155 809 278 871 cibo
304 809 476 861 uixit..
1363 820 1365 823 ’

264 888 314 935 4.
355 877 415 931 C.
446 887 629 931 autem
655 878 834 931 Mario
863 878 959 930 Cn.
992 878 1242 931 Carbone
1280 878 1595 932 consulibus
1623 877 1773 931 ciuili
1796 891 1839 924 10

153 949 299 1003 bello
337 968 460 1001 cum
495 949 560 1001 L.
597 948 749 1002 Sulla
784 948 1207 1016 dissidentibus,
1245 968 1349 1018 quo
1387 957 1629 1020 tempore
1666 968 1774 1002 non

156 1021 237 1073 rei
263 1019 516 1090 publicae
542 1020 780 1072 uictoria
806 1019 1190 1089 quaerebatur,
1220 1020 1316 1072 sed
1340 1021 1644 1090 praemium
1661 1021 1772 1073 uic-

155 1092 330 1144 toriae
356 1109 442 1142 res
471 1099 588 1142 erat
614 1089 851 1159 publica,
885 1098 1108 1141 senatus
1138 1089 1385 1142 consulto
1414 1109 1582 1142 aurea
1608 1099 1773 1161 atque

155 1169 418 1230 argentea
443 1159 769 1230 templorum
795 1170 1142 1225 ornamenta,
1183 1180 1252 1212 ne
1278 1161 1544 1214 militibus
1574 1162 1772 1231 stipen-

157 1231 250 1284 dia
278 1231 553 1296 deessent,
592 1230 829 1283 conflata
866 1238 1007 1282 sunt.
1077 1231 1243 1299 digna
1269 1233 1413 1283 enim
1442 1250 1608 1283 causa
1635 1240 1770 1298 erat,
1796 1243 1839 1276 15

154 1302 282 1354 hine
317 1320 388 1353 an
422 1301 503 1352 illi
539 1301 916 1353 crudelitatem
953 1320 1105 1352 suam
1180 1302 1541 1371 roscriptione
1568 1302 1774 1354 ciuium

155 1374 451 1439 satiarent,
487 1381 549 1425 ut
587 1371 643 1424 di
678 1370 1011 1423 immortales
1051 1321 1444 1442 spoliarentur!
1507 1391 1613 1426 non
1642 1390 1771 1441 ergo

154 1450 372 1514 patrum
407 1444 841 1512 conscriptorum
867 1441 1120 1494 uoluntas
1135 1472 1170 1508 ,·
1193 1443 1287 1494 sed
1315 1444 1660 1495 taeterrimae
1684 1462 1774 1495 ne-

155 1513 427 1565 cessitatis
454 1513 764 1565 truculenta
800 1531 995 1564 manus
1022 1512 1102 1565 illi
1128 1513 1377 1566 consulto
1405 1513 1591 1565 stilum
1617 1532 1774 1566 suum

156 1583 438 1653 inpressit.
1027 1618 1029 1621 >
1797 1607 1840 1638 20

262 1653 314 1705 5.
351 1653 487 1704 Diui
513 1652 620 1704 Iuli
647 1653 942 1717 exercitus,
970 1654 1027 1705 id
1053 1662 1134 1705 est
1160 1653 1355 1705 inuicti
1383 1653 1539 1706 ducis
1567 1655 1775 1706 inuicta

159 1723 403 1788 dextera,
433 1742 553 1775 cum
581 1724 746 1774 armis
767 1722 1032 1774 Mundam
1051 1723 1340 1775 clausisset
1359 1725 1655 1794 aggerique
1682 1743 1772 1776 ex-

158 1794 390 1846 truendo
418 1795 645 1844 materia
673 1792 1010 1858 deficeretur,
1040 1794 1293 1861 congerie
1314 1793 1593 1846 hostilium
1616 1795 1773 1846 cada—

155 1882 345 1916 uerum
365 1883 527 1934 quam
548 1863 957 1914 desiderauerat
978 1863 1327 1915 altitudinem
1345 1865 1610 1916 instruxit
1631 1883 1773 1916 eam-

158 1953 264 2005 que
298 1933 529 2003 tragulis
566 1942 619 1986 et
654 1932 806 2004 pilis,
854 1934 980 2003 quia
1016 1935 1281 1986 roboreae
1317 1934 1480 1986 sudes
1529 1935 1772 2000 deerant,
1797 1957 1838 1989 25

157 2096 223 2141 eis
252 2095 434 2155 quidam
460 2108 634 2139 murem
657 2100 836 2154 captum
865 2106 927 2139 oo
955 2094 1152 2138 denariis
1178 2094 1421 2145 uenderet,
1459 2109 1559 2140 cum
1595 2102 1640 2140 et
1675 2097 1773 2155 ipse
1798 2115 1890 2148 par,

158 2166 312 2211 eadem
342 2171 546 2226 egestate
583 2171 882 2225 premeretur.
944 2166 1097 2223 itaque
1134 2165 1207 2208 hic
1234 2165 1415 2224 quidem
1442 2167 1594 2227 inopia
1621 2166 1774 2212 deces-

157 2238 242 2286 sit,
287 2237 364 2296 qui
402 2243 572 2280 emerat
619 2236 746 2280 uixit.
821 2239 860 2278 4.
901 2235 945 2279 C.
986 2235 1123 2280 Mario
1161 2231 1236 2279 Cn.
1275 2235 1477 2281 Carbone
1514 2251 1632 2282 coss.
1672 2251 1772 2282 cum

158 2305 281 2350 Sulla
310 2306 635 2350 dissidentibus
663 2312 849 2350 senatus
877 2305 1086 2350 consulto
1115 2319 1246 2350 aurea
1276 2313 1321 2350 et
1341 2314 1555 2365 argentea
1584 2308 1774 2367 templo—

158 2389 259 2419 rum
297 2382 560 2420 ornamenta
596 2377 640 2419 in
677 2376 903 2434 stipendia
938 2375 1130 2419 militum
1172 2375 1363 2420 conflata
1400 2384 1520 2421 suut.
1595 2382 1635 2422 5.
1675 2379 1773 2422 Diui
1796 2388 1838 2419 30

83 2471 85 2474 <
158 2445 258 2489 lulii
285 2446 511 2490 exercitus
539 2459 640 2489 cum
667 2446 802 2490 armis
824 2445 1030 2488 Mundam
1054 2445 1266 2490 clusisset
1286 2448 1536 2506 aggerique
1557 2448 1775 2492 struendo

196 2612 200 2615 ’
274 2597 295 2634 1
322 2596 388 2635 eis
411 2596 474 2634 P.-
505 2595 577 2634 his
599 2594 641 2633 B
721 2596 745 2633 2
775 2594 917 2634 dariis
939 2589 993 2633 B'
1033 2590 1051 2647 Η
1090 2595 1190 2646 ipse
1212 2595 1320 2634 DF.-
1352 2596 1450 2647 ipse
1472 2597 1626 2647 potius
1647 2596 1690 2636 B
1748 2599 1776 2637 4

160 2651 378 2692 effectum
399 2653 481 2691 iam
501 2653 546 2691 in
565 2651 607 2690 B
628 2657 870 2703 punctatum
888 2653 1071 2701 ylossam
1093 2663 1186 2690 esse
1207 2652 1315 2690 uidit
1335 2652 1509 2702 Pighius
1587 2653 1612 2691 6
1654 2653 1775 2692 enim

158 2709 258 2750 edd.
287 2713 417 2749 uett.:
459 2708 578 2747 enim
602 2711 648 2746 et
668 2707 733 2756 B,
769 2708 889 2746 enim
912 2719 967 2746 ex
996 2706 1136 2754 Torr„
1171 2707 1291 2746 enim
1313 2710 1364 2746 ut
1384 2709 1592 2749 Foertsclz
1614 2709 1685 2758 II,
1713 2711 1773 2750 33

158 2766 185 2806 8
206 2765 501 2805 necessariae
524 2757 580 2803 B'
661 2765 712 2802 12
735 2763 987 2815 proemium
1007 2762 1050 2802 B
1131 2764 1184 2802 14
1204 2763 1390 2803 milibus
1411 2758 1465 2803 B'
1541 2765 1591 2804 18
1614 2765 1774 2805 sedate

157 2821 394 2862 teterrime
417 2820 714 2860 necessitatis
737 2819 793 2868 B,
820 2819 900 2860 sed
921 2822 1004 2859 tua
1026 2820 1263 2859 teterrima
1285 2821 1542 2861 necessitas
1563 2822 1587 2861 b
1653 2824 1705 2861 21
1729 2821 1774 2860 id

161 2880 233 2917 est
253 2879 350 2918 edd.
374 2883 502 2919 uett.:
534 2877 654 2916 idem
676 2876 718 2915 B
778 2877 831 2916 22
856 2875 1071 2915 elusisset
1093 2889 1135 2916 a.
1159 2875 1374 2916 struendo
1396 2878 1438 2917 P

272 2935 326 2973 26
359 2931 452 2986 CC]
476 2931 598 2973 XCC
628 2925 687 2972 V'
