1924 3152
147 155 151 159 .
192 111 294 163 124
887 115 986 160 LlB.
1023 115 1090 160 lll.

190 224 572 294 detractasque
614 222 827 344 corpori
872 221 987 274 eius
1023 221 1250 275 exuuias
1285 240 1454 276 ouans
1497 222 1707 279 laetitia
1741 225 1799 276 in

189 303 367 347 castra
392 293 619 346 rettulit.
668 293 686 343 i
729 311 813 345 em
838 292 1160 362 Pyrresum,
1193 292 1480 347 nobilitate
1506 313 1571 348 ac
1594 294 1800 349 uirtute
1864 319 1870 330 =

190 383 374 417 omnes
404 363 705 421 Celtiberos
740 372 1135 433 praestantem,
1181 382 1304 416 cum
1339 365 1407 418 ab
1446 383 1508 418 eo
1541 365 1599 417 in
1625 372 1798 433 certa-

189 453 313 486 men
339 452 557 506 pugnae
578 434 872 487 deuocatus
902 443 1060 501 esset,
1090 435 1442 487 succumbere
1469 435 1574 489 sibi
1601 437 1797 505 coegit.
1844 436 1848 438 ’

139 530 158 560 5
189 524 287 558 nec
332 506 552 558 erubuit
584 504 992 574 flagrantissimi
1036 506 1275 575 pectoris
1310 506 1522 558 iuuenis
1558 506 1800 575 gladium

190 578 239 628 ei
275 594 431 628 suum
467 584 522 628 et
557 574 803 645 sagulum
830 583 1065 646 >utroque
1102 579 1344 628 exercitu
1379 584 1660 646 spectante
1694 584 1802 629 tra-

191 648 333 700 dere.
394 645 487 698 ille
521 665 650 699 uero
689 647 852 698 etiam
878 647 1038 716 petiit
1070 654 1133 697 ut
1155 645 1379 716 hospitii
1414 647 1532 699 iure
1565 647 1707 699 inter
1742 665 1802 699 se

187 717 360 770 iuncti
399 724 607 783 essent,
659 716 878 786 quando
922 718 1064 768 inter
1097 717 1373 769 Romanos
1410 723 1464 768 et
1498 716 1801 770 Celtiberos

187 806 299 859 pax
326 787 468 841 foret
492 788 763 840 restituta.

126 882 167 911 10
295 858 382 909 22.
420 857 504 910 Ne
525 856 765 910 Acilium
793 857 1010 927 quidem
1039 858 1334 926 praeterire
1359 875 1665 927 possumuS,
1728 858 1802 925 ui,

190 948 312 981 cum
339 928 600 981 decumae
627 927 857 996 legionis
883 926 1038 979 miles
1065 945 1165 997 pro
1187 926 1249 979 C.
1274 927 1527 980 Caesaris
1551 928 1698 998 parti
1737 946 1802 979 us

190 1001 467 1052 maritima
490 1017 677 1069 pugna
702 996 1087 1068 proeliaretur,
1117 997 1338 1050 abscisa
1363 997 1614 1065 dextera,
1677 1016 1803 1050 uam

189 1069 614 1122 Massiliensium
648 1069 779 1120 naui
816 1069 1103 1134 iniecerat,
1155 1067 1312 1119 laeua
1349 1069 1578 1139 puppim
1612 1087 1645 1121 a
1684 1087 1803 1139 pre·

189 1139 408 1206 hendit,
446 1158 546 1191 nec
572 1146 698 1191 ante
726 1138 988 1190 dimicare
1017 1138 1228 1190 destitit
1252 1156 1413 1208 quam
1439 1145 1656 1208 captam
1680 1157 1802 1208 pro-

128 1231 168 1262 15
190 1208 361 1262 fundo
407 1218 695 1279 mergeret.
772 1208 917 1280 quod
950 1208 1158 1261 factum
1192 1226 1385 1278 parum
1429 1209 1573 1260 iusta
1606 1209 1805 1262 notitia

190 1289 360 1351 patet.
414 1289 472 1332 at
498 1279 865 1350 Cynaegirum
901 1279 1321 1345 Atheniensem,
1368 1277 1532 1329 simili
1568 1279 1803 1349 pertina-

191 1353 278 1403 cia
320 1351 378 1402 in
421 1350 801 1403 consectandis
846 1349 1095 1402 hostibus
1139 1367 1324 1415 usum,
1369 1349 1605 1402 uerbosa
1640 1357 1804 1402 cantu

191 1421 413 1472 laudum
441 1439 663 1473 suarum
690 1419 927 1472 Graecia
961 1420 1200 1472 omnium
1241 1419 1580 1471 saeculorum
1606 1437 1805 1472 memo-

191 1491 308 1543 riae
333 1490 636 1543 litterarum
662 1490 950 1560 praeconio
977 1489 1292 1542 inculcauit.

129 1582 171 1614 20
299 1560 387 1613 23.
436 1559 737 1614 Classicam
771 1559 938 1613 Acilii
983 1560 1213 1629 gloriam
1245 1560 1493 1612 terrestri
1529 1559 1689 1612 laude
1724 1559 1802 1612 M.

194 1631 418 1684 Caesius
447 1630 681 1699 Scaeua,
723 1630 966 1684 eiusdem
996 1631 1341 1701 imperatoris
1370 1632 1642 1696 centuriO,
1678 1629 1821 1683 sub:

194 1710 409 1754 secutus
439 1711 539 1754 est.
603 1719 726 1753 cum
751 1719 850 1771 pro
888 1700 1110 1754 castello
1140 1702 1308 1767 enim,
1346 1701 1434 1752 cui
1458 1701 1804 1772 praepositus

195 1779 335 1838 erat,
372 1772 684 1838 dimicaret,
719 1771 1004 1842 Gnaeique
1030 1772 1257 1842 Pompei
1291 1770 1601 1841 praefectus
1627 1772 1805 1824 Iustu-

45 1951 48 1955 ,
78 1917 170 1951 Par.
199 1905 392 1965 quodam
420 1912 716 1965 prouocatus,
744 1919 845 1950 cun]
874 1919 975 1950 eum
1003 1905 1194 1963 genibus
1223 1905 1318 1950 suis
1347 1903 1629 1954 subiecisset,
1655 1905 1808 1963 coegit

130 1990 171 2021 25
196 1974 404 2034 sagulum
434 1982 478 2020 et
506 1975 702 2035 gladium
732 1975 841 2026 sibi,
870 1982 1066 2034 utroque
1093 1974 1292 2020 exercitu
1321 1979 1575 2033 spectante,
1612 1973 1809 2018 tradere.

194 2049 263 2088 22.
309 2044 481 2090 Acilius
516 2045 714 2090 decimae
750 2044 947 2104 legionis
985 2042 1115 2088 miles
1153 2058 1238 2103 pro
1275 2043 1324 2089 C.
1362 2042 1563 2088 Caesaris
1602 2042 1805 2103 partibus

194 2128 403 2175 pugnans
438 2115 663 2159 maritimo
699 2114 900 2174 proelio,
946 2113 1120 2159 abscisa
1153 2114 1360 2162 dextera,
1400 2126 1532 2172 quam
1558 2113 1806 2159 Massilien-

195 2186 310 2229 sium
347 2186 452 2229 naui
488 2184 727 2237 iniecerat,
764 2183 890 2229 laeua
927 2183 1114 2243 puppim
1153 2182 1450 2243 adprehendit
1484 2197 1567 2229 nec
1602 2189 1705 2228 ante
1742 2184 1807 2228 di-

195 2256 364 2300 micare
401 2253 575 2299 destitit
612 2268 745 2314 quam
786 2260 960 2314 captam
1000 2254 1229 2313 profundo
1268 2253 1440 2298 mersit.
1511 2257 1581 2298 23.
1623 2253 1805 2299 Caesius

80 2350 85 2375 ÷‚
133 2341 174 2373 30
199 2325 381 2375 Scaeua,
409 2324 606 2369 eiusdem
635 2325 922 2383 imperatoris
950 2325 1172 2374 centurio,
1199 2337 1300 2369 cum
1329 2338 1413 2384 pro
1441 2337 1495 2368 eo
1521 2323 1708 2369 castello
1736 2325 1807 2368 cui

196 2395 486 2456 praepositus
513 2401 607 2439 erat
629 2394 876 2445 dimicaret,
905 2401 948 2439 et
967 2394 1045 2439 Cn.
1067 2394 1252 2455 Pompei
1279 2394 1538 2455 praefectus
1563 2393 1808 2439 Iustuleius

311 2520 333 2558 1
358 2518 550 2559 exubias
572 2531 717 2558 ouans
739 2518 966 2558 laetitiam
985 2518 1027 2558 B
1087 2520 1113 2559 5
1134 2517 1492 2571 fraglantissimi
1512 2518 1556 2557 B
1614 2517 1640 2556 6
1659 2518 1804 2557 intro—

197 2587 281 2627 que
301 2567 358 2615 B'
378 2571 398 2629 Η
418 2575 710 2628 inspectante
732 2573 918 2627 Stanyer
938 2577 1032 2616 coll.
1053 2577 1208 2628 p.126‚
1232 2576 1288 2615 29
1349 2576 1400 2615 10
1422 2573 1602 2614 atilium
1622 2573 1678 2620 B,
1709 2574 1805 2612 item

196 2645 234 2669 u.
253 2633 309 2670 20
331 2631 524 2679 (Acilius
545 2632 587 2670 P
604 2637 647 2671 et
666 2631 784 2674 Suet.
809 2631 928 2672 Caes.
949 2631 1020 2681 68)
1081 2632 1132 2672 13
1154 2630 1513 2671 massiliensium
1534 2628 1576 2669 B
1595 2629 1639 2669 in
1659 2629 1801 2677 litura,

197 2685 256 2725 ad
277 2686 512 2726 silentium
537 2687 618 2727 CV
635 2684 654 2741 Η
674 2688 902 2728 iniecerat
926 2688 1010 2738 (ini
1026 2688 1069 2727 in
1086 2686 1168 2739 lit.)
1187 2687 1228 2727 B
1288 2688 1340 2727 16
1364 2685 1628 2738 cynegii-um
1649 2682 1692 2723 B
1752 2685 1805 2723 19

194 2742 456 2782 inculcauit
476 2743 659 2794 Kempf:
690 2744 898 2784 inculcat
928 2742 996 2795 (at
1017 2745 1118 2786 add.
1140 2757 1192 2783 m.
1215 2742 1261 2794 2)
1290 2742 1333 2782 B
1391 2743 1443 2781 21
1477 2740 1667 2780 Cassius
1687 2738 1802 2779 Suet.

200 2797 318 2838 Caes.
337 2800 391 2838 68
412 2804 456 2838 et
470 2799 581 2838 Plut.
602 2799 726 2841 Caes.
743 2803 795 2839 16
853 2801 907 2841 23
930 2800 1129 2853 gneique
1149 2799 1193 2839 B
1212 2795 1232 2851 H
1252 2797 1508 2839 Iustuleius
1530 2807 1630 2836 nos:
1659 2795 1806 2836 iustu·

194 2854 315 2895 letus
336 2856 378 2895 P
403 2856 508 2894 etin
527 2867 615 2894 ras.
638 2854 694 2899 B,
725 2855 853 2895 iussu
884 2856 982 2896 eius
1011 2858 1115 2896 dett.

311 2913 361 2951 31
386 2910 456 2950 ius
476 2910 653 2950 tuletus
680 2912 722 2950 V
