1878 3132
530 0 617 18 ἐἴηπῇ
627 0 647 17 ,ᾔτ
659 0 710 13 2⁷:
725 0 739 5 ν

538 18 542 23 .
554 20 598 30 NV,

605 77 850 184 cip.1‚§
881 128 948 170 10.
987 124 1044 176 11,
1073 124 1101 182 g
1130 126 1268 168 1—3.
1676 115 1746 167 63

227 223 406 306 Erg0‚
457 253 582 288 cum
629 233 800 286 Asiae
839 251 941 284 rex
983 231 1286 297 Eu1neneS‚
1339 229 1747 282 amantissimus

53 335 57 346 ¹
120 315 345 361 nostrae
371 306 544 372 urbis,
579 303 784 358 bellum
811 322 842 354 a
868 303 1033 355 Perse
1061 303 1324 354 aduersus
1350 299 1614 372 populum
1639 299 1747 352 Ro-

121 397 344 431 manum
379 376 670 447 conparari
706 374 923 426 senatui
956 374 1292 438 nuntiasset,
1328 391 1437 425 non
1465 380 1591 425 ante
1619 370 1750 422 sciri

122 449 303 521 potuit
338 447 469 518 quid
505 454 600 499 aut
634 445 727 498 ille
762 445 976 497 locutus
1013 452 1158 496 esset
1194 452 1289 495 aut
1313 452 1498 514 patres
1525 460 1748 564 respon-

125 520 360 586 dissent,
406 536 571 588 quam
604 524 825 587 captum
850 515 1058 568 Persen
1094 515 1378 584 cognitum
1413 523 1513 566 est.
1576 513 1614 575 fi
1654 531 1749 565 um
1771 526 1792 559 5

122 597 242 643 erat
266 597 321 642 et
346 588 518 641 altum
542 589 624 640 rei
648 587 904 659 publicae
937 594 1129 658 pectus
1169 587 1322 638 curia
1349 584 1638 656 silentique
1666 602 1748 635 sa-

122 661 382 715 lubritate
408 660 679 711 munitum
706 666 758 710 et
782 657 1049 710 uallatum
1083 656 1352 727 undique,
1390 657 1543 708 cuius
1582 656 1750 706 limen

122 733 390 784 intrantes
442 731 658 784 abiecta
707 727 927 799 priuata
971 729 1201 781 caritate
1236 728 1517 799 publicam
1559 726 1748 779 indue-

123 803 279 857 bant.
330 803 514 873 itaque
540 820 651 854 non
678 800 860 853 dicam
884 819 1071 867 unum,
1104 799 1202 852 sed
1227 800 1502 852 neminem
1528 797 1750 849 audisse

123 872 375 926 crederes
421 872 568 944 quod
617 880 731 925 tam
773 872 1071 925 multorum
1114 871 1340 925 auribus
1382 870 1563 922 fuerat
1608 886 1750 922 com-
1775 883 1816 914 10

126 962 376 995 missum.

231 1014 282 1066 2.
322 1013 684 1083 Magistratus
721 1032 852 1066 uero
889 1013 1060 1083 prisci
1095 1020 1430 1083 quantopere
1469 1030 1625 1064 suam
1657 1030 1751 1081 po-

163 1084 349 1155 ulique
382 1085 639 1153 Romani?
662 1085 1009 1136 maiestatem
1052 1085 1350 1136 retinentes
1388 1102 1444 1135 se
1480 1083 1753 1152 gesserint

123 1105 252 1208 Eine
287 1157 544 1224 cognosci
579 1163 788 1225 potest,
841 1155 987 1225 quod
1026 1156 1167 1207 inter
1204 1164 1386 1207 cetera
1420 1152 1752 1207 obtinendae

124 1226 418 1296 grauitatis
454 1226 660 1278 indicia
695 1225 834 1277 illud
870 1245 1086 1296 quoque
1120 1244 1322 1294 magna
1350 1244 1475 1278 cum
1500 1242 1751 1295 perseue-
1777 1236 1818 1269 15

125 1298 307 1350 rantia
342 1297 754 1364 custodiebant,
792 1316 861 1349 ne
890 1297 1118 1350 Graecis
1146 1315 1406 1367 umquam
1440 1296 1550 1347 nisi
1584 1294 1754 1348 latine

124 1386 389 1439 responsa
424 1369 631 1421 darent.
698 1369 830 1439 quin
865 1368 1031 1420 etiam
1067 1369 1218 1438 ipsos
1250 1367 1474 1436 linguae
1500 1365 1754 1419 uolubili-

125 1445 265 1506 tate,
303 1457 410 1509 qua
473 1438 733 1491 lurimum
758 1438 973 1506 ualent,
1013 1458 1246 1491 excussa
1274 1457 1372 1510 per
1398 1440 1757 1508 interpretem

125 1509 278 1581 loqui
303 1458 591 1579 cogeganss
619 1528 730 1562 non
751 1511 809 1562 in
827 1511 963 1564 urbe
989 1518 1200 1562 tantum
1226 1520 1433 1578 nostra,
1463 1510 1562 1562 sed
1589 1509 1757 1561 etiam

126 1581 184 1633 in
210 1579 449 1633 Graecia
475 1590 529 1634 et
555 1582 721 1648 Asia,
760 1601 864 1652 quo
905 1582 1115 1633 scilicet
1139 1580 1377 1643 Latinae
1402 1581 1554 1632 uocis
1582 1579 1753 1633 honos
1779 1595 1821 1625 20

126 1670 224 1772 ger
267 1670 453 1703 omnes
498 1662 687 1721 gentes
738 1652 1111 1705 uenerabilior
1162 1652 1580 1704 diffunderetur.
1655 1669 1757 1702 nec

127 1721 237 1772 ilis
281 1721 507 1775 deerant
552 1724 735 1775 studia
779 1723 1089 1789 doctrinae,
1124 1722 1241 1775 ⁴sed
1274 1724 1425 1774 nulla
1460 1743 1571 1776 non
1605 1723 1662 1774 in
1698 1740 1756 1772 re

127 1790 358 1862 pallium
385 1800 544 1861 togae
567 1794 744 1846 subici
770 1794 972 1847 debere
999 1794 1434 1860 arbitrabantur7
1463 1794 1756 1862 indignum

130 1881 250 1915 esse
286 1863 668 1917 existimantes
715 1864 1007 1917 inlecebris
1049 1873 1102 1916 et
1138 1865 1402 1917 suauitati
1446 1864 1757 1916 litterarum

127 1934 346 2004 imperii
371 1933 586 2003 pondus
616 1943 670 1988 et
695 1935 1080 1989 auctoritatem
1107 1934 1322 1988 donari..
1779 1948 1824 1980 25

235 2005 287 2057 3.
328 2004 679 2075 Quapropter
711 2025 824 2059 non
860 2025 916 2058 es
956 2006 1299 2058 damnandus
1336 2006 1531 2059 rustici
1557 2005 1756 2075 rigoris

129 2075 384 2142 crimine,
423 2075 485 2129 C.
513 2076 684 2142 Mari,
714 2077 851 2148 ‘quia
885 2078 1105 2146 gemina
1142 2076 1302 2129 lauru
1327 2085 1648 2131 coronatam
1675 2095 1755 2128 se-

129 2154 406 2199 nectutem
441 2155 620 2214 tuam,
656 2147 966 2200 Numidicis
1000 2156 1054 2200 et
1081 2148 1431 2201 Germanicis
1468 2147 1759 2200 inlustrem

129 2218 398 2287 tropaeiS‚
435 2218 615 2271 uictor
651 2219 902 2271 deuictae
936 2220 1116 2289 gentis
1154 2219 1420 2272 facundia
1445 2220 1758 2290 politiorem

130 2337 410 2402 senatorium
446 2337 696 2388 adlectum,
740 2354 764 2384 a
799 2338 1074 2397 consulibus>
1097 2338 1370 2399 obiurgatus
1398 2346 1481 2384 est.
1533 2365 1591 2371 -—-
1643 2339 1753 2384 Cum
1779 2352 1820 2382 30

130 2406 261 2451 Asiae
298 2419 381 2451 rex‘
401 2406 622 2454 Eumenes
658 2407 828 2454 bellum
865 2424 889 2454 a
914 2409 1051 2455 Perse
1085 2410 1307 2455 aduersus
1343 2425 1387 2470 p.
1425 2411 1474 2455 R.
1512 2410 1754 2470 conparari
1778 2391 1813 2425 P
1811 2403 1873 2425 Μ’·

136 2477 312 2522 senatui
338 2478 618 2529 nuntiasset,
646 2494 738 2524 non
764 2486 868 2526 ante
897 2485 1014 2526 scire
1041 2482 1194 2540 potuit
1219 2496 1262 2541 p.
1291 2481 1369 2531 R.,
1399 2482 1507 2541 quid
1533 2488 1683 2527 actum
1711 2484 1756 2525 in

37 2574 77 2581 -v
134 2553 295 2592 senatu
323 2547 502 2601 suisset,
532 2563 665 2608 quam
691 2551 852 2595 Perses
879 2552 1159 2597 uinceretur.
1229 2555 1270 2595 2.
1310 2552 1585 2597 Retinendae
1613 2551 1756 2610 gratia

42 2634 59 2647 ·
134 2617 378 2676 grauitatis
415 2617 586 2678 antiqui
624 2633 706 2664 nec
745 2620 927 2666 Graecis
970 2636 1167 2680 unquam
1206 2623 1294 2666 nisi
1330 2620 1468 2665 latine
1506 2622 1755 2682 respoude-
1828 2649 1834 2652 -

133 2686 267 2738 bant,
305 2702 388 2733 nec
423 2689 550 2749 ipsos
586 2689 719 2735 aliter
745 2705 877 2750 quam
916 2706 1000 2751 per
1036 2692 1311 2750 interpretes
1339 2691 1570 2751 loquentis
1607 2693 1758 2737 audie·
1781 2705 1821 2737 35

31 2760 52 2810 ζ
76 2754 80 2756 ”
132 2755 254 2804 bant.
318 2762 356 2803 3.
381 2758 535 2805 Molon
563 2761 742 2811 rhetor,
782 2763 859 2821 qui
888 2762 1036 2807 studia
1062 2762 1294 2807 Ciceronis
1322 2765 1468 2815 acuit,
1506 2763 1683 2824 primus
1712 2765 1756 2808 in

247 2883 275 2921 4
304 2882 411 2934 quid
434 2886 514 2923 aut
534 2884 576 2923 B
598 2886 640 2924 in
661 2898 750 2925 ras.
815 2886 867 2925 17
899 2885 1041 2926 etiam
1062 2886 1188 2939 ipsos
1211 2886 1333 2940 (ipsa
1356 2887 1478 2940 dett.)
1501 2868 1757 2941 linguae⁶B

137 2936 180 2976 in
199 2950 289 2980 ras.
349 2941 404 2979 24
425 2941 660 2981 suauitate
684 2935 739 2981 B'

38 2967 71 3014 *ἢ

35 3071 66 3132 τέ.
