1936 3120
58 0 178 54 w
579 72 1777 133 CAP.X1‚§l.2.Ext.§1-4409

155 181 566 236 denuntiatione
599 181 855 252 portendi
890 182 1204 249 credentes,
1240 181 1480 235 Pericles
1507 184 1780 253 processit

150 254 211 306 in
245 252 488 306 medium
532 261 588 306 et
633 271 771 334 quae
815 271 848 304 a
892 262 1249 323 praeceptore
1292 271 1391 306 suo
1436 254 1779 323 Anaxagora

150 324 486 405 pertinentia
520 323 591 375 ad
627 322 755 375 solis
793 330 847 376 et
881 323 1041 376 lunae
1087 342 1307 375 cursum
1341 332 1630 395 acceperat
1665 323 1775 376 dis-

153 394 325 448 seruit
357 413 458 446 nec
492 393 723 446 ulterius
762 394 1039 464 trepidare
1075 394 1222 446 ciues
1265 413 1392 447 suos
1433 413 1578 448 uano
1623 402 1774 448 metu

149 483 348 536 passus
377 471 479 516 est.
1795 478 1819 510 5

257 535 309 586 2.
351 534 634 601 Quantum
675 553 838 615 porro
886 533 1174 604 dignitatis
1221 553 1253 586 a
1288 553 1417 605 rege
1452 534 1772 588 Alexandro

148 605 418 658 tributum
455 606 563 658 arti
600 605 1008 671 existimamuS,
1055 606 1147 675 qui
1185 624 1242 657 se
1281 615 1335 659 et
1370 606 1522 676 pingi
1558 606 1626 658 ab
1663 624 1772 659 uno

152 675 350 747 Apelle
377 685 432 729 et
457 675 592 745 fingi
619 694 651 727 a
675 675 922 757 Lysippo
950 676 1330 730 tantummodo
1356 676 1570 728 uoluit?

257 747 307 799 3.
348 746 526 799 Tenet
568 746 802 798 uisentis
852 746 1084 798 Athenis
1131 746 1408 800 Volcanus
1459 746 1772 799 Alcamenis

151 817 405 870 manibus
431 816 1036 886 fabricatuS.p1aete1
1061 828 1241 870 cetera
1269 817 1412 869 enim
1437 817 1839 887 perfectissi-10

149 906 271 940 mae
298 887 432 940 artis
459 889 516 940 in
543 906 606 947 eo
634 887 1048 957 praecurrentia
1082 887 1288 940 indicia
1324 888 1486 939 etiam
1512 887 1648 939 illud
1673 888 1770 938 mi-

88 976 92 979 ·
149 966 359 1024 rantur,
410 957 560 1028 quod
610 966 720 1010 stat
770 957 1148 1010 dissimulatae
1197 957 1615 1011 claudicationis
1669 958 1770 1011 sub

148 1038 305 1081 ueste
331 1028 527 1081 leuiter
551 1029 849 1097 uestigium
875 1038 1325 1098 repraesentans,
1353 1036 1414 1080 ut
1440 1047 1550 1082 non
1578 1046 1770 1099 expro—

147 1099 315 1152 brans
342 1108 625 1170 tamquam
649 1099 870 1166 uitium,
907 1099 986 1152 ita
1019 1108 1203 1152 tamen
1239 1107 1443 1151 certam
1470 1101 1769 1169 propriam-

149 1189 253 1241 que
282 1169 372 1222 dei
396 1179 582 1222 notam
609 1170 804 1222 decore
831 1140 1167 1238 significans.
1797 1183 1866 1229 15,

255 1240 307 1292 4.
348 1239 520 1293 Cuius
556 1241 844 1309 coniugem
872 1240 1178 1293 Praxiteles
1216 1240 1271 1290 in
1307 1258 1576 1292 marmore
1612 1241 1772 1310 quasi

150 1311 452 1381 spirantem
492 1311 551 1362 in
586 1309 790 1380 templo
828 1310 1150 1364 Cnidiorum
1187 1309 1502 1375 collocauit,
1547 1317 1772 1380 propter

145 1379 612 1452 pulchritudinem
630 1382 812 1452 operis
834 1400 865 1432 a
883 1380 1176 1434 libidinoso
1198 1381 1480 1434 cuiusdam
1503 1381 1772 1461 conplexu

146 1470 348 1534 parum
369 1460 564 1504 tutam.
640 1470 746 1523 quo
775 1452 1147 1505 excusabilior
1182 1460 1265 1504 est
1300 1469 1451 1503 error
1478 1451 1628 1520 equi,
1671 1451 1766 1522 qui

147 1522 269 1574 uisa
293 1523 512 1643 pictura
538 1541 708 1593 equae
734 1522 1007 1574 hinnitum
1036 1523 1196 1575 edere
1223 1531 1446 1575 coactus
1476 1530 1575 1587 est,
1604 1530 1658 1574 et
1684 1540 1769 1574 ca·
1794 1551 1838 1582 20

147 1611 279 1644 num
326 1600 537 1645 atratus
566 1602 803 1662 aspectu
819 1593 954 1662 picti
979 1593 1129 1645 canis
1171 1592 1431 1644 incitatus
1469 1600 1769 1662 taurusque

148 1663 220 1715 ad
255 1681 494 1715 amorem
530 1671 584 1715 et
617 1663 971 1715 concubitum
1008 1681 1207 1715 aeneae
1241 1679 1444 1714 uaccae
1481 1661 1768 1730 Syracusis

146 1809 347 1855 Pericles
383 1810 613 1870 processit
650 1810 693 1854 in
732 1809 926 1854 medium
956 1816 1000 1854 et
1028 1823 1143 1869 quae
1172 1808 1225 1854 ab
1252 1810 1515 1868 Anaxagora
1551 1821 1767 1868 praecep·
1792 1826 1888 1859 par,

150 1887 254 1926 tore
284 1887 545 1941 acceperat,
595 1880 638 1924 id
676 1881 741 1925 eis
778 1880 994 1925 disseruit
1030 1894 1116 1925 nec
1150 1879 1344 1924 ulterius
1381 1878 1608 1938 trepidare
1645 1880 1768 1924 ciues

150 1965 261 1997 suos
292 1965 454 2011 passus
481 1958 565 1996 est.
617 1954 658 1994 2.
697 1951 949 1996 Alexander
973 1951 1099 2010 pingi
1129 1963 1176 1994 se
1204 1949 1257 1994 ab
1286 1963 1376 1994 uno
1403 1949 1558 2008 Apelle
1587 1955 1632 1993 et
1657 1948 1766 2009 fingi
1792 1965 1834 1997 25

149 2037 174 2068 a
199 2021 400 2082 Lysippo
437 2021 752 2067 tantummodo
791 2021 953 2066 uoluit.
1028 2026 1068 2065 4.
1110 2020 1332 2070 Gratiam,
1359 2019 1605 2064 Praxiteles
1633 2032 1766 2079 quam

148 2092 257 2139 fecit
283 2106 335 2138 ac
361 2093 518 2153 posuit
544 2093 590 2136 in
619 2091 789 2152 templo
818 2092 1094 2142 Cnidiorum,
1124 2090 1303 2151 quidam
1326 2091 1507 2135 iuuenis
1528 2090 1766 2135 adamauit.

148 2176 296 2224 equus
330 2164 510 2224 pictura
550 2176 693 2222 equae
729 2163 877 2222 pictae
914 2170 1065 2208 motus
1114 2161 1380 2218 adhinniit„
1431 2161 1553 2206 canis
1597 2162 1768 2220 pictum

266 2316 290 2354 7
331 2315 493 2367 pingui
524 2313 582 2353 ab
613 2325 703 2353 uno
735 2313 920 2366 appelle
953 2317 998 2352 et
1019 2313 1128 2366 fingi
1150 2325 1176 2351 a
1198 2304 1407 2364 lyppoB'
1506 2313 1530 2351 9
1573 2311 1769 2351 athenas

149 2371 233 2410 DE
271 2366 292 2424 J]
335 2369 609 2410 alchimenis
631 2368 674 2407 B
735 2373 785 2408 11
810 2370 1004 2408 miratur
1025 2369 1067 2407 B
1148 2370 1198 2407 12
1222 2371 1316 2407 stat
1337 2388 1389 2394 —
1412 2362 1768 2420 repraesentans

147 2426 213 2466 B.-
247 2432 376 2466 stans
396 2446 452 2454 —
474 2428 798 2477 repraesentat
819 2425 865 2475 b,
899 2427 1012 2477 quod
1042 2426 1245 2464 i'mmerzto
1272 2423 1472 2474 praefert
1502 2423 1552 2462 R.
1575 2423 1703 2463 Klotz
1727 2428 1771 2462 ire

147 2482 296 2522 Jahrb.
316 2483 354 2532 Γ.
378 2482 534 2522 Ρήἱῐοῖ.
557 2482 666 2521 1861
688 2484 771 2520 nol.
797 2482 870 2527 83,
889 2495 934 2532 p.
961 2483 1045 2520 713
1084 2476 1103 2533 Η
1144 2479 1466 2519 dissimulatae
1491 2474 1546 2518 B'
1616 2481 1667 2519 13
1690 2492 1766 2518 ex-

147 2539 374 2592 probrans
403 2542 625 2589 tanquam
657 2536 700 2575 B
721 2539 764 2576 in
785 2550 872 2577 ras.
937 2536 1051 2585 Quae
1083 2537 1233 2576 addita
1261 2543 1358 2575 sunt
1385 2535 1508 2587 signa
1531 2536 1766 2586 transposi-

148 2597 297 2643 tionis,
329 2608 381 2636 ea
411 2607 469 2635 ecc
498 2599 734 2633 atramento
763 2596 892 2644 plane
914 2595 1084 2633 diuerso
1108 2599 1294 2644 apparet
1317 2594 1375 2631 ad
1392 2592 1648 2642 scripturam
1669 2604 1766 2631 era-

118 2656 122 2659 “
148 2665 237 2692 sam
258 2653 502 2704 pertinere,
534 2656 580 2689 ut
600 2651 827 2690 uerisimile
847 2652 906 2690 sit
922 2650 1206 2700 posteriorem
1226 2647 1406 2688 scribam
1428 2653 1472 2686 ut
1490 2649 1768 2699 significatum

148 2713 245 2748 erat
265 2708 398 2748 uerba
420 2707 760 2758 transposuisse,
790 2707 925 2759 szynis
945 2707 1052 2757 ipsis
1074 2718 1156 2745 non
1177 2706 1340 2744 deleti&
1424 2705 1477 2743 14
1516 2704 1583 2743 ita
1613 2707 1767 2744 tamen

145 2766 242 2806 cod.
265 2764 446 2805 Atrebae
478 2764 547 2803 ita
567 2767 804 2813 tamquam
826 2762 868 2802 B
890 2775 1003 2804 corr.
1027 2775 1048 2801 e
1071 2758 1306 2812 tamquam
1375 2762 1426 2801 16
1448 2759 1689 2813 praxitelis
1710 2753 1765 2799 B‘

148 2821 201 2861 19
233 2824 304 2860 est
334 2821 428 2861 CF.-
460 2822 585 2860 esset
615 2818 657 2858 B
678 2832 729 2860 m.
751 2821 792 2865 2,
822 2832 900 2859 om.
922 2820 1019 2865 alii;
1049 2819 1092 2857 in
1113 2817 1155 2857 B
1186 2821 1310 2857 esset
1332 2829 1532 2857 error—
1553 2816 1667 2868 picti
1689 2828 1764 2855 ca-

146 2877 219 2917 nis
239 2878 283 2917 in
303 2890 393 2917 ras.
415 2877 582 2928 scripta
602 2881 700 2915 sunt
718 2873 736 2928 Η
755 2874 861 2925 fort.
886 2875 1042 2915 feruor
1081 2876 1133 2914 21
1157 2873 1313 2926 pictae
1338 2873 1460 2915 Torr.
1486 2886 1508 2912 e
1530 2872 1762 2915 eod.Leid.

1664 2950 1685 2965 Ο
