1936 3120
187 0 253 17 ..κῇ
330 0 366 17 {⁷²¹
384 0 434 15 η.)-

0 0 128 87 Γ
412 34 419 41 Δ
507 39 511 47 l

0 94 2 101 .

212 158 318 212 508
340 152 344 156 “
737 164 1028 211 ΝΕΡΟΤΙΑΝΙ
1051 163 1292 213 ΕΡιΤοΜΑ

32 277 405 325 ,νιιωιθοείίεηι
442 278 564 322 ciues
600 278 764 322 atticos
801 278 1008 338 ingratus
1043 277 1236 324 libertus
1262 280 1308 324 in
1336 280 1605 326 seruitutem
1630 294 1815 328 reuoca-

0 340 14 411 ᾗ
213 347 357 392 batur.

0 411 27 453 f
108 418 146 462 6,
171 417 194 455 7
324 419 388 461 10.
427 416 729 463 Massilienses
756 425 849 463 tres
879 419 1048 478 pariter
1074 433 1206 464 manu
1233 421 1351 465 mitti
1386 419 1614 466 uetabant.
1666 422 1814 480 ingra-

6 487 9 489 ’
215 489 274 532 tis
301 486 479 532 libertis
506 493 599 533 tres
627 488 782 548 culpas
808 489 1112 540 remittebant,
1140 496 1246 549 post
1273 497 1476 550 quartam
1501 491 1548 535 in
1575 492 1812 537 seruitutis

215 558 311 603 iura
337 557 626 604 reuocabant.
1833 577 1854 610 5

107 632 145 682 6,
171 633 194 670 7
323 630 391 673 11.
428 628 546 673 Idem
573 629 878 674 Massilienses
906 631 1097 675 scenicis
1123 630 1240 675 ludis
1268 630 1576 682 abstinebant,
1618 646 1675 678 ne
1701 634 1812 678 assi-

215 697 362 744 duitas
389 699 636 758 spectaculi
663 701 842 745 ueniret
867 701 913 745 in
939 714 1115 746 morum
1143 701 1466 761 corruptelam.

106 775 131 813 6
170 773 193 812 7
323 772 388 814 12.
429 769 545 814 idem
574 770 790 815 mendicis
818 770 966 816 cibum
993 785 1082 816 non
1109 770 1271 816 dabant
1299 772 1427 831 quasi
1452 771 1489 829 †
1513 773 1672 832 petris.

106 846 143 889 6,
167 845 190 883 7
321 841 387 885 13.
426 839 555 899 Apud
582 840 764 885 eosdem
791 841 967 901 gladius
993 840 1172 901 publice
1200 847 1319 892 erat,
1358 855 1448 902 quo
1485 843 1607 888 noxii
1634 842 1813 903 iugula-

212 909 390 955 bantur.
1833 929 1876 960 10

106 986 144 1034 6,
171 986 194 1025 7
325 983 390 1025 14.
431 980 605 1026 Funera
634 981 750 1027 idem
778 983 875 1026 sine
911 982 1106 1027 lacrimis
1141 982 1558 1042 prosequebantur,
1599 991 1644 1028 et
1681 998 1809 1030 sacro

212 1050 283 1096 die
311 1065 418 1096 suos
447 1052 642 1111 quisque
675 1052 888 1098 efferebat
926 1052 1072 1112 epulis
1112 1052 1374 1098 celebratis:
1414 1060 1606 1099 mortem
1643 1055 1811 1115 quippe

214 1121 260 1166 in
286 1120 418 1167 bonis
446 1122 758 1167 aestimabant.

104 1200 143 1247 6,
168 1198 191 1237 7
321 1194 388 1237 15.
430 1192 658 1237 Venenum
685 1194 805 1253 apud
832 1193 1014 1239 eosdem
1041 1193 1343 1239 Massilienses
1371 1194 1623 1239 consectum
1659 1208 1712 1240 ex
1751 1196 1811 1240 ci-

212 1268 313 1307 cuta
342 1269 571 1308 seruatum
599 1263 778 1323 publice
804 1263 1076 1313 habebatur,
1117 1278 1169 1308 ac
1193 1264 1319 1309 licito
1346 1264 1550 1309 reddenti
1577 1266 1622 1309 in
1650 1271 1810 1310 senatu
1833 1279 1875 1311 15

213 1346 370 1378 causas
409 1335 568 1379 mortis
609 1335 892 1379 uoluntariae
928 1335 1109 1380 haurire
1152 1333 1508 1394 permittebatur.
1563 1349 1677 1394 quae
1705 1348 1810 1380 con-

211 1403 406 1449 suetudo
435 1405 488 1449 de
515 1404 698 1449 Graecia
725 1405 769 1450 in
797 1404 981 1449 Galliam
1008 1418 1106 1449 cum
1147 1411 1282 1463 gente
1321 1404 1535 1449 translata
1573 1410 1655 1449 est.
1707 1418 1809 1449 nam

210 1473 304 1518 illic
329 1474 488 1520 dolore
524 1480 601 1518 aut
638 1474 789 1534 aliquo
828 1489 995 1534 genere
1029 1474 1288 1519 acerbitatis
1324 1481 1509 1534 accepto
1537 1475 1591 1519 ad
1617 1482 1808 1520 mortem

214 1543 574 1604 confugiebatur.
628 1544 759 1589 multi
787 1546 919 1590 etiam
948 1559 1080 1590 senes
1108 1550 1152 1589 et
1178 1559 1290 1589 anus
1316 1546 1438 1590 uitae
1477 1544 1681 1589 ultimum
1719 1558 1808 1590 non

212 1621 566 1674 expectauerunt
594 1615 711 1659 auidi
739 1615 940 1661 melioris
967 1629 1049 1675 per
1074 1621 1266 1659 mortem
1292 1614 1583 1660 condicionis.
1829 1630 1874 1662 20

103 1691 143 1742 6,
167 1692 192 1731 9
322 1687 388 1729 16.
429 1684 536 1730 Cum
566 1685 654 1730 telo
684 1693 840 1745 portas
867 1686 1036 1746 hospes
1074 1700 1163 1731 non
1199 1685 1561 1744 ingrediebatur,
1606 1699 1662 1730 ne
1691 1692 1811 1743 esset

209 1754 450 1800 formidini.

0 1865 2 1868 ,
39 1858 101 1879 om,
123 1850 188 1879 νδ,
317 1829 383 1872 17.
424 1825 642 1886 Capillum
669 1827 854 1872 rutilum
882 1826 967 1871 sibi
995 1833 1122 1872 cocta
1158 1825 1382 1871 faciebant
1409 1825 1642 1886 Spartani,
1678 1825 1812 1871 doce-

211 1896 319 1941 bant
347 1897 480 1942 etiam
507 1896 624 1942 filios
653 1896 806 1943 furari.

38 1992 100 2014 om
121 1984 187 2013 vu.
318 1969 383 2011 18.
422 1966 517 2012 Elei
555 1967 846 2028 Thebanique
880 1969 1128 2028 permisere
1163 1967 1331 2027 passim
1371 1973 1420 2011 ut
1456 1967 1640 2025 ingenui
1675 1966 1804 2026 pueri
1826 1980 1870 2012 25

76 2091 78 2093 ¹
209 2044 480 2088 amarentur,
507 2051 592 2082 nec
617 2038 908 2084 inhonestum
936 2045 1153 2098 putauere
1181 2037 1360 2083 eosdem
1388 2035 1628 2096 cerrumpi.

39 2133 99 2154 om.
123 2125 194 2154 vai.
325 2109 390 2152 19.
430 2107 770 2154 Lacedaemonii
798 2108 1058 2153 osculorum
1083 2108 1309 2158 licentiam
1337 2106 1498 2151 dedere
1526 2113 1570 2150 et
1596 2104 1810 2152 concubi-

217 2184 306 2227 tus,
334 2191 492 2222 uerum
519 2178 666 2237 palliis
693 2179 957 2224 interiectis.

38 2273 98 2294 om.
121 2265 189 2297 vai.
317 2250 388 2292 20.
428 2247 557 2307 Apud
582 2247 805 2293 Romanos
835 2249 1030 2294 triennio
1064 2247 1258 2307 puberes
1295 2245 1620 2292 inducebantur
1654 2246 1701 2290 in
1737 2259 1807 2290 ca-

209 2324 301 2364 stra
329 2324 432 2362 ante
458 2317 679 2363 militiam.
1829 2330 1874 2362 30

67 2405 106 2451 6,
130 2403 180 2442 11
235 2390 238 2393 '
313 2391 382 2434 21.
421 2387 583 2433 Cimbri
611 2394 656 2434 et
682 2388 892 2434 Celtiberi
918 2389 1019 2434 laeti
1060 2390 1105 2433 in
1141 2387 1261 2433 bello
1299 2357 1532 2447 peribant,
1570 2387 1614 2431 in
1650 2385 1807 2432 morbo

213 2472 311 2504 cum
340 2459 564 2504 lamentis.

66 2539 110 2590 6,
133 2537 183 2577 11
315 2533 385 2575 22.
427 2530 606 2574 Amisso
634 2529 746 2575 duce
772 2531 929 2575 uiuere
951 2529 1186 2574 Celtiberis
1215 2528 1420 2572 illicitum
1447 2525 1702 2572 uidebatur.

66 2609 184 2660 6,12
313 2602 384 2646 23.
423 2600 616 2645 Thraces
654 2599 826 2645 natales
861 2600 1094 2645 hominum
1132 2599 1311 2649 deflent,
1351 2604 1396 2643 at
1431 2597 1590 2642 funera
1623 2596 1806 2642 canticis

1639 2744 1666 2775 Ο

321 2794 342 2832 1
366 2793 588 2833 seruitute
610 2793 892 2833 reuocabant
916 2792 949 2833 Ο
986 2794 1011 2833 8
1033 2792 1174 2844 petris
1198 2791 1241 2839 C,
1265 2790 1460 2844 periuris
1484 2790 1622 2830 Christ
1660 2790 1686 2828 9
1707 2786 1804 2839 gla—

206 2846 324 2902 dius]
350 2848 510 2889 clauus
534 2848 568 2888 0
626 2849 678 2888 14
701 2846 776 2902 ex]
803 2852 848 2888 et
871 2849 904 2888 C
961 2850 1011 2888 21
1036 2848 1179 2888 hostis
1203 2847 1237 2887 0
1281 2849 1334 2887 23
1358 2850 1482 2887 cotta
1506 2846 1550 2896 G,
1576 2845 1804 2884 ceromate

206 2904 303 2945 Mai
358 2906 413 2946 25
434 2905 539 2945 Elei
561 2904 656 2944 Mai
676 2903 787 2955 (coll.
815 2905 899 2946 Cio.
923 2906 975 2945 de
995 2918 1089 2957 rep.
1113 2906 1152 2952 4,
1178 2902 1223 2955 4)
1234 2916 1249 2942 .·
1278 2902 1463 2943 Eraclei
1487 2901 1520 2942 0
1584 2901 1636 2940 29
1665 2898 1804 2951 pube-

206 2957 296 3013 res]
321 2961 465 3014 pubes
487 2961 629 3014 pubes
653 2959 752 3013 (sie)
774 2960 808 3001 C
