1878 3132
199 132 268 185 94
908 134 1008 179 Lm.
1047 98 1114 180 11(

199 262 300 297 sua
326 251 518 314 sponte
544 242 928 311 imperatorem
957 239 1301 310 delegerant,
1329 260 1544 295 carcere
1569 243 1813 312 inclusit,

197 333 262 366 ac
286 313 362 366 M.
388 313 585 365 Fuluio
612 310 810 364 Flacco
848 311 1069 365 tribuno
1094 310 1243 381 plebi
1271 311 1624 367 denuntiante
1658 333 1727 366 ne
1751 315 1812 366 in

197 383 342 435 ciues
365 382 638 435 Romanos
660 381 928 434 aduersus
948 396 1155 435 morem
1182 382 1450 436 maiorum
1471 383 1814 451 animaduer-

108 455 120 458 ’
194 461 349 518 teret,
382 451 734 505 nihilominus
760 469 858 522 pro
902 451 1103 504 ositum
1129 460 1389 506 executus
1417 462 1516 508 est.
1569 461 1810 508 ceterum

152 547 171 580 5
195 541 299 593 quo
337 522 546 575 minore
573 540 695 575 cum
729 522 844 574 inui
886 521 941 574 ia
965 521 1025 574 id
1059 531 1439 602 perageretur,
1475 522 1810 595 quinquage-

193 611 291 645 nos
338 611 437 663 per
482 592 725 662 singulos
770 591 886 645 dies
931 592 1102 661 uirgls
1141 610 1328 647 caesos
1373 595 1549 646 securi
1592 594 1808 664 percuti

193 663 380 729 iussit,
427 668 719 732 eorumque
757 680 988 733 corpora
1035 661 1348 733 sepulturae
1384 663 1634 716 mandari
1666 683 1810 717 mor·

192 742 409 803 temque
435 732 610 802 lugeri
633 732 827 785 uetuit.

300 808 422 857 Ext.
455 804 502 855 1.
552 803 775 856 Leniter
810 802 913 855 hoc
937 810 1120 873 patres
1148 803 1470 884 conscripti,
1500 803 1547 855 si
1571 802 1808 856 Kartha-

128 899 170 931 10
193 873 526 943 giniensium
561 881 781 926 senatus
820 873 878 924 in
912 873 1137 926 militiae
1171 873 1411 943 negoti1s
1486 873 1806 926 rocurandis

191 943 510 997 uiolentiam
536 944 739 997 intueri
764 943 1022 1010 uelimuS,
1063 962 1096 995 a
1121 961 1227 1015 quo
1258 944 1424 997 duces
1495 942 1602 997 ella
1635 961 1805 1014 prauo
1851 983 1854 985 -

191 1013 417 1068 consilio
468 1022 748 1083 gerenteS,
801 1014 967 1072 etiam
1012 1015 1057 1067 si
1144 1033 1231 1068 ros
1275 1033 1369 1067 era
1411 1014 1635 1067 fortuna
1683 1014 1806 1067 sub-

194 1093 381 1138 secuta
418 1092 586 1151 esset,
625 1084 772 1137 cruci
807 1093 990 1137 tamen
1028 1103 1091 1136 su
1118 1085 1225 1154 fige
1269 1092 1455 1150 antur,
1494 1083 1643 1154 quod
1667 1085 1808 1137 bene

190 1162 477 1224 gesserant
503 1154 731 1214 deorum
756 1153 1127 1207 inmortalium
1153 1154 1457 1222 adiutorio,
1494 1153 1641 1224 quod
1666 1154 1807 1206 male

127 1248 167 1281 15
191 1225 576 1279 commiserant
600 1225 846 1296 ipsorum
873 1224 1064 1294 culpae
1090 1223 1411 1295 inputando.

294 1295 346 1348 2.
385 1295 680 1348 Clearchus
707 1313 865 1363 uero,
892 1295 1452 1348 Lacedaemoniorum
1479 1294 1619 1360 dux,
1657 1312 1806 1361 egre-

188 1367 278 1435 gio
307 1366 453 1418 dicto
488 1364 833 1434 disciplinam
867 1364 1095 1417 militiae
1123 1364 1469 1431 continebat,
1504 1363 1807 1417 identidem

190 1436 462 1489 exercitus
491 1434 575 1487 sui
602 1435 826 1488 auribus
853 1434 1178 1487 inculcando
1214 1436 1247 1487 a
1271 1433 1538 1488 militibus
1565 1434 1798 1505 impera-¹

187 1515 362 1560 torem
387 1505 568 1575 potius
631 1522 759 1557 uam
782 1505 995 1558 hostem
1019 1506 1189 1558 metui
1214 1505 1433 1558 debere.
1477 1523 1581 1575 quo
1609 1512 1797 1574 aperte

124 1599 166 1632 20
190 1575 551 1629 denuntiabat
593 1524 841 1628 guturum
885 1584 948 1628 ut
995 1576 1249 1646 spiritum
1291 1592 1500 1645 poenae
1543 1573 1802 1644 inpende-

187 1654 339 1713 rent,
379 1663 540 1716 quem
566 1663 783 1716 pugnae
820 1654 1106 1716 acceptum
1132 1645 1277 1698 ferre
1314 1644 1676 1699 dubitassent.
1725 1643 1805 1695 id-

188 1735 293 1788 que
338 1735 371 1768 a
415 1715 554 1768 duce
597 1715 841 1786 praecipi
893 1735 1006 1769 non
1046 1716 1390 1769 mirabantur
1437 1722 1807 1768 maternarum

185 1785 582 1840 blanditiarum
615 1804 910 1853 memores,
962 1786 1159 1856 quibus
1196 1786 1396 1839 exituri
1433 1785 1505 1838 ad
1539 1783 1805 1856 proelian—

188 1857 318 1909 dum
365 1856 729 1910 monebantur
775 1864 838 1909 ut
887 1866 983 1910 aut
1030 1856 1149 1909 uiui
1193 1874 1317 1908 cum
1365 1855 1531 1908 armis
1580 1856 1638 1907 in
1680 1873 1805 1907 con-

122 1952 163 1984 25
189 1936 433 1998 spectum
468 1945 652 1979 earum
684 1926 937 1979 uenirent
974 1935 1070 1980 aut
1108 1927 1308 1979 mortui
1344 1926 1402 1977 in
1437 1925 1603 1977 armis
1639 1924 1804 1977 refer-

73 2061 167 2097 Par.
194 2060 264 2110 sit,
293 2066 339 2104 et
365 2058 418 2105 M.
447 2058 582 2104 Furio
604 2058 762 2104 Flacco
791 2058 896 2106 trib.
923 2058 984 2117 pl.
1022 2058 1317 2103 denuntiante
1345 2071 1399 2102 ne
1427 2057 1473 2101 in
1500 2058 1624 2103 ciues
1643 2056 1805 2102 Roma·

190 2142 275 2174 nos
304 2128 759 2179 animaduerteretur,
787 2126 1083 2173 nihilominus
1111 2130 1458 2188 quinquagenos
1484 2140 1568 2187 per
1594 2127 1804 2187 singulos
1830 2184 1834 2189 ,

190 2199 286 2245 dies
312 2198 461 2258 uirgis
489 2211 645 2243 caesos
673 2198 819 2244 securi
846 2199 1025 2258 percuti
1052 2197 1201 2244 iussit.
1252 2202 1292 2243 2.
1320 2197 1562 2243 Clearchus
1587 2197 1805 2243 Lacedae-

190 2269 448 2315 moniorum
483 2269 570 2313 dux
608 2268 828 2314 militibus
868 2282 1004 2329 saepe
1040 2267 1241 2320 dicebat,
1294 2269 1613 2328 imperatorem
1647 2267 1803 2327 potius

127 2345 167 2379 30
191 2354 324 2400 quam
359 2339 537 2384 hostem
565 2340 706 2384 metui
733 2338 919 2385 debere:
960 2338 1166 2384 futurum
1202 2339 1340 2390 enim,
1379 2344 1431 2383 ut
1457 2338 1668 2398 spiritum
1694 2351 1805 2397 poe-

187 2423 269 2456 nae
298 2410 619 2470 inpenderent,
661 2423 795 2470 quem
821 2423 1003 2470 pugnae
1029 2408 1299 2455 noluissent.

302 2535 327 2573 2
357 2547 415 2576 m.
438 2533 557 2573 furio
581 2532 676 2580 BP,
709 2546 784 2573 em.
807 2532 983 2585 Pighius
1043 2534 1068 2573 3
1099 2530 1545 2572 animaduerteretur
1565 2531 1608 2570 P
1623 2536 1739 2570 reete
1760 2535 1805 2570 ut

187 2591 356 2630 uidetur
417 2591 470 2629 14
492 2588 769 2630 adiutorium
788 2589 831 2629 B
892 2590 945 2629 15
966 2588 1234 2641 imputando
1258 2588 1323 2629 Γ.·
1354 2587 1622 2640 inputantes
1641 2585 1698 2634 B,
1718 2586 1803 2625 im-

186 2649 380 2698 putante
410 2646 617 2687 Foertsclz
645 2645 722 2694 II,
755 2647 781 2686 8
857 2646 909 2686 16
949 2643 1170 2685 Clearcus
1207 2656 1316 2685 uero
1353 2641 1718 2684 lacedemoniam
1746 2634 1801 2680 B'

187 2703 240 2741 21
265 2713 515 2753 expensum
535 2702 657 2742 ferre
679 2701 720 2746 J.
742 2702 793 2745 F.
821 2702 1076 2750 Gronouius‚
1102 2713 1235 2754 quem
1256 2700 1399 2753 fugae
1421 2700 1659 2750 acceptum
1679 2697 1803 2737 ferre

186 2769 279 2797 non
309 2756 456 2798 dubit.
484 2758 653 2803 Periz.;
685 2772 740 2798 an
766 2771 834 2798 uu.
868 2761 1112 2811 acceptum
1140 2757 1260 2797 ferre
1286 2758 1495 2808 glossema
1520 2754 1646 2794 sunt?
1675 2753 1731 2803 cf.
1762 2753 1803 2792 P

187 2815 243 2854 23
273 2813 444 2865 quibus
477 2813 643 2853 exituri
662 2836 719 2842 -
739 2815 1047 2855 monebantur
1070 2814 1132 2855 Γ.·
1165 2812 1327 2864 quaeis
1357 2810 1550 2851 exituris
1573 2831 1624 2837 —
1646 2821 1802 2849 mone-

186 2870 357 2909 bantur
389 2866 487 2921 (sed
506 2882 559 2909 ur
579 2868 763 2920 erasum)
792 2870 857 2918 B,
902 2883 1019 2922 quae
1050 2870 1107 2911 iis
1138 2866 1329 2910 exituris
1353 2889 1405 2896 —
1426 2865 1674 2908 monebant
1702 2865 1799 2905 edd.

184 2928 351 2967 soloeee
