1936 3120
425 13 429 21 4
470 0 603 17 :axum-‘⁷2
625 0 726 23 ³.'·'‘.:'·
751 0 810 12 ἀ’-
844 0 1104 19 ,Νν,’ν,ν’κ“ν>
1147 0 1164 9 s
1190 8 1194 15 2
1238 7 1245 11 Α

541 26 547 33 .
706 32 709 36 ,
746 24 747 28 =
777 24 787 34 ε
850 29 854 32 .
933 27 946 34 .

508 114 630 179 CAP.
654 133 761 185 xm,
789 134 885 180 Ext.
909 133 939 192 g
965 136 1006 177 4.
1032 132 1159 192 xlm,
1188 132 1217 191 3
1248 134 1384 179 1—4.
1652 101 1759 180 479

137 239 395 311 ambiguo
420 247 701 306 uersatur,
728 258 905 310 pauca
930 241 1075 293 inter
1102 239 1308 293 alienos
1336 247 1662 311 conspectae
1690 242 1757 294 si-

137 311 459 364 militudinis
488 309 740 381 exempla
766 311 1085 363 referemus,

249 382 295 434 1.
350 381 552 451 Magno
596 381 859 452 Pompeio
905 381 1105 434 Vibius
1150 381 1421 450 ingenuae
1467 381 1655 452 stirpis
1703 390 1757 435 et

137 452 421 506 Publicius
445 451 738 518 libertinus
763 451 844 504 ita
864 451 1067 504 similes
1090 450 1330 518 fuerunt,
1357 460 1419 504 ut
1437 458 1752 522 permutato

138 531 284 576 statu
309 530 362 579 et
384 522 680 593 Pompeius
714 523 772 573 in
806 521 916 574 illis
951 530 1005 576 et
1031 521 1111 574 illi
1138 522 1195 573 in
1222 523 1483 592 Pompeio
1523 522 1753 576 salutari
1774 537 1796 570 5

135 601 376 665 possent.
426 602 572 646 certe
607 610 948 663 quocumque
986 600 1080 645 aut
1105 593 1302 646 Vibius
1342 601 1437 645 aut
1470 593 1755 646 Publicius

135 672 515 730 accesserant,
562 681 659 715 ora
693 662 976 716 hominum
1014 665 1071 716 in
1108 682 1165 716 se
1204 664 1599 731 obuertebant,
1645 681 1753 716 uno

135 753 350 806 quoque
378 734 615 805 speciem
643 734 968 805 amplissimi
1005 734 1141 787 ciuis
1180 735 1236 786 in
1271 735 1523 804 personis
1552 735 1753 788 medio—

140 805 323 859 cribus
350 805 667 858 adnotante.
1189 810 1192 811 ’
1461 797 1490 821 ’

240 877 292 927 2.
334 875 495 942 Quod
522 875 741 946 quidem
767 875 1058 928 fortuitum
1083 874 1575 947 ludibriumsquasi
1602 878 1753 929 here-
1779 891 1819 923 10

125 946 392 1000 *ditarium
421 946 492 999 ad
519 965 642 998 eum
667 947 993 1017 penetrauit.
1046 965 1174 998 nam
1211 954 1368 1016 pater
1394 964 1608 1018 quoque
1636 948 1753 1000 eius
1821 979 1825 986 ·

133 1037 195 1071 eo
222 1035 396 1089 usque
422 1017 740 1086 Menogenis
755 1057 769 1084 ‚
799 1017 918 1070 coci
945 1017 1029 1069 sui
1042 1057 1056 1084 7
1096 1017 1288 1069 similis
1318 1035 1438 1070 esse
1465 1018 1620 1070 uisus
1649 1026 1752 1084 est,

131 1098 192 1142 ut
217 1088 305 1140 uir
332 1095 385 1140 et
411 1088 579 1140 armis
607 1096 937 1158 praepotens
965 1095 1019 1139 et
1045 1089 1205 1140 ferox
1241 1088 1423 1141 animo
1467 1088 1754 1142 sordidum

136 1159 252 1212 eius
278 1177 472 1211 nomen
500 1157 765 1229 repellere
792 1177 824 1210 a
851 1177 909 1210 se
935 1177 1042 1210 non
1068 1158 1321 1210 ualuerit.

237 1230 288 1282 3.
327 1229 582 1281 Eximiae
607 1246 738 1281 uero
763 1228 1068 1282 nobilitatis
1091 1227 1413 1281 adulescens
1421 1269 1435 1295 ‚
1465 1228 1751 1282 Cornelius
1777 1242 1818 1275 15

137 1300 342 1371 Scipio,
383 1303 505 1352 cum
533 1298 784 1369 plurimis
815 1307 869 1351 et
895 1298 1213 1351 clarissimis
1242 1299 1484 1352 familiae
1511 1319 1641 1352 suae
1668 1318 1752 1353 co-

131 1369 482 1439 gnominibus
511 1370 838 1437 abundaret,
867 1371 923 1421 in
952 1369 1204 1422 seruilem
1225 1370 1540 1440 Serapionis
1569 1370 1751 1441 appel-

128 1440 388 1494 lationem
403 1439 556 1510 uulgi
579 1459 829 1493 sermone
850 1441 1102 1511 inpactus
1122 1448 1222 1507 est,
1247 1441 1394 1510 quod
1414 1441 1639 1493 huiusce
1659 1460 1751 1494 no-
1786 1446 1790 1450 ’

129 1511 292 1567 minis
318 1511 593 1564 uictimari
621 1529 783 1582 quam
813 1511 1005 1563 similis
1035 1519 1170 1564 erat.
1215 1530 1390 1582 neque
1416 1511 1498 1563 illi
1525 1520 1620 1565 aut
1640 1530 1750 1564 mo-

131 1600 252 1633 rum
279 1582 527 1652 probitas
556 1590 650 1634 aut
676 1591 956 1652 respectus
985 1589 1067 1635 tot
1091 1582 1396 1650 imaginum
1434 1602 1540 1653 quo
1567 1583 1748 1635 minus
1774 1596 1815 1627 20

128 1651 232 1704 hac
259 1651 588 1705 contumelia
616 1660 998 1722 aspergeretur
1024 1651 1289 1722 opitulata
1317 1660 1458 1704 sunt.

236 1722 286 1774 4.
331 1723 800 1776 Generosissimus
847 1723 1159 1787 consulatus
1206 1721 1493 1792 collegium
1527 1723 1751 1776 Lentuli

131 1800 184 1846 et
208 1791 419 1845 Metelli.
446 1792 571 1845 fuit.
625 1793 718 1863 qui
746 1794 907 1846 ambo
940 1793 994 1844 in
1024 1811 1221 1845 scaena
1246 1802 1472 1863 propter
1499 1794 1749 1846 similitu-

135 1862 319 1915 dinem
361 1862 690 1916 histrionum
736 1864 1130 1934 propemodum
1176 1864 1408 1934 spectati
1453 1872 1594 1916 sunt.
1651 1864 1749 1916 sed

130 1932 268 1987 alter
302 1953 371 1987 ex
417 1934 653 2004 quodam
699 1934 1064 1986 secundarum
1102 1952 1402 2003 cognomen
1439 1933 1745 2005 Spintheris
1770 1947 1811 1980 25

239 2095 335 2140 DE
369 2094 853 2149 SIMILITVDINE
886 2094 1179 2147 FORMAE.
1259 2098 1296 2140 1.
1337 2096 1743 2156 Pompeio‘Magno
1768 2101 1862 2136 Par·

129 2165 287 2212 Vibius
315 2167 541 2228 ingenuae
570 2167 727 2227 stirpis
755 2173 799 2211 et
824 2166 1054 2212 Publicius
1081 2166 1324 2212 libertinus
1353 2166 1520 2211 similes
1548 2166 1746 2212 suerunt.

127 2241 167 2281 2,
220 2236 355 2282 Pater
393 2237 469 2282 Cn.
514 2238 699 2298 Pompei
747 2237 1010 2297 Menogenis
1056 2237 1191 2298 coqui
1238 2239 1309 2283 sui
1352 2237 1599 2297 persimilis
1644 2237 1745 2283 fuit.

127 2309 167 2351 3.
207 2307 445 2352 Cornelius
462 2307 614 2367 Scipio
643 2309 899 2354 uictimario
927 2308 1103 2354 cuidam
1131 2308 1376 2368 persimilis
1399 2314 1510 2354 erat.
1564 2311 1605 2353 4.
1632 2308 1747 2354 Len-

130 2376 252 2422 tulus
278 2377 491 2423 histrioni
520 2377 752 2437 Spintheri
782 2378 942 2423 similis
970 2378 1072 2429 suit,
1099 2378 1309 2423 Metellus
1335 2379 1484 2438 Nepos
1509 2378 1744 2439 Pamphilo
1771 2385 1812 2418 30

131 2448 368 2492 tertiarum
395 2449 554 2493 actori.
1107 2455 1111 2459 “

242 2600 268 2638 3
289 2600 473 2650 pompei
494 2593 647 2638 fiiuius
669 2591 724 2637 B'
777 2600 828 2638 10
852 2595 1001 2650 [Quod
1027 2611 1068 2650 q.
1092 2595 1218 2650 fort.]
1243 2598 1489 2638 ludibrium
1514 2599 1648 2650 quasi
1669 2599 1747 2639 he-

128 2651 423 2707 1·edi[tarium
444 2677 498 2682 ——
520 2652 818 2707 penetJrauit.
861 2667 967 2694 nam
1000 2657 1134 2707 pater
1157 2651 1357 2707 [quoque
1381 2676 1433 2681 ——
1456 2653 1745 2708 men]ogenis

127 2711 230 2752 coci
267 2713 338 2750 sui
374 2710 539 2751 similis
578 2708 695 2763 [esse
736 2733 788 2739 —
808 2708 911 2763 'uir]
958 2714 1003 2750 et
1040 2710 1177 2750 armis
1214 2715 1494 2763 praepotens
1533 2714 1578 2751 et
1614 2711 1745 2753 ferox

47 2798 59 2810 x
129 2764 296 2820 [animo
320 2780 354 2809 s.
379 2765 494 2820 eius]
518 2779 684 2808 nomen
706 2766 932 2819 repellere
959 2779 985 2806 a
1008 2779 1056 2806 se
1079 2779 1169 2807 non
1194 2763 1429 2820 [ualuerit]
1454 2768 1496 2807 B
1576 2770 1628 2809 18
1650 2781 1744 2808 ser-

125 2836 285 2866 mone*
307 2823 350 2863 B
430 2825 482 2864 19
503 2835 726 2876 perquam
747 2823 1046 2872 Kellerbauer,
1070 2829 1114 2863 ut
1135 2829 1201 2863 est
1216 2837 1262 2875 p.
1287 2825 1384 2871 480,
1410 2826 1467 2864 13
1546 2825 1597 2864 21
1622 2824 1744 2864 hanc

129 2879 455 2922 contumeliam
475 2874 530 2919 B'
589 2881 642 2920 22
666 2878 1067 2933 generosissimum
1091 2880 1131 2919 D
1191 2880 1244 2921 23
1267 2891 1465 2920 scaena*
1486 2880 1528 2920 B

239 2939 295 2978 28
315 2935 556 2990 menogeni
586 2929 645 2976 V'
705 2938 759 2977 30
780 2934 993 2989 panphili
1022 2936 1069 2976 V
