1924 3152
177 151 281 204 130
874 151 975 198 Lm.
1014 115 1081 197 lll.

176 262 318 315 filias
354 261 649 314 Leuctram
686 266 740 312 et
774 259 1113 312 Mantineam
1146 257 1396 330 relinquo
1410 263 1446 312 ⁹.
1508 276 1536 312 e
1571 276 1796 331 corpore

179 332 377 385 deinde
404 349 502 383 suo
528 330 745 383 hastam
772 330 931 382 educi
966 329 1153 396 iussit,
1196 347 1369 400 eoque
1395 328 1622 383 uulnere
1646 331 1795 401 expi-

176 402 337 457 rauit.
403 400 563 471 quid,
603 400 650 452 si
677 419 801 453 eum
828 400 885 453 di
911 398 1226 452 inmortales
1262 401 1508 453 uictoriis
1535 399 1649 453 suis
1675 418 1795 471 per-

176 473 286 525 frui
313 470 465 542 passi
491 478 675 524 essent
699 479 748 523 et
774 489 961 541 sospes
989 470 1201 541 patriae
1225 470 1440 524 moenia
1463 471 1759 525 intrasset?

132 560 152 591 5
281 543 330 594 6.
371 543 455 595 Ac
480 559 549 593 ne
576 540 930 594 Theramenis
959 541 1180 612 quidem
1205 539 1589 608 Atheniensis,
1616 542 1672 594 in
1698 560 1795 612 pu-

175 613 320 666 blica
346 612 597 665 custodia
623 613 765 665 mori
791 612 995 678 coacti,
1032 629 1207 682 parua
1232 611 1430 664 mentis
1458 612 1792 664 constantia:

175 686 233 735 in
269 701 377 754 qua
411 682 641 751 triginta
675 690 1035 753 tyrannorum
1068 682 1223 742 iussu
1257 690 1566 752 porrectam
1594 682 1796 735 ueneni

175 754 454 824 potionem
489 772 599 807 non
634 753 952 805 dubitanter
978 752 1180 817 hausit,
1222 751 1479 822 quodque
1516 770 1588 804 ex
1619 771 1685 805 ea
1709 770 1795 804 su-

176 824 458 896 perfuerat
506 822 848 876 iocabundus
897 811 1121 875 inlisum
1162 821 1331 876 humo
1376 821 1585 874 clarum
1635 821 1797 874 edere

114 912 155 943 10
179 914 373 948 sonum
408 895 613 964 coegit,
665 893 1028 964 renidensque
1063 910 1224 945 seruo
1249 891 1495 962 publico,
1547 892 1642 964 qui
1677 910 1798 945 eam

176 965 507 1031 tradiderat,
554 963 820 1016 ‘Critiae’
849 963 1027 1034 inquit
1062 962 1346 1034 ‘propinoz
1387 962 1516 1016 uide
1540 962 1711 1032 igitur
1734 969 1798 1015 ut

176 1036 278 1089 hoc
303 1035 562 1106 poculum
589 1034 659 1086 ad
687 1052 811 1086 eum
837 1034 1092 1087 continuo
1120 1033 1417 1104 perferas'.
1470 1041 1589 1087 erat
1615 1041 1797 1086 autem

175 1107 222 1158 is
261 1125 330 1158 ex
356 1106 583 1174 triginta
609 1112 631 1156 t
673 1106 859 1156 rannis
898 1103 1326 1157 crudelissimus
1386 1094 1634 1174 pro‘fecto
1672 1111 1796 1173 sup-

175 1175 340 1246 plicio
379 1184 462 1228 est
498 1194 554 1227 se
590 1125 825 1228 ligeram
861 1183 975 1228 tam
1009 1174 1172 1227 facile
1207 1193 1270 1226 su
1311 1172 1531 1244 plicium
1563 1173 1794 1244 perpeti.

113 1262 154 1294 15
176 1248 360 1317 itaque
381 1245 745 1298 Theramenes
767 1244 995 1315 perinde
1015 1252 1177 1315 atque
1198 1245 1256 1295 in
1272 1193 1573 1297 {domestico
1594 1242 1794 1296 lectulo

176 1318 411 1369 moriens
437 1317 556 1368 uita
592 1317 857 1381 excessit,
893 1314 1236 1367 inimicorum
1271 1314 1672 1368 existimatione
1698 1332 1796 1386 pu—

178 1388 325 1440 nitus
342 1427 356 1454 ,
398 1405 495 1439 suo
521 1386 726 1438 iudicio
753 1385 959 1438 finitus.

284 1459 334 1510 7.
373 1455 483 1509 Sed
510 1456 879 1508 Theramenes
907 1474 939 1507 a
963 1455 1161 1508 litteris
1202 1464 1257 1508 et
1284 1455 1528 1508 doctrina
1563 1453 1796 1507 uirilita-

177 1538 287 1580 tem
312 1527 509 1592 traxit,
550 1527 886 1578 Numantino
911 1544 1043 1579 uero
1070 1525 1414 1594 Rhoetogeni
1449 1525 1519 1578 ad
1546 1525 1795 1578 consimi-

113 1614 154 1646 20
178 1597 287 1650 lem
335 1598 595 1648 uirtutem
654 1597 1049 1667 capessendam
1098 1596 1254 1667 quasi
1301 1596 1570 1664 magistra
1617 1596 1795 1665 gentis

179 1686 310 1720 suae
346 1666 602 1738 ferocitas
649 1667 850 1719 extitit.
923 1667 1151 1737 perditis
1189 1684 1423 1736 namque
1471 1674 1524 1718 et
1558 1664 1794 1718 adflictis

177 1738 341 1790 rebus
379 1737 871 1803 Numantinorum,
924 1756 1048 1790 cum
1083 1755 1268 1790 omnes
1307 1737 1454 1788 ciues
1490 1734 1794 1802 nobilitate,

177 1809 437 1879 pecunia,
482 1807 779 1861 honoribus
807 1814 1138 1878 praestaret,
1176 1808 1360 1859 uicum
1386 1825 1573 1872 suum,
1611 1806 1704 1877 qui
1737 1806 1799 1857 in

179 1898 244 1931 ea
279 1879 416 1931 urbe
446 1878 881 1948 speciosissimus
919 1886 1062 1944 erat,
1101 1877 1396 1929 contractis
1433 1876 1674 1947 undique
1699 1893 1795 1927 nu-

116 2006 158 2039 25
180 1997 289 2043 bere
309 1997 521 2054 cognitis,
551 1996 804 2042 ‘mirificas'
830 1997 977 2056 inquit
998 1995 1133 2040 ‘filias
1153 1995 1286 2040 uobis
1308 1995 1533 2054 relinquo,
1559 1994 1796 2040 Leuctram

61 2046 155 2080 pm„
183 2073 229 2112 et
254 2065 561 2112 Mantineam'.
625 2069 665 2110 6.
705 2067 1003 2112 Theramenes
1030 2065 1319 2110 Atheniensis
1355 2065 1544 2124 triginta
1580 2070 1795 2124 tyranno-

179 2151 281 2182 rum
318 2139 447 2181 iussu
474 2143 729 2196 porrectam
758 2138 989 2196 potionem
1027 2134 1193 2199 ueneni
1219 2148 1310 2179 non
1346 2135 1605 2180 dubitanter
1631 2134 1796 2181 exhau-

183 2209 264 2253 sit:
315 2206 528 2266 quodque
572 2220 624 2252 ex
664 2220 713 2251 ea
760 2206 1049 2266 superfuerat
1070 2199 1373 2256 jocabundus
1418 2204 1600 2250 inlisum
1639 2206 1794 2255 humo,

181 2292 293 2323 sono
322 2277 443 2322 edito
471 2277 681 2322 renidens
709 2290 845 2322 seruo
872 2266 1067 2337 public)
1085 2273 1308 2320 ‘Critiae'
1337 2274 1486 2334 inquit
1513 2274 1794 2335 ‘propino'z

117 2357 159 2389 30
184 2354 281 2393 erat
315 2352 465 2392 autem
500 2347 572 2392 hic
609 2360 660 2392 ex
689 2347 876 2407 triginta
911 2347 1116 2407 tyrinnis
1154 2344 1508 2391 crudelissimus.
1569 2349 1611 2390 7.
1649 2345 1796 2390 Rhoe·

180 2425 371 2476 togenes
390 2417 689 2462 Numantinus
711 2417 904 2463 adflictis
927 2411 1064 2462 rdbus
1079 2416 1454 2462 Numantinorum
1475 2416 1627 2461 uicum
1648 2429 1795 2467 suum,

182 2490 259 2549 qui
287 2490 331 2533 in
360 2502 409 2534 ea
436 2488 548 2534 urbe
576 2487 943 2548 speciosissimus
971 2494 1081 2538 erat,
1109 2486 1332 2532 incendit:
1362 2486 1571 2532 strictum
1597 2485 1795 2545 gladium

296 2613 317 2651 1
351 2625 374 2652 e
403 2611 445 2651 B
474 2613 518 2652 in
537 2613 665 2652 litura
734 2613 758 2651 2
788 2611 954 2651 deduci
975 2611 1017 2651 B
1044 2607 1063 2664 Η
1093 2611 1284 2651 uulnere
1313 2615 1549 2663 suspectum
1567 2609 1794 2650 Perizonio

181 2670 206 2708 3
236 2667 342 2718 quid
363 2668 571 2709 Foertsclz
598 2668 667 2715 II,
700 2669 780 2707 14:
812 2679 902 2720 quo
934 2667 986 2715 B,
1021 2667 1140 2718 quod
1169 2669 1274 2707 dett.
1306 2662 1325 2720 Η
1351 2666 1542 2706 uictoris
1570 2659 1628 2704 B'
1691 2665 1720 2703 4
1749 2667 1796 2704 et

182 2725 282 2764 add.
312 2724 521 2764 Foertsclz
549 2725 629 2764 hac
653 2730 889 2777 perspecta
917 2727 1152 2765 sententia.-
1184 2727 1198 2748 ‘'
1215 2722 1330 2762 Tam
1359 2721 1558 2774 gloriose
1587 2722 1793 2760 mortuus

183 2783 254 2820 est
274 2780 631 2833 Epaminondas.
666 2782 910 2821 Faciamus
930 2793 1052 2820 nunc
1075 2792 1178 2821 eum
1198 2778 1418 2831 sospitem
1439 2776 1619 2817 domum
1638 2788 1796 2816 reuer-

180 2836 319 2888 tisse,
351 2836 503 2888 qualis
536 2839 582 2876 et
611 2840 788 2887 quanta
819 2841 914 2877 tum
946 2837 1044 2877 eius
1073 2837 1243 2877 fuisset
1269 2833 1477 2874 felicitas
1508 2845 1564 2872 ac
1593 2829 1790 2884 gloria!'

180 2894 236 2932 12
255 2895 409 2933 autem
428 2892 495 2933 B:
518 2892 638 2932 enim
660 2902 687 2935 ς
748 2894 800 2933 15
822 2893 1105 2933 theramenis
1125 2892 1168 2932 B
1229 2892 1281 2932 19
1303 2889 1520 2942 theogeni
1535 2887 1591 2937 B,
1615 2900 1689 2931 em,
1713 2900 1735 2928 e
1756 2889 1802 2927 P

295 2949 351 2990 27
373 2951 629 3001 correptam
658 2948 787 3000 Vpr.
807 2962 857 2990 m.
