1924 3152
419 17 423 24 .
488 4 507 14 ι
596 0 1276 31 «Σἣειτ-«ᾶττ-ῑῗτ-ψψεῑῑῑῑ-ῖῑ»επ-ῖςκ’ς
1294 0 1428 24 “metr-”f
1458 2 1463 16 =
1498 2 1501 3 ⁷
1522 0 1538 10 -Ἴ
1560 0 1577 9 ⁷²*
1604 4 1610 6 ἡ
1632 7 1643 22 ,Δ
1747 0 1750 2 ’
1911 4 1918 8 »

679 103 797 188 (ΞΑΡ.
825 142 882 192 11,
923 141 952 200 S
981 142 1174 185 19—21.
1641 133 1742 186 123

107 251 483 322 subsequente
517 249 741 304 cohorte
766 250 974 319 primus
1011 249 1278 319 impetum
1304 247 1455 301 fecit.
1508 247 1654 319 quod
1680 255 1741 299 ut

43 348 50 359 ‚
113 321 373 376 Valerius
409 320 637 375 Flaccus
684 321 936 389 tribunus
981 320 1177 373 tertiae
1222 318 1452 388 legionis
1503 318 1739 390 aspexit,

112 411 416 448 conuersus
460 391 531 444 ad
570 409 695 444 suos
743 398 1164 462 ‘spectatores',
1218 390 1521 461 inquit-‘ut
1556 388 1739 456 uiden,

114 463 325 518 alienae
349 463 572 516 uirtutis
593 461 700 514 huc
726 462 993 528 uenimUS‚
1024 461 1122 514 sed
1149 461 1295 515 absit
1322 460 1475 513 istud
1501 459 1738 513 dedecus

112 554 146 588 a
183 534 447 604 sanguine
480 540 697 598 nostro,
733 540 797 586 ut
821 532 1057 585 Romani
1093 531 1268 601 gloria
1303 532 1496 584 cedere
1522 531 1738 585 Latinis
1762 551 1783 584 5

111 604 370 659 uelimus:
413 623 442 657 e
484 621 514 656 o
542 611 688 657 certe
715 611 811 656 aut
837 604 1146 674 speciosam
1172 604 1362 673 optaui
1388 611 1619 655 mortem
1645 609 1741 654 aut

111 675 328 729 felicem
362 694 432 728 au
474 676 625 727 aciae
663 675 895 727 exitum:
944 673 1033 727 uel
1070 672 1217 728 solus
1254 692 1608 744 praecurrere
1646 692 1739 744 pa-

110 754 262 800 ratus
291 752 450 799 sum'.
494 746 579 798 his
607 746 808 799 auditis
836 744 1114 798 Pedanius
1142 745 1385 798 centurio
1414 743 1739 798 conuulsum

111 819 329 887 signum
356 817 554 870 dextra
578 818 816 869 retinens
856 816 995 885 ‘Q
1009 817 1172 885 iioc',
1201 814 1403 891 inquit,
1445 815 1623 867 ‘intra'
1643 814 1738 885 ho·

104 887 237 958 stile,
252 886 476 956 “Uallum
492 906 724 943 ‚mecum
760 888 886 940 erit:
941 882 1193 958 proiifflef
1211 884 1512 958 sequantur
1549 885 1643 958 qui
1674 884 1737 938 'id
1762 906 1803 937 ιο

110 955 234 1030 capi
269 957 508 1026 nolunt'²
548 966 603 1011 et
629 976 754 1010 cum
780 977 843 1011 eo
882 958 939 1009 in
975 965 1159 1010 castra
1183 958 1494 1011 Poenorum
1528 957 1741 1028 inrupit

111 1038 393 1101 totamque
419 1048 607 1082 secum
624 1029 796 1082 traxit
822 1027 1116 1098 legionem.
1155 1028 1236 1081 ita
1261 1029 1430 1083 trium
1455 1028 1739 1083 hominum

109 1100 269 1154 fortis
297 1101 575 1153 temeritas
602 1099 1000 1167 Hannibalem,
1039 1099 1202 1170 paulo
1231 1108 1358 1153 ante
1385 1118 1482 1170 spe
1509 1118 1611 1153 sua
1637 1098 1737 1152 Ca-

109 1189 250 1242 puae
276 1172 600 1241 potitorem,
629 1189 696 1222 ne
724 1179 1027 1224 castrorum
1055 1170 1276 1241 quidem
1303 1188 1523 1223 suorum
1548 1177 1737 1242 poten-

108 1250 221 1295 tem
247 1260 366 1295 esse
393 1261 560 1313 passa
586 1250 684 1295 est.
1760 1258 1802 1292 15

213 1312 301 1365 21.
361 1313 609 1380 Quorum
652 1313 848 1365 uirtuti
892 1311 1027 1364 nihil
1073 1311 1218 1364 cedit
1258 1311 1325 1378 Q.
1369 1311 1598 1377 OcciuS‚
1645 1311 1739 1382 qui

106 1392 331 1454 propter
354 1382 734 1437 fortitudinem
755 1380 998 1436 Achilles
1027 1383 1446 1452 cognominatus
1475 1390 1573 1435 est.
1609 1383 1739 1434 nam

108 1461 170 1507 ut
204 1452 415 1525 reliqua
459 1455 575 1507 eius
615 1472 784 1525 opera
819 1473 930 1508 non
976 1472 1243 1525 exequar,
1297 1452 1515 1507 abunde
1550 1461 1738 1506 tamen

103 1525 322 1578 duobus
349 1525 541 1592 factis,
579 1544 717 1596 quae
744 1524 1017 1578 relaturus
1045 1543 1194 1592 sum,
1233 1532 1467 1595 quantus
1501 1523 1739 1578 bellator

102 1596 277 1649 fuerit
326 1605 702 1665 cognoscetur.
767 1596 836 1662 Q.
873 1595 1096 1650 Metello
1148 1595 1360 1650 consuli
1410 1596 1626 1665 legatus
1677 1595 1735 1647 in
1759 1614 1800 1644 20

110 1665 437 1735 Hispaniam
469 1667 775 1737 profectuS,
835 1665 1227 1720 Celtibericum
1271 1667 1373 1720 sub
1422 1685 1484 1720 eo
1531 1666 1738 1720 bellum

104 1753 332 1805 gerenS,
377 1745 669 1808 postquam
707 1738 964 1807 cognouit
1011 1757 1043 1790 a
1078 1737 1315 1808 quodam
1358 1738 1536 1807 gentis
1574 1737 1735 1789 huius

107 1807 306 1859 iuuene
341 1825 399 1859 se
435 1806 507 1859 ad
553 1807 930 1860 dimicandum
964 1808 1257 1878 prouocari
1291 1840 1363 1846 —
1400 1814 1518 1860 erat
1553 1815 1738 1860 autem

107 1875 190 1929 illi
217 1877 359 1931 forte
386 1876 693 1949 prandendi
719 1878 899 1947 gratia
917 1879 1101 1948 posita
1126 1896 1318 1930 mensa
1335 1910 1423 1945 -,
1451 1876 1644 1931 relicta
1671 1895 1738 1930 ea

74 1982 78 1986 -
106 1966 262 2000 arma
287 1966 389 2000 sua
414 1957 571 2001 extra
596 1947 803 2001 uallum
830 1948 1032 2001 deferri
1060 1967 1366 2020 equumque
1405 1949 1564 2001 educi
1591 1947 1734 2001 clam
1758 1964 1805 1997 25

107 2018 292 2085 iussit,
330 2038 398 2072 ne
425 2038 457 2072 a
481 2018 702 2072 Metello
728 2020 1096 2090 inpediretur,
1134 2026 1186 2072 et
1212 2018 1368 2072 illum
1395 2018 1733 2073 Celtiberum

106 2087 534 2142 insolentissime
582 2089 994 2161 obequitantem
1045 2099 1392 2144 consectatus
1453 2091 1732 2145 interemit

106 2235 188 2268 cus
229 2222 388 2268 tertiae
424 2223 621 2284 legionis
662 2223 872 2269 tribunus
911 2224 1049 2278 uidit,
1096 2226 1299 2271 imitatus
1340 2225 1598 2286 exemplum
1632 2231 1727 2270 est:
1754 2231 1849 2266 Par.

110 2292 229 2339 idem
253 2293 477 2340 Pedanius
515 2292 723 2341 centurio
761 2295 882 2341 fecit.
952 2296 1168 2355 protinus
1206 2297 1346 2355 igitur
1384 2302 1534 2342 castra
1558 2297 1733 2342 Poeno-

110 2377 211 2409 rum
245 2371 376 2425 capta
415 2371 536 2410 sunt.
624 2367 694 2409 21.
741 2366 792 2422 Q.
828 2366 1012 2416 Decius,
1060 2367 1137 2427 qui
1173 2373 1368 2427 propter
1415 2366 1732 2416 fortitudinem
1756 2375 1815 2405 30.

110 2433 308 2479 Achilles
334 2437 685 2494 cognominatus
713 2444 805 2486 est,
846 2435 932 2482 sub
960 2435 1011 2492 Q.
1040 2437 1221 2482 Metello
1247 2451 1344 2483 cos.
1381 2436 1561 2496 legatus
1588 2437 1633 2482 in
1659 2437 1735 2482 Hi-

112 2505 270 2563 spania
297 2504 520 2555 militans‚
558 2519 660 2551 cum
687 2508 987 2566 cognouisset
1020 2520 1068 2552 se
1095 2522 1119 2553 a
1147 2507 1341 2567 quodam
1369 2507 1598 2553 Celtibero
1626 2521 1735 2567 pro-

111 2580 340 2625 uocatam,
369 2574 527 2621 relicta
554 2589 711 2621 mensa
740 2601 799 2608 -—-
833 2577 952 2622 forte
979 2577 1099 2623 enim
1127 2578 1378 2638 prandebat
1410 2603 1466 2609 —-
1500 2578 1617 2623 clam
1642 2576 1733 2622 Me-

109 2643 220 2691 tello
258 2643 599 2705 obequitantem
633 2644 907 2692 Celtiberum
942 2654 1231 2694 consectatus
1270 2648 1451 2694 occidit.
1515 2649 1679 2694 iterum
1709 2662 1735 2694 a

223 2784 248 2823 6
279 2786 495 2836 oppetam
517 2785 710 2824 mortem
732 2784 855 2835 Lips.
919 2785 943 2823 7
974 2783 1140 2825 felices
1162 2785 1186 2824 b
1206 2781 1225 2839 Η
1256 2785 1407 2826 exitus
1428 2785 1471 2826 B
1530 2788 1556 2828 8
1586 2785 1730 2839 pada-

109 2839 215 2879 nius
243 2838 286 2878 B
355 2840 408 2879 14
436 2840 664 2893 potiorem
691 2832 747 2880 B'
776 2836 796 2894 11
823 2840 1078 2893 potientem
1110 2853 1212 2882 esse
1242 2841 1266 2882 b
1334 2843 1390 2883 20
1420 2842 1601 2885 consuli
1630 2856 1732 2883 nos:

109 2897 222 2936 con‘s
239 2893 302 2942 B,
335 2896 523 2938 consule
546 2906 594 2945 ς,
627 2896 711 2937 sub
733 2919 789 2925 —
813 2896 1003 2939 consule
1025 2898 1086 2943 P‚·
1117 2899 1239 2952 Cf·,5›
1263 2901 1303 2947 5,
1327 2901 1351 2939 1
1373 2905 1416 2940 et
1439 2903 1476 2946 7,
1500 2903 1523 2939 1

223 2952 277 2992 34
299 2952 670 3006 obsequitantem
698 2953 744 2993 V
