1924 3152
592 133 606 139 κ
664 116 784 171 CAP.
812 124 899 175 1111,
927 124 957 182 g
986 128 1124 168 1—4.
1606 116 1713 170 245

81 235 306 306 spicuus
344 251 604 288 coronam
638 234 969 303 imperatore
1006 229 1172 284 simul
1207 239 1262 284 et
1297 238 1454 301 patre
1490 248 1561 282 ex
1587 231 1711 301 ipsa

82 313 260 359 morte
289 312 446 375 rapto
476 311 796 356 mereretur.

190 377 242 429 3.
282 376 527 428 Auribus
567 375 674 425 ista
708 382 821 426 tam
859 373 1145 443 praeclara
1183 370 1432 442 exempla
1458 371 1709 424 Romana

81 447 279 500 ciuitas
307 445 534 515 accepit,
561 443 656 496 illa
680 443 823 496 uidit
849 443 1039 496 oculis.
1103 443 1166 494 L.
1190 442 1398 495 Manlio
1427 443 1707 512 Torquato

78 518 227 570 diem
269 516 340 568 ad
381 514 647 586 populum
690 514 1023 584 Pomponius
1068 514 1322 566 tribunus
1368 512 1442 583 pl.
1471 513 1704 579 dixerat,
1729 533 1751 566 5

78 587 226 658 quod
254 586 540 639 occasione
565 585 706 638 bene
733 584 1060 638 conficiendi
1085 583 1218 636 belli
1244 583 1503 636 inductus
1531 583 1708 652 legiti-

79 676 230 709 mum
256 656 540 728 optinendi
566 657 641 707 im
683 656 782 707 erii
807 663 1024 725 tempus
1054 655 1410 719 excessisset,
1453 655 1707 725 quodque

79 727 271 794 filium,
299 728 539 797 optimae
565 728 621 777 in
664 726 766 778 olis
794 728 1064 791 iuuenem,
1094 725 1298 777 rustico
1328 743 1490 794 opere
1512 743 1708 794 graua-

78 806 196 851 tum
220 798 458 869 publicis
485 798 678 850 usibus
708 797 1072 858 subtraheret.
1135 795 1195 846 id
1230 803 1526 866 postquam
1551 795 1706 847 Man-

77 868 187 921 lius
214 869 537 920 adulescens
567 868 850 936 cognouit,
886 868 1133 937 protinus
1160 867 1357 920 urbem
1382 866 1540 937 petiit
1568 874 1620 918 et
1647 885 1703 919 se
1728 887 1769 918 10

77 939 136 990 in
161 939 450 1010 Pomponii
489 939 708 991 domum
732 939 912 1009 prima
946 936 1066 990 luce
1103 937 1321 990 direxit.
1385 938 1479 1007 qui
1515 937 1704 990 existi-

76 1029 234 1062 mans
270 1011 327 1062 in
362 1009 466 1062 hoc
494 1028 618 1061 eum
643 1009 886 1075 uenisse,
932 1016 994 1060 ut
1028 1008 1201 1079 patris
1240 1007 1470 1061 crimina
1483 1026 1570 1073 ,a
1596 1026 1703 1078 quo

73 1082 198 1151 plus
226 1082 371 1133 iusto
399 1098 592 1149 aspere
621 1080 980 1145 tractabatur,
1012 1078 1269 1146 deferret,
1300 1077 1566 1131 excedere
1593 1096 1702 1130 om-

72 1170 171 1204 nes
199 1151 360 1203 iussit
388 1149 639 1203 cubiculo
655 1190 669 1217 ,
699 1169 804 1220 quo
840 1149 1093 1202 licentius
1122 1150 1344 1202 remotis
1373 1149 1595 1201 arbitris
1623 1150 1702 1201 in-

70 1220 279 1274 dicium
322 1228 628 1291 perageret.
709 1230 902 1272 nactus
949 1221 1290 1273 occasionem
1335 1228 1702 1290 opportunam
1726 1239 1767 1271 15

71 1292 354 1362 proposito
383 1310 479 1345 suo
506 1291 719 1344 iuuenis
746 1290 994 1360 gladium
1012 1331 1025 1357 ,
1063 1309 1224 1361 quem
1251 1299 1455 1343 tectum
1491 1289 1701 1343 adtule—

69 1371 180 1429 rat,
208 1362 503 1416 destrinxit
529 1362 918 1432 tribunumque
955 1362 1117 1412 minis
1154 1380 1217 1413 ac
1243 1369 1450 1414 terrore
1478 1360 1699 1431 conpul-

68 1452 195 1485 sum
219 1436 402 1486 iurare
430 1433 607 1502 coegit
642 1451 675 1484 a
699 1435 873 1503 patris
913 1433 1028 1484 eius
1067 1433 1418 1485 accusatione
1453 1449 1696 1484 recessu-

67 1522 211 1571 rum,
241 1522 413 1574 eoque
441 1503 697 1556 effectum
734 1512 816 1556 est
851 1522 920 1556 ne
950 1504 1262 1574 Torquatus
1301 1520 1523 1555 causam
1552 1502 1694 1555 dice-

66 1582 172 1626 ret.
235 1573 686 1627 commendabilis
725 1582 809 1626 est
883 1574 1050 1639 ietaS,
1090 1592 1230 1644 quae
1264 1573 1566 1625 mansuetis
1602 1592 1695 1644 pa·
1721 1591 1763 1623 20

69 1644 321 1696 rentibus
372 1652 703 1714 praestatur.
777 1663 833 1696 se
904 1644 1144 1696 Manlius
1197 1663 1303 1714 quo
1339 1643 1698 1696 horridiorem

70 1723 286 1784 patrem
311 1714 532 1780 habuit,
570 1714 673 1765 hoc
706 1714 949 1784 periculo
987 1715 1103 1766 eius
1139 1714 1471 1767 laudabilius
1499 1714 1696 1767 subue-

70 1786 172 1851 nit,
201 1784 330 1855 quia
356 1784 426 1836 ad
454 1803 577 1836 eum
605 1783 944 1852 diligendum
969 1793 1189 1854 praeter
1214 1783 1523 1836 naturalem
1550 1791 1695 1837 amo-

67 1874 185 1907 rem
211 1853 358 1907 nullo
385 1853 760 1923 indulgentiae
797 1854 1171 1907 blandimento
1198 1855 1464 1907 inuitatus
1492 1854 1692 1908 fuerat.

175 1926 227 1977 4.
267 1925 427 1977 Hanc
468 1925 731 1995 pietatem
774 1924 1079 1977 aemulatus
1124 1925 1201 1977 M.
1243 1925 1409 1979 Cotta
1461 1943 1524 1978 eo
1570 1925 1692 1996 ipso
1718 1942 1759 1974 25

68 1996 187 2063 die,
226 2014 332 2066 quo
360 2004 545 2065 togam
570 1995 783 2047 uirilem
811 1996 1069 2066 sumpsit,
1107 1996 1358 2066 protinus
1386 2003 1446 2047 ut
1474 2014 1505 2047 a
1534 1996 1694 2066 Capi-

31 2202 34 2205 ,
66 2145 108 2187 3.
134 2142 184 2188 L.
211 2143 375 2190 Manlio
398 2144 632 2203 Torquato
659 2143 776 2188 diem
803 2143 856 2188 ad
883 2132 1103 2203 populum
1129 2143 1407 2204 Pomponius
1436 2142 1540 2188 trib.
1570 2142 1692 2203 pleb.
1716 2151 1808 2187 Par.

64 2213 255 2265 dixerat,
286 2215 407 2274 quod
435 2213 576 2259 filium
603 2214 788 2259 militiae
816 2221 972 2274 aptum
998 2215 1173 2260 rustico
1203 2227 1342 2275 opere
1368 2221 1595 2275 grauaret.
1648 2215 1694 2259 id

68 2291 313 2345 postquam
341 2284 529 2330 Manlius
557 2284 825 2330 adulescens
854 2285 1096 2344 cognouit,
1138 2300 1240 2331 cum
1268 2285 1390 2330 ferro
1418 2285 1472 2331 ad
1498 2285 1692 2345 Pompo-

69 2354 193 2398 nium
228 2355 356 2399 uenit
395 2363 440 2400 et
481 2355 772 2400 intromissus
810 2362 1038 2401 secretum
1075 2356 1213 2416 petit,
1260 2370 1309 2401 ac
1355 2356 1569 2415 protinus
1615 2356 1690 2400 de·
1714 2365 1755 2397 30

66 2424 232 2469 stricto
269 2424 418 2484 gladio
448 2425 678 2469 tribunum
715 2425 848 2470 minis
886 2433 1059 2470 terrere
1094 2428 1245 2486 coepit
1280 2433 1325 2470 et
1353 2428 1504 2485 coegit
1540 2427 1690 2471 iurare

66 2506 172 2539 eum
199 2507 221 2538 a
249 2494 392 2554 patris
429 2495 717 2540 accusatione
744 2495 1063 2546 decessurum,
1111 2509 1259 2556 eoque
1297 2496 1508 2541 effectum
1537 2504 1606 2540 est
1633 2510 1689 2540 ne

65 2564 334 2625 Torquatus
357 2564 526 2610 diceret
550 2578 746 2610 causam.
798 2569 837 2610 4.
866 2565 922 2612 Μ.
939 2565 1069 2611 Cotta
1096 2579 1150 2611 eo
1178 2568 1278 2626 ipso
1301 2566 1387 2616 dic,
1417 2579 1507 2625 quo
1537 2572 1689 2625 togam

179 2703 207 2742 4
243 2702 419 2743 Manlio
448 2703 509 2742 P:
547 2701 739 2742 manilio
769 2702 811 2741 B
842 2707 883 2742 et
910 2705 971 2742 sic
1000 2702 1120 2752 infra
1186 2703 1211 2741 6
1245 2701 1459 2743 ὄίῑοίθῐιᾶί
1488 2703 1688 2754 Piylzius:

63 2756 250 2798 ficiendi
270 2758 334 2806 B,
374 2758 581 2798 faciendi
609 2758 654 2805 b,
687 2757 877 2798 finiendi
897 2760 992 2799 eod.
1020 2758 1228 2802 Gembzac.
1303 2761 1354 2799 10
1384 2760 1502 2811 petit
1522 2759 1565 2798 B
1636 2761 1688 2800 16

65 2816 220 2878 tectus
241 2809 297 2854 B'
367 2817 416 2855 17
448 2814 681 2864 distrinxit
703 2808 757 2854 B'
827 2816 879 2855 18
908 2815 1207 2855 decessurum
1229 2817 1270 2855 P
1335 2817 1388 2856 23
1419 2816 1530 2868 quia
1553 2815 1611 2856 ad
1634 2816 1686 2855 b:

64 2879 148 2920 qm
167 2870 235 2967 ³318
246 2871 529 2979 granai-etur
555 2928 595 2967 V
