1924 3152
757 169 873 216 CAP..
902 169 939 220 1,
979 167 1010 228 g
1040 170 1076 215 1.
1105 172 1146 215 2.

139 278 442 351 Bithyniae
466 295 683 348 regem,
710 276 877 329 Perse
905 276 1123 330 deuicto
1148 275 1338 328 uenire
1365 275 1637 344 audisset,
1675 275 1768 330 ob-

138 351 292 404 uiam
334 348 417 402 illi
456 349 522 403 P.
549 347 864 402 Cornelium
910 347 1223 418 Scipionem
1273 355 1624 418 quaestorem
1665 347 1767 401 Ca-

139 440 308 493 puam
333 420 485 473 misit
510 419 833 490 censuitque
857 426 919 471 ut
954 420 1004 471 ei
1032 418 1225 471 domus
1251 417 1459 471 Romae
1486 437 1651 490 quam
1677 437 1768 489 op-

141 493 280 547 tima
304 490 704 544 conduceretur
730 497 783 542 et
809 489 999 560 copiae
1024 507 1134 542 non
1155 487 1333 542 solum
1357 489 1465 560 ipsi
1490 488 1588 542 sed
1608 489 1771 542 etiam

144 562 437 617 comitibus
465 562 582 614 eius
609 558 828 630 publice
860 560 1287 631 praeberentur,
1328 560 1387 611 in
1423 579 1597 631 eoque
1624 560 1766 614 exci-
1791 581 1812 614 5

141 632 341 705 piendo
378 639 496 686 tota
519 632 653 685 urbs
688 630 852 683 unius
878 630 1103 683 humani
1130 631 1292 683 amici
1317 629 1532 683 uultum
1556 631 1770 684 habuit.

139 707 327 775 itaque
371 703 466 775 qui
511 701 922 755 amantissimus
967 702 1144 754 nostri
1188 710 1442 768 uenerat,
1491 701 1771 773 duplicata

142 793 276 845 erga
301 793 402 828 nos
429 772 808 827 beniuolentia
841 774 900 825 in
934 791 1164 843 regnum
1198 791 1359 826 suum
1385 791 1641 843 reuersus
1670 781 1772 826 est.

250 845 336 897 Ne
371 846 532 916 Aegy
575 853 662 897 tus
711 843 932 925 quidem
965 845 1248 898 Romanae
1281 844 1641 898 humanitatis
1678 863 1770 898 ex—

73 953 75 955 v
143 935 270 988 pers
316 915 443 969 fuit.
582 934 652 969 ex
696 933 811 968 elus
856 914 1204 968 Ptolemaeus
1257 933 1290 967 a
1338 915 1548 968 minore
1598 915 1770 968 fratre
1792 934 1838 969 ιο

143 1006 314 1057 regno
343 985 608 1058 spoliatus
636 985 861 1057 petendi
886 985 1084 1039 auxilii
1104 985 1284 1055 gratia
1310 1003 1436 1038 cum
1461 986 1652 1056 paucis
1680 986 1774 1039 ad-

146 1057 371 1112 modum
415 1057 592 1110 seruis
632 1056 887 1128 squalore
923 1057 1135 1110 oibstus
1171 1057 1404 1110 Romam
1447 1065 1676 1110 uenerat
1711 1075 1775 1109 ac

147 1148 207 1182 se
241 1128 300 1180 in
331 1128 637 1198 hospitium
664 1127 1033 1180 Alexandrini
1066 1127 1293 1199 pictoris
1331 1127 1654 1182 contulerat.
1715 1127 1776 1180 id

143 1206 439 1280 postquam
469 1199 684 1251 senatui
710 1198 941 1251 relatum
969 1206 1069 1266 est,
1097 1199 1361 1251 accersito
1386 1199 1585 1252 iuuene
1612 1217 1777 1270 quam

143 1277 328 1343 potuit
353 1278 610 1323 accurata
636 1271 990 1322 excusatione
1014 1288 1150 1322 usus
1178 1278 1279 1336 est,
1307 1271 1454 1341 quod
1479 1288 1582 1322 nec
1607 1288 1769 1340 quae·
1794 1288 1839 1322 ιε,

147 1349 355 1394 storem
389 1339 471 1392 illi
507 1359 658 1394 more
702 1341 971 1393 maiorum
1005 1340 1224 1394 obuiam
1258 1341 1499 1393 misisset
1531 1359 1632 1393 nec
1676 1359 1775 1412 pu-

145 1411 296 1466 blico
322 1430 444 1465 eum
469 1411 706 1482 hospitio
736 1412 1073 1482 excepisset,
1120 1430 1294 1482 eaque
1320 1431 1433 1466 non
1461 1430 1559 1464 sua
1594 1411 1775 1482 negle-

147 1483 354 1552 gentia,
384 1482 482 1535 sed
506 1483 680 1553 ipsius
710 1481 891 1536 subito
920 1490 974 1534 et
999 1481 1337 1536 clandestino
1360 1483 1604 1536 aduentu
1629 1482 1779 1536 facta

148 1553 310 1620 dixit,
338 1561 393 1606 et
417 1553 573 1605 illum
610 1572 638 1605 e
675 1553 828 1606 curia
865 1553 1115 1624 protinus
1153 1553 1224 1605 ad
1260 1553 1511 1624 publicos
1547 1561 1777 1624 penates

150 1623 383 1676 deduxit
414 1624 774 1695 hortatusque
820 1634 904 1676 est
948 1632 1011 1677 ut
1048 1624 1312 1695 depositis
1358 1624 1614 1678 sordibus
1652 1623 1776 1676 ade·
1800 1642 1844 1675 20

150 1693 289 1746 undi
313 1694 487 1764 ipsius
517 1694 663 1746 diem
681 1703 918 1764 peteret:
949 1695 1083 1764 quin
1111 1696 1279 1747 etiam
1305 1713 1468 1748 curae
1494 1695 1692 1748 habuit
1717 1702 1780 1747 ut

154 1765 206 1817 ei
231 1783 460 1816 munera
484 1783 584 1834 per
609 1773 956 1835 quaestorem
981 1765 1186 1817 cotidie
1214 1765 1496 1818 darentur.
1541 1765 1628 1817 his
1655 1783 1778 1834 gra-

152 1835 315 1889 dibus
344 1834 663 1891 officiorum
678 1835 950 1887 iacentem
975 1834 1046 1886 ad
1064 1835 1277 1904 regium
1296 1836 1583 1905 fastigium
1605 1835 1782 1888 erexit

153 1905 443 1976 effecitque
467 1913 529 1957 ut
548 1905 671 1976 plus
696 1905 814 1975 spei
839 1904 897 1956 in
923 1904 1128 1957 auxilio
1147 1905 1337 1976 populi
1355 1906 1590 1959 Romani
1615 1923 1781 1976 quam

152 1985 329 2030 metus
356 1978 422 2028 in'
441 1995 542 2028 sua
566 1975 791 2030 fortuna
815 1984 1122 2046 reponeret.
1163 2013 1171 2020 -
1801 1993 1846 2026 25

261 2061 312 2114 2.
353 2062 541 2132 Atque
567 2069 628 2114 ut
665 2061 735 2114 ab
771 2061 1042 2113 uniuersis
1077 2060 1330 2131 patribus
1357 2060 1678 2132 conscriptis
1707 2059 1780 2112 ad

155 2222 340 2269 landum
379 2222 464 2268 sibi
490 2222 694 2268 Prusiam
723 2222 959 2283 Bithyniae
996 2235 1173 2281 regern,
1208 2221 1347 2266 Perse
1373 2221 1578 2272 deuicto,
1615 2223 1775 2268 uenire
1799 2231 1898 2266 Par.

156 2293 383 2344 audisset,
424 2293 606 2340 obuiam
644 2293 709 2338 illi
736 2293 782 2339 P.
813 2293 1069 2339 Cornelium
1098 2293 1355 2353 Scipionem
1384 2299 1676 2353 quaestorem
1713 2295 1779 2338 ire

112 2383 122 2393 ·
156 2363 317 2416 iussit,
355 2365 625 2424 censuitque
651 2370 703 2409 ut
739 2365 779 2410 ei
807 2364 968 2410 domus
995 2364 1163 2410 Romae
1191 2377 1323 2423 quam
1359 2365 1529 2424 optima
1557 2364 1779 2410 conduce-

155 2434 298 2479 retur.
349 2459 411 2466 —
458 2434 549 2479 Rex
593 2436 789 2495 Aegypti
826 2435 1114 2480 Ptolemaeus
1167 2448 1190 2479 a
1225 2434 1401 2480 minore
1444 2434 1586 2480 fratre
1634 2448 1778 2495 regno
1802 2445 1845 2478 30

158 2503 322 2565 pulsus
358 2517 460 2550 cum
499 2505 658 2564 paucis
696 2507 841 2550 seruis
876 2506 1060 2551 Romam
1098 2506 1224 2550 uenit
1261 2519 1311 2550 ac
1350 2519 1398 2551 se
1447 2504 1494 2549 in
1528 2505 1781 2566 hospitium

159 2573 394 2619 cuiusdam
419 2573 708 2620 Alexandrini
742 2577 952 2636 pictoris‘
971 2575 1194 2621 contulit:
1231 2575 1352 2635 quod
1377 2582 1429 2620 ut
1463 2576 1639 2628 senatui
1664 2575 1783 2622 rela-

158 2650 258 2690 tum
297 2651 390 2695 est,
431 2645 652 2690 accersito
689 2647 853 2691 iuuene
890 2661 1023 2706 quam
1058 2646 1210 2706 potuit
1245 2652 1456 2692 accurata
1492 2647 1783 2692 excusatione

158 2730 272 2760 usus
301 2721 397 2768 est,
441 2715 562 2775 quod
589 2728 674 2761 nec
700 2722 917 2776 quaestor
952 2716 1018 2762 illi
1049 2716 1229 2762 obuiam
1256 2719 1463 2763 uenisset
1489 2731 1573 2763 nec
1597 2716 1780 2777 publico

276 2868 299 2906 1
329 2866 514 2907 deuicto
545 2880 621 2907 om.
651 2860 704 2906 B'
769 2869 794 2907 2
815 2864 889 2922 Ρ.]
914 2868 967 2907 L.
991 2869 1142 2909 Liuius
1164 2871 1233 2915 45,
1256 2871 1313 2908 44
1380 2871 1434 2911 10
1462 2868 1784 2922 phtolomaeus

160 2921 204 2962 B
272 2925 326 2964 13
358 2923 596 2964 cuiusdam
627 2923 746 2966 alex,
774 2924 885 2976 pict.
916 2925 958 2965 P
1027 2927 1078 2965 21
1117 2928 1170 2965 ut
1199 2925 1243 2966 ei
1271 2939 1461 2967 munera
1490 2926 1675 2979 Kemps':
1714 2926 1784 2966 uti

159 2991 349 3020 munere
374 2978 582 3032 (munera
604 2980 648 3020 ei
669 2980 802 3031 corr.)
825 2980 868 3020 B
