1924 3152
229 117 253 124 .-

613 158 730 204 CAP.
760 158 827 209 vl,
854 157 884 216 3
911 160 1051 203 1-5.·
1090 156 1188 202 Ext.
1215 157 1244 216 S
1273 160 1312 202 1.
1673 151 1777 205 307

155 267 304 325 enim
330 266 567 319 Aemilio
592 265 672 318 Le
714 265 827 333 ido,
855 266 920 318 L.
948 264 1219 317 Flaminio
1247 264 1566 319 consulibus
1593 265 1776 320 L.Mi-

154 338 376 390 nucium
403 336 677 390 etL.Man
700 337 814 388 ium
826 336 1379 406 Karthaginiensium
1404 335 1618 406 legatis,
1650 337 1778 408 quia

155 426 349 460 manus
376 407 461 460 his
491 406 806 471 attulerant,
835 426 934 478 per
958 407 1173 460 fetiales
1203 426 1235 459 a
1260 406 1333 462 M.
1364 406 1593 461 Claudio
1620 426 1775 478 prae-

144 487 272 532 tore
299 478 577 531 dedendos
606 486 951 530 curauerunt.
1030 497 1088 531 se
1116 486 1246 530 tunc
1274 486 1494 531 senatus
1502 519 1516 546 ‚
1546 498 1658 532 non
1685 497 1775 531 eos

155 549 352 621 quibus
380 548 482 602 hoc
510 549 900 619 praestabatur
926 549 1162 619 aspexit.
1799 559 1820 592 5

259 619 311 672 4.
351 619 520 672 Cuius
557 619 871 690 exemplum
908 621 1160 690 superior
1195 619 1496 673 Africanus
1536 628 1776 687 secutm,

154 709 278 743 cum
305 698 559 744 onustam
587 689 770 743 multis
799 698 853 743 et
876 689 1202 753 inlustribus
1223 690 1778 760 Karthaginiensium

153 761 287 813 uiris
314 780 512 813 nauem
546 761 603 812 in
631 780 786 814 suam
821 770 1151 831 potestatem
1186 761 1507 831 redegisset,
1545 761 1778 815 inuiola-

154 840 269 885 tam
297 832 520 895 dimisit,
552 832 680 902 quia
707 851 765 884 se
790 831 1002 902 legatos
1031 833 1102 885 ad
1130 852 1253 884 eum
1278 833 1474 886 missos
1499 832 1775 898 dicebant,

153 903 376 955 tametsi
392 903 752 956 manifestum
789 911 908 956 erat
943 903 1064 956 illos
1094 904 1310 960 uitandi
1346 904 1655 974 praesentis
1686 921 1777 974 pe·
1802 915 1849 966 10·

154 972 317 1026 riculi
351 974 531 1043 gratia
565 972 767 1026 falsum
803 973 1094 1042 legationis
1141 993 1340 1027 nomen
1384 973 1668 1045 amplecti,
1715 981 1778 1026 ut

154 1044 391 1096 Romani
411 1045 753 1115 imperatoris
775 1045 955 1115 potius
979 1046 1206 1115 decepta
1228 1045 1364 1098 fides
1387 1064 1550 1116 quam
1571 1044 1780 1098 frustra

154 1114 450 1186 implorata
475 1114 827 1170 iudicaretur.

261 1186 312 1239 5.
338 1186 834 1256 Repraesentemus
859 1186 1023 1239 etiam
1044 1185 1182 1238 illud
1203 1196 1426 1240 senatus
1449 1185 1600 1240 nullo
1615 1186 1776 1239 modo

192 1253 704 1309 raetermittendum
730 1275 884 1327 opus
959 1256 1168 1326 legatos
1207 1258 1277 1310 ab
1314 1258 1452 1311 urbe
1480 1256 1779 1327 Apollonia
1800 1267 1843 1301 15

153 1273 383 1379 Romam
399 1327 609 1380 missos
639 1326 704 1393 Q.
721 1328 948 1395 Fabius,
978 1326 1075 1380 Cn.
1093 1328 1373 1398 Apronius
1398 1328 1636 1381 aedilicii
1658 1335 1781 1381 orta

155 1398 503 1452 contentione
529 1396 905 1468 pulsauerunt.
983 1398 1092 1451 uod
1110 1399 1207 1452 ubi
1229 1400 1494 1469 conperit,
1523 1400 1779 1452 continuo

154 1487 246 1522 eos
283 1488 382 1540 per
416 1469 632 1522 fetiales
665 1469 861 1538 legatis
891 1470 958 1522 de
1000 1469 1133 1536 idit,
1172 1478 1624 1541 quaestoremque
1656 1488 1781 1522 cum

152 1540 220 1592 iis
243 1540 602 1592 Brundisium
621 1542 702 1593 ire
722 1540 900 1607 iussit,
929 1559 997 1592 ne
1026 1559 1190 1611 quam
1216 1542 1274 1592 in
1297 1541 1494 1594 itinere
1522 1560 1555 1593 a
1582 1559 1779 1610 cogna-

153 1613 222 1663 tss
245 1610 550 1663 deditorum
575 1611 831 1663 iniuriam
853 1612 1182 1682 acciperent.
1222 1610 1374 1663 illam
1402 1613 1610 1664 curiam
1636 1631 1777 1664 mor·
1802 1622 1845 1654 20

154 1679 350 1734 talium
376 1682 496 1751 quis
518 1681 825 1745 concilium,
857 1700 920 1733 ac
940 1701 1049 1734 non
1066 1682 1226 1734 Fidei
1245 1682 1510 1752 templum
1534 1682 1778 1734 dixerit?

155 1770 320 1823 quam
353 1759 414 1803 ut
447 1751 646 1803 ciuitas
683 1759 872 1804 nostra
909 1771 1125 1822 semper
1160 1753 1455 1822 benignam
1481 1753 1777 1823 praestitit,

154 1822 234 1875 ita
246 1822 304 1873 in
318 1821 591 1874 sociorum
613 1840 825 1892 quoque
850 1823 1046 1874 animis
1071 1831 1416 1876 constantem
1435 1822 1776 1892 recognouit.

262 1897 381 1944 Ext.
415 1893 461 1944 ],.
502 1891 638 1945 Post
666 1892 902 1946 duorum
927 1894 985 1944 in
1011 1893 1285 1964 Hispania
1313 1893 1630 1964 Scipionum
1657 1893 1777 1945 toti-

157 1963 388 2034 demque
424 1962 659 2015 Romani
704 1964 984 2033 sanguinis
1030 1965 1371 2017 exercituum
1409 1963 1779 2027 miserabilem
1802 1974 1844 2006 25

153 2097 240 2128 nus
278 2082 554 2132 intulerant,
599 2095 681 2142 per
717 2083 893 2127 fetiales
929 2097 950 2127 a
989 2083 1043 2127 M.
1073 2083 1258 2129 Claudio
1297 2090 1512 2144 praetore
1548 2084 1776 2129 dedendos
1802 2085 1891 2120 Par.

153 2154 345 2199 curauit.
421 2157 463 2198 4.
505 2152 658 2213 Scipio
687 2154 927 2199 Africanus
956 2160 1167 2199 onustam
1195 2168 1357 2200 nauem
1384 2155 1646 2201 Poenorum
1674 2169 1777 2214 cap-

157 2229 260 2275 tam,
291 2223 414 2284 quod
443 2237 492 2269 se
521 2223 732 2269 dicebant
758 2223 934 2284 legatos
963 2226 1136 2275 uenire,
1166 2225 1351 2271 dimisit.
1416 2230 1457 2270 5.
1496 2226 1695 2285 Legatos
1723 2225 1776 2271 ab

155 2293 278 2340 urbe
295 2293 539 2354 Apollonia
565 2294 750 2339 Romam
788 2295 955 2341 missos
983 2295 1032 2351 Q.
1060 2295 1227 2341 Fabius
1255 2303 1300 2341 et
1329 2296 1405 2341 Cn.
1433 2298 1665 2357 Apronius
1706 2310 1777 2340 ae-

156 2363 293 2409 dilicii
323 2370 423 2409 orta
452 2366 743 2410 contentione
770 2366 1087 2425 pulsauerunt.
1155 2367 1276 2426 quod
1305 2366 1383 2411 ubi
1410 2367 1619 2427 conperit
1648 2381 1774 2412 sena·
1801 2371 1842 2403 30

157 2439 246 2483 tus,
276 2434 492 2478 continuo
521 2447 600 2479 eos
627 2447 709 2494 per
735 2435 916 2481 fetiales
944 2436 1109 2495 legatis
1139 2436 1324 2482 dedidit.

265 2506 303 2547 1.
334 2502 594 2562 Saguntini,
625 2517 680 2548 ne
706 2505 1010 2550 destituerent
1036 2506 1282 2552 Romanam
1312 2509 1602 2558 societatem,
1630 2522 1776 2567 usque

272 2628 293 2666 1
317 2624 469 2680 L.],O.
493 2627 643 2666 Liuius
667 2629 736 2675 38,
762 2630 817 2667 42
840 2634 881 2668 et
902 2629 1028 2668 Fasti
1048 2642 1086 2668 a.
1111 2632 1194 2669 567
1215 2644 1253 2668 u.
1281 2643 1316 2671 c.
1340 2627 1357 2683 Η
1386 2628 1569 2669 Ηὲιηιίυο
1594 2628 1719 2671 cofis.
1743 2629 1779 2670 l.

154 2683 397 2723 minutium
418 2683 460 2722 B
520 2685 544 2722 2
568 2683 736 2734 legatis
760 2684 808 2723 b:
840 2683 1014 2735 legatio
1041 2684 1078 2724 Β
1099 2691 1144 2724 uc
1165 2687 1335 2725 uidetur
1382 2688 1407 2726 3
1429 2686 1687 2726 intulerant
1707 2686 1773 2741 ΡΗ

156 2752 184 2780 a
204 2739 266 2779 M.
289 2743 527 2792 suppletum
550 2752 608 2780 ex
630 2740 669 2778 P
727 2741 751 2780 6
774 2752 907 2780 secus
930 2735 986 2779 B'
1059 2743 1082 2782 7
1103 2741 1364 2782 illustribus
1388 2742 1424 2791 b,
1448 2742 1710 2783 inlustrium
1732 2744 1781 2784 B·

155 2797 181 2837 8
201 2796 456 2836 inuolutam
481 2790 537 2834 B'
584 2798 635 2837 16
660 2800 706 2836 et
729 2795 820 2837 CN.
842 2798 882 2836 P
900 2793 919 2849 ΙΙ
941 2797 1083 2837 aedili
1104 2798 1147 2837 B
1210 2801 1262 2840 17
1285 2798 1773 2854 pulsauerantPeriz.1{
1798 2850 1799 2853 Ἴ

158 2853 422 2906 conceperit
443 2847 497 2893 B'
580 2855 631 2894 18
654 2852 829 2893 dedidit
850 2853 940 2893 Pb:
972 2854 1097 2894 dedit
1119 2855 1161 2894 B
1238 2857 1290 2896 19
1311 2856 1382 2897 his
1404 2855 1447 2895 B
1528 2859 1579 2897 21
1606 2870 1661 2897 ac
1686 2870 1778 2897 non

157 2908 357 2960 Piylzius:
380 2922 531 2949 annon
553 2909 596 2948 B
656 2912 709 2951 ⁶23
731 2911 950 2951 sotiorum
972 2905 1030 2950 B'

269 2966 324 3006 26
341 2966 448 3016 fort.
470 2979 633 3007 manus
654 2966 711 3007 iis
733 2963 750 3020 [l
772 2971 984 3020 praetore
1008 2967 1238 3010 dedendos
1261 2970 1381 3010 Mai:
1413 2973 1650 3022 praetores
1681 2971 1722 3010 V

1408 3039 1521 3090 20³ie
