1924 3152
208 138 312 190 276
479 165 481 167 ·
897 103 1010 185 Lm.
1053 139 1118 183 Vl.

210 252 465 303 Attienus
495 267 526 300 a
552 248 787 301 Vibieno
802 289 816 315 ,
862 249 995 300 item
1020 247 1250 300 Pontius
1278 265 1310 298 a
1346 247 1408 300 P.
1438 241 1705 303 Cerennio
1733 248 1822 302 de-

209 319 465 390 prehensi
491 319 716 370 castrati
742 327 885 371 sunt.
939 318 1190 371 Gnaeum
1217 318 1383 370 etiam
1407 317 1634 370 Furium
1658 319 1821 373 Broc-

210 391 369 442 chum
396 389 488 459 qui
510 388 945 459 deprehenderat
962 388 1204 440 familiae
1227 388 1584 459 stuprandum
1603 389 1822 443 obiecit.

209 460 405 531 quibus
431 459 546 511 irae
573 479 703 512 suae
729 459 1025 512 indulsisse
1050 459 1235 512 fraudi
1259 478 1368 512 non
1392 460 1516 512 fuit.

163 547 183 578 5
314 535 434 582 Ext.
478 532 524 582 1.
573 532 756 601 Atque
793 539 853 583 ut
890 530 1199 583 domesticis
1228 538 1454 583 externa
1480 530 1820 596 subnectam,

205 601 424 653 Graeca
459 601 664 652 femina
697 602 913 655 nomine
950 601 1164 671 Hippo,
1209 620 1331 653 cum
1373 600 1616 654 hostium
1649 600 1822 652 classe

206 679 351 723 esset
376 681 625 742 excepta,
652 672 710 723 in
738 691 885 724 mare
912 691 988 737 se,
1016 680 1077 723 ut
1100 679 1274 724 morte
1299 670 1623 741 pudicitiam
1647 678 1823 723 tuere-

206 749 313 809 tur,
344 741 559 795 abiecit.
611 744 763 795 cuius
793 762 991 813 corpus
1020 742 1328 812 Erythraeo
1357 741 1505 794 litori
1531 739 1822 812 adpulsum

203 813 457 883 proxima
489 813 651 865 undis
685 813 883 866 humus
922 811 1235 883 sepulturae
1272 812 1590 865 mandatum
1626 810 1699 863 ad
1723 810 1822 864 hoc

139 900 180 931 10
203 891 417 953 tempus
455 883 663 936 tumulo
710 885 978 952 contegit:
1045 883 1354 936 sanctitatis
1398 899 1528 934 uero
1573 879 1821 950 gloriam,

203 962 458 1006 aeternae
498 955 759 1022 traditam
792 956 1114 1021 memoriae,
1154 954 1389 1006 Graecia
1425 951 1679 1005 laudibus
1708 951 1820 1004 suis

202 1023 530 1078 celebrando
558 1024 760 1078 cotidie
786 1024 1153 1078 florentiorem
1180 1023 1368 1076 efficit.

310 1095 361 1146 2.
388 1094 784 1148 Vehementius
796 1096 917 1162 hoc,
937 1095 1079 1161 illudt
1095 1094 1491 1147 consideratius
1514 1091 1824 1163 exemplum

241 1164 523 1219 udicitiae.
575 1168 823 1219 exercitu
860 1174 914 1218 et
951 1166 1120 1236 copiis
1149 1163 1637 1233 Gallograecorum
1662 1182 1695 1215 a
1722 1162 1819 1215 Cn.

142 1251 183 1283 15
202 1185 410 1288 lilanlio
439 1237 661 1289 consule
687 1238 744 1288 in
769 1235 1007 1307 Olympo
1036 1243 1219 1288 monte
1246 1254 1317 1287 ex
1350 1243 1505 1305 parte
1531 1233 1726 1287 deletis
1755 1252 1824 1286 ex

205 1315 364 1378 parte
392 1307 596 1376 captis,
636 1306 980 1375 Orgiacontis
1017 1305 1195 1375 reguli
1228 1324 1368 1357 uxor
1393 1305 1563 1356 mirae
1589 1302 1822 1374 pulchri·

208 1376 416 1429 tudinis
453 1395 486 1428 a
522 1378 867 1445 centurione,
913 1377 1000 1429 cui
1036 1375 1398 1429 custodienda
1432 1374 1640 1427 tradita
1686 1381 1820 1440 erat,

211 1455 460 1516 stuprum
494 1447 611 1518 pati
646 1456 863 1514 coacta,
902 1456 1192 1518 postquam
1227 1454 1453 1498 uentum
1486 1452 1572 1497 est
1607 1444 1664 1495 in
1700 1462 1822 1496 eum

210 1516 415 1583 locum,
464 1518 521 1568 in
556 1537 716 1588 quem
753 1518 997 1570 centurio
1034 1518 1202 1569 misso
1244 1516 1435 1587 nuntio
1481 1515 1820 1567 necessarios

147 1604 188 1635 20
210 1586 453 1639 mulieris
490 1590 749 1658 pretium,
788 1608 894 1659 quo
932 1607 1050 1640 eam
1075 1587 1434 1652 redimerent,
1472 1584 1688 1637 adferre
1714 1585 1822 1636 ius-

211 1666 383 1724 serat,
424 1677 618 1710 aurum
655 1660 997 1729 expendente
1036 1658 1349 1711 centurione
1388 1666 1440 1708 et
1463 1656 1519 1708 in
1546 1655 1662 1707 eius
1689 1673 1820 1725 pon-

212 1727 311 1780 dus
364 1729 541 1782 animo
587 1729 869 1800 oculisque
917 1729 1156 1793 intento,
1210 1726 1585 1795 Gallograecis
1636 1725 1824 1794 lingua

93 1872 184 1905 Par,
209 1847 383 1892 cecidit.
436 1850 480 1892 G.
518 1848 751 1893 Memmius
777 1848 823 1892 L.
852 1846 1086 1892 Octauium
1124 1846 1331 1892 similiter
1365 1846 1695 1905 deprehensum
1724 1856 1823 1903 per-

210 1917 279 1962 nis
306 1917 528 1963 contudit.
582 1917 725 1964 Carbo
753 1920 961 1964 Attienus
989 1933 1012 1962 a
1038 1917 1242 1966 Vibieno‚
1271 1918 1376 1960 item
1403 1916 1591 1961 Pontius
1618 1929 1642 1959 a
1667 1914 1716 1959 P.
1745 1912 1823 1958 Ce-

109 1991 112 1994 ’
145 2001 186 2032 25
210 1989 369 2032 rennio
407 1988 617 2048 deprensi
651 1989 834 2046 castrati
870 1995 990 2033 sunt.
1053 1988 1127 2032 Cn.
1156 1987 1341 2031 Furium
1379 1987 1597 2031 Broccum
1633 1985 1709 2044 qui
1746 1983 1821 2028 de·

207 2058 509 2117 prehenderat
534 2059 729 2104 familiae
757 2058 1054 2118 stuprandum
1080 2058 1217 2102 dedit.

318 2130 354 2172 1.
395 2128 563 2174 Graeca
590 2129 751 2174 femina
780 2129 961 2173 nomine
986 2128 1147 2188 Hippo,
1177 2140 1277 2171 cum
1305 2126 1506 2170 hostium
1530 2124 1675 2170 classe
1701 2131 1823 2169 esset

210 2204 418 2257 excepta,
463 2198 507 2242 in
544 2213 665 2244 mare
700 2213 770 2249 se,
818 2205 869 2242 ut
895 2204 1042 2243 morte
1078 2196 1340 2258 pudicitiam
1368 2202 1598 2246 tueretur,
1641 2195 1819 2240 abiecit.

209 2272 250 2311 2.
296 2268 503 2313 Exercitu
548 2276 592 2313 et
636 2269 781 2329 copiis
817 2268 1214 2327 Gallograecorum
1262 2282 1285 2311 a
1322 2267 1398 2312 Cn.
1435 2265 1597 2311 Manlio
1644 2279 1735 2311 cos.
1776 2266 1819 2309 in

146 2352 187 2384 30
212 2337 402 2398 Olympo
429 2346 585 2384 monte
610 2339 754 2399 captis
782 2354 834 2384 ex
861 2345 1011 2399 parte,
1040 2339 1327 2398 Orgiacontis
1354 2337 1502 2396 reguli
1527 2350 1644 2381 uxor
1669 2350 1692 2382 a
1719 2349 1822 2381 cen·

209 2410 416 2460 turione,
463 2411 535 2455 cui
571 2410 864 2456 custodienda
903 2410 1064 2456 tradita
1101 2416 1221 2460 erat,
1277 2416 1485 2468 stuprum
1520 2408 1615 2468 pati
1646 2412 1819 2457 coacta,

208 2486 451 2540 postquam
471 2482 602 2526 iussu
622 2480 824 2526 consulis
846 2496 870 2526 a
890 2482 1159 2526 centurione
1179 2481 1450 2526 necessariis
1479 2479 1573 2523 suis
1601 2476 1820 2530 redimen-

324 2605 345 2643 1
364 2604 552 2644 bibieno
565 2604 620 2651 B,
637 2604 822 2645 uiuieno
836 2604 899 2644 Pb
919 2601 938 2658 ΙΙ
962 2605 1117 2644 cernio
1129 2603 1183 2652 B,
1201 2603 1415 2643 cereniob
1456 2603 1481 2643 5
1499 2591 1820 2641 subiectamB'

209 2659 235 2698 8
269 2660 457 2709 erytheo
479 2661 534 2708 B,
560 2665 742 2713 erytreo
764 2661 787 2700 b
857 2663 881 2701 9
904 2661 1039 2701 humo
1061 2661 1084 2701 b
1165 2662 1215 2699 11
1239 2660 1424 2699 summis
1447 2655 1653 2699 Fobrtsclz
1673 2655 1740 2702 II,
1765 2658 1822 2718 23

212 2715 264 2754 12
288 2714 446 2755 effecit
466 2713 560 2761 B'g
603 2720 654 2758 13
676 2717 790 2757 illud
814 2730 939 2757 cons.
963 2716 1422 2769 exemplumBinras.
1480 2715 1532 2754 15
1553 2711 1742 2752 manilio
1764 2711 1806 2751 B

213 2772 266 2811 16
287 2772 573 2825 Orgiagontis
595 2768 651 2813 B'
712 2775 763 2814 19
785 2775 833 2813 in
855 2770 1007 2827 quem]
1029 2775 1128 2814 add.
1152 2774 1194 2812 in
1214 2785 1290 2823 my.
1314 2771 1356 2811 B
1378 2784 1436 2811 ex
1456 2771 1517 2810 P:
1555 2770 1683 2809 iussu
1714 2781 1819 2809 con-

155 2836 157 2838 “
211 2827 328 2868 sulis
406 2830 460 2869 22
501 2830 581 2868 uni
612 2843 667 2869 ex
691 2831 1015 2883 Gallograecis
1041 2853 1090 2858 ——
1112 2832 1163 2869 ut
1187 2841 1287 2868 eum
1309 2825 1545 2868 occideret
1565 2826 1615 2873 P,
1638 2830 1755 2865 recte
1776 2831 1820 2865 ut

212 2885 393 2931 uidetur,
415 2900 453 2926 υ.
477 2885 627 2938 Polyb.
651 2889 722 2933 22,
745 2889 813 2934 21,
836 2890 861 2926 9

325 2942 380 2980 24
401 2942 587 2982 uiuieno
617 2944 659 2982 V
724 2945 777 2984 25
802 2939 900 2995 qui]
928 2955 1060 2995 quem
1089 2943 1134 2982 V
