1936 3120
231 127 336 182 438
902 134 1001 180 LlB.
1040 134 1161 182 V1111.

237 249 376 307 runt,
407 259 637 322 quarum
664 240 864 295 oblitus
892 241 1014 312 plus
1035 243 1274 296 criminis
1303 243 1451 297 domi
1475 257 1642 316 quarnv
1659 246 1838 301 laudis

232 313 289 363 in
325 311 523 363 mihtia
558 313 772 364 meruit.
830 312 979 365 idem
1015 322 1182 384 caput
1216 314 1292 369 M.
1319 315 1530 370 Antoni
1565 317 1840 371 abscisum

234 381 391 434 laetis
437 382 689 435 manibus
736 383 878 436 inter
914 384 1102 455 epulas
1138 403 1238 455 per
1274 404 1539 439 summam
1573 388 1742 451 animi
1777 407 1841 442 ac

233 451 526 504 uerborum
561 452 912 507 insolentiam
951 453 1284 526 aliquamdiu
1318 457 1492 510 tenuit
1529 457 1839 511 clarissimi-

188 539 208 571 5
234 540 335 593 que
363 530 416 574 et
442 523 577 576 ciuis
605 530 658 576 et
683 525 915 578 oratoris
943 527 1209 595 sanguine
1236 529 1596 581 contaminari
1621 547 1840 586 mensae

233 611 388 645 sacra
411 611 605 664 passus
634 603 723 647 est.
785 604 947 667 atque
975 597 1139 649 etiam
1165 597 1226 649 P.
1254 598 1522 665 Annium,
1559 600 1651 671 qui
1676 599 1734 652 id
1759 609 1838 654 at-

231 663 463 732 tulerat,
523 665 581 716 in
633 665 813 718 sinum
863 686 1020 719 suum
1070 669 1304 720 recentis
1355 668 1537 722 caedis
1587 670 1835 740 uestigiis

231 752 512 805 aspersum
537 737 762 807 recepit.
1010 780 1021 794 ,
1710 762 1714 766 ·

333 805 384 858 3.
426 806 795 878 Damasippus
823 807 958 860 nihil
983 806 1162 860 laudis
1191 808 1403 876 habuit,
1431 809 1577 880 quod
1597 828 1836 863 corrum-

166 892 207 924 10
230 885 409 947 peret,
465 877 667 948 itaque>
700 879 962 932 memoria
1004 878 1116 930 eius
1168 877 1449 932 licentiore
1494 882 1836 934 accusatione

269 947 631 1017 erstringitur.
685 949 835 1000 cuius
873 949 1027 1002 iussu
1052 949 1363 1020 principum
1387 950 1629 1003 ciuitatis
1657 951 1839 1022 capita

228 966 531 1070 Hostiarum
565 1019 836 1090 capitibus
873 1021 1146 1091 permixta
1182 1029 1308 1073 sunt
1335 1019 1718 1092 Carbonisque
1736 1023 1838 1075 Ar-

227 1088 388 1141 uinae
414 1097 667 1142 truncum
693 1107 889 1161 corpus
911 1090 1158 1172 patibulo
1180 1091 1423 1143 adfixum
1443 1100 1715 1161 gestatum
1738 1100 1836 1145 est.

227 1159 364 1212 adeo
391 1168 487 1212 aut
512 1159 930 1229 flagitiosissimi
956 1161 1187 1214 hominis
1215 1170 1471 1232 praetura
1491 1162 1721 1216 multum
1742 1172 1835 1216 aut

164 1245 204 1278 15
226 1230 305 1283 rei
331 1229 584 1301 publicae
611 1231 868 1284 maiestas
895 1231 1030 1284 nihil
1056 1232 1251 1303 potuit.

331 1301 382 1353 4.
422 1300 702 1354 Munatius
742 1304 907 1355 etiam
942 1302 1198 1370 FlaccuS,
1246 1303 1564 1373 Pompeiani
1599 1303 1832 1356 nominis

225 1372 403 1425 acrior
428 1390 589 1442 quam
614 1372 954 1440 probabilior
981 1374 1252 1439 defensor,
1281 1392 1401 1425 cum
1421 1374 1490 1426 ab
1509 1373 1833 1443 imperatore

226 1441 460 1495 Caesare
486 1442 542 1493 in
563 1443 833 1514 Hispania
858 1443 1097 1496 inclusus
1126 1443 1410 1497 moenibus
1432 1444 1833 1512 Ateguensium

225 1511 595 1579 obsideretur,
643 1513 922 1565 efferatam
957 1513 1337 1566 crudelitatem
1373 1531 1528 1566 suam
1564 1513 1832 1566 truculen-

105 1642 113 1646 ἡ
159 1599 202 1632 20
225 1583 437 1636 tissimo
464 1601 662 1652 genere
689 1584 980 1636 uaesaniae
1009 1585 1270 1636 exercuit.
1332 1602 1518 1637 omnes
1547 1584 1691 1636 enim
1718 1584 1831 1636 eius

226 1673 294 1724 op
335 1653 412 1706 idi
439 1653 604 1721 ciues,
634 1672 768 1725 quos
797 1654 1152 1708 studiosiores
1182 1654 1432 1707 Caesaris
1465 1661 1728 1721 senserat,
1756 1655 1832 1707 iu-

223 1743 298 1794 gu
321 1731 441 1778 atos
469 1743 498 1777 e
524 1727 693 1777 muris
722 1725 1127 1796 praecipitauit.
1189 1725 1420 1777 feminas
1458 1743 1667 1796 quoque
1703 1725 1832 1777 cita-

224 1795 291 1847 tis
318 1795 629 1848 nominibus
650 1797 911 1863 uirorum,
940 1796 1033 1867 qui
1055 1797 1110 1847 in
1132 1796 1421 1849 contrariis
1442 1795 1635 1849 castris
1659 1803 1831 1861 erant,

223 1874 285 1918 ut
311 1865 504 1919 caedes
534 1867 827 1936 coniugum
855 1886 1078 1919 suarum
1118 1874 1424 1932 cernerent,
1463 1866 1833 1936 maternisque

160 1952 201 1985 25
224 1937 446 2006 gremiis
467 1938 841 2008 superpositos
863 1938 1062 1991 liberos
1083 1937 1397 1990 trucidauit.
1436 1936 1672 1989 infantes
1695 1937 1830 1989 alios

225 2009 282 2059 in
308 2016 605 2079 conspectu
631 2016 916 2079 parentum
937 2008 1099 2060 humo
1122 2007 1313 2077 infligi,
1342 2006 1476 2059 alios
1500 2007 1829 2077 superiacta-

110 2161 200 2196 Par.
227 2156 374 2199 sinum
411 2169 542 2199 suurn
580 2157 765 2215 recepit.
828 2155 943 2199 idem
970 2155 1015 2199 C.
1045 2154 1276 2199 Caesarem
1303 2150 1597 2205 consularem
1617 2152 1735 2212 apud
1761 2166 1830 2196 se-

224 2225 507 2270 ditiosissimi
533 2225 728 2270 hominis
756 2225 874 2270 Varii
907 2224 1090 2269 bustum
1118 2223 1294 2269 occidit.
1357 2226 1396 2268 3.
1423 2223 1676 2283 Damasippi
1704 2222 1829 2267 iussu

224 2297 448 2356 praetoris
485 2297 739 2355 principum
776 2296 975 2350 ciuitatis
1010 2296 1154 2354 capita
1191 2294 1442 2340 hostiarum
1479 2293 1702 2354 capitibus
1729 2306 1831 2352 per-

160 2383 202 2416 30
225 2366 360 2412 mixta
389 2373 508 2411 sunt.
585 2366 784 2411 eiusdem
812 2366 1002 2426 imperio
1031 2365 1247 2410 Carbonis
1275 2365 1469 2410 Aruinae
1498 2370 1705 2409 truncum
1732 2377 1831 2408 cor·

225 2452 310 2498 pus
356 2436 557 2497 patibulo
603 2444 831 2497 gestatum
876 2443 958 2481 est.
1034 2440 1072 2481 4.
1114 2435 1338 2481 Munatius
1383 2435 1591 2485 Flaccus,
1635 2433 1829 2480 nominis

222 2508 484 2568 Pompeiani
510 2508 746 2557 defensor,
775 2521 875 2553 cum
903 2522 926 2552 a
954 2507 1142 2552 Caesare
1170 2507 1213 2550 in
1241 2505 1451 2566 Hispania
1479 2504 1680 2550 inclusus
1706 2518 1830 2549 moe·

337 2661 364 2699 4
386 2659 544 2711 aliqua
569 2659 656 2709 (uel
680 2658 855 2711 aliqua)
880 2658 1035 2709 (ΗΠΒ,
1061 2656 1331 2709 aliquandiu
1353 2657 1376 2696 b
1423 2657 1447 2696 6
1473 2658 1542 2697 est
1562 2656 1661 2698 add.
1685 2655 1828 2695 Periz.

221 2717 251 2756 9
281 2714 576 2768 damasiphus
598 2709 652 2755 B'
735 2717 783 2755 12
815 2716 1005 2756 arbinae
1039 2714 1101 2754 Pb
1182 2716 1234 2754 14
1264 2717 1344 2754 aut
1363 2734 1419 2742 -
1441 2716 1521 2753 aut
1541 2711 1608 2752 B:
1642 2714 1687 2751 et
1706 2726 1761 2738 —-‘
1783 2714 1828 2773 et

222 2773 365 2812 Perz‘z.
429 2774 480 2812 15
498 2767 635 2826 reip]
663 2769 750 2824 .r*p.
771 2771 818 2814 li.
847 2773 891 2823 (i.
915 2784 950 2812 e.
974 2784 1009 2811 r.
1033 2769 1210 2824 populi)
1232 2770 1274 2810 B
1335 2770 1386 2809 18
1405 2767 1752 2822 abteguensium
1772 2765 1812 2805 B

221 2830 281 2869 20
311 2829 516 2868 exercuit
537 2828 629 2869 or'iis
653 2827 735 2868 em*
756 2828 796 2868 B
816 2830 859 2868 in
879 2841 966 2868 ras.
1067 2829 1118 2867 21
1159 2826 1338 2867 caesari
1360 2827 1569 2866 senserat
1588 2821 1824 2876 iugulatus

229 2877 284 2924 B'
344 2886 397 2925 22
421 2897 445 2924 e
467 2885 527 2924 P:
559 2898 636 2925 om.
660 2885 702 2924 B

343 2943 398 2982 30
421 2941 623 2982 arbonae
653 2935 727 2992 V',
752 2940 942 2981 arbinae
966 2938 1081 2980 BV2
