1878 3132
1337 10 1341 11 ⁷
1379 0 1556 23 *invasura-m
1556 0 1720 26 W
1594 16 1596 19 v
1609 19 1611 23 Α
1623 11 1630 22 q
1668 24 1675 34 θ
1700 20 1710 31 q
1721 0 1849 24 ,rpw'ffffw'
1859 3 1870 10 '¹

1548 28 1555 30 -
1571 21 1627 33 :÷·2-
1648 26 1657 30 -
1677 22 1691 33 ·.
1745 26 1758 33 2

1575 38 1594 46 ··
1619 34 1643 54 ξῖ
1698 34 1708 39 “

215 145 285 199 84
923 147 1023 193 LlB.
1062 146 1110 192 ΙΙ.
1130 161 1143 169 ·

212 265 455 310 mentum
492 254 726 308 Romani
759 254 1000 324 imperii,
1053 253 1281 306 salutari
1313 252 1720 325 perseueranti'a
1755 252 1826 310 ad

212 328 317 379 hoc
344 336 556 395 tempus
577 325 851 377 sincerum
877 331 930 376 et
953 323 1223 378 incolume
1251 333 1547 394 seruatum,
1573 325 1824 380 militaris

214 395 535 466 disciplinae
568 395 978 447 tenacissimum
1011 394 1317 463 uinculum,
1352 397 1410 448 in
1435 397 1590 450 cuius
1617 397 1740 450 sinu
1765 416 1828 450 ac

212 467 385 519 tutela
403 472 634 518 'serenus
661 464 1094 536 tranquillusque
1118 466 1313 519 beatae
1349 467 1502 537 pacis
1529 474 1706 521 status
1735 468 1827 520 ad-

166 555 187 588 5
214 538 461 608 quiescit.

323 608 369 658 1.
419 607 481 658 Ρ.
511 606 794 661 Cornelius
823 605 1032 675 Scipio,
1070 607 1158 658 cui
1196 606 1374 660 deleta
1397 607 1684 677 Karthago
1715 608 1827 660 aui·

211 685 330 730 tum
366 682 670 746 cognomen
706 675 881 741 dedit,
928 676 1115 729 consul
1151 677 1208 728 in
1242 677 1570 748 Hispaniam
1609 678 1828 745 missus,

212 756 275 800 ut
320 747 774 800 insolentissimos
810 746 1181 799 Numantinae
1222 747 1374 800 urbis
1413 749 1636 818 spiritus
1673 767 1828 819 supe-

211 819 419 871 riorum
468 817 665 869 ducum
708 816 870 887 culpa
917 817 1152 870 nutritos
1204 817 1586 885 contunderet,
1637 819 1830 872 eodem

151 906 192 938 10
214 895 488 941 momento
536 887 823 958 temporis,
912 905 981 940 uo
1027 894 1210 939 castra
1252 888 1507 955 intrauit,
1560 887 1736 942 edixit
1762 898 1831 943 -ut

214 961 397 1012 omnia
423 976 493 1010 ex
518 957 585 1008 iis
600 997 614 1024 ,
650 975 789 1027 quae
815 975 885 1010 uo
909 959 1114 1027 uptatis
1141 975 1308 1010 causa
1333 966 1630 1029 conparata
1656 968 1828 1027 erant,

214 1029 561 1082 auferrentur
611 1046 675 1080 ac
719 1036 1209 1080 summouerentur.
1285 1047 1411 1080 nam
1454 1037 1670 1082 constat
1713 1038 1827 1082 tum

212 1100 511 1151 maximum
549 1098 678 1150 inde
712 1098 1025 1151 institorum
1051 1106 1105 1150 et
1130 1098 1366 1150 lixarum
1393 1117 1678 1152 numerum
1704 1118 1826 1153 cum

215 1168 426 1223 duobus
463 1167 684 1222 milibus
721 1177 1027 1222 scortorum
1061 1168 1261 1221 abisse.
1335 1168 1439 1221 hac
1472 1170 1620 1239 turpi
1664 1178 1826 1241 atque

148 1256 190 1288 15
214 1238 588 1293 erubescenda
631 1239 847 1290 sentina
893 1238 1247 1290 uacuefactus
1299 1239 1571 1292 exercitus
1619 1248 1824 1306 noster,

213 1310 307 1381 qui
332 1308 498 1380 paulo
534 1316 660 1360 ante
687 1316 832 1360 metu
858 1309 1045 1361 mortis
1085 1308 1319 1362 deformi
1356 1328 1414 1361 se
1440 1309 1678 1362 foederis
1714 1312 1825 1363 ictu

211 1379 610 1445 maculauerat,
649 1386 829 1431 erecta
866 1386 919 1430 et
952 1387 1197 1432 recreata
1231 1380 1436 1432 uirtute
1471 1398 1650 1432 acrem
1675 1379 1826 1433 illam

212 1458 268 1503 et
302 1450 601 1502 animosam
634 1448 989 1501 Numantiam
1029 1449 1296 1502 incendiis
1342 1457 1593 1502 exustam
1628 1451 1824 1503 ruinis-

212 1538 317 1592 que
337 1526 667 1590 prostratam
688 1518 803 1572 solo
831 1520 1103 1590 aequauit.
1154 1520 1340 1590 itaque
1360 1519 1642 1588 neglectae
1662 1521 1824 1573 disci-

149 1605 191 1638 20
211 1590 396 1662 plinae
421 1588 671 1642 militaris
698 1588 961 1641 indicium
978 1589 1217 1642 Mancini
1243 1589 1572 1644 miserabilis
1595 1590 1822 1658 deditio,

211 1668 464 1714 seruatae
500 1677 705 1712 merces
742 1660 1174 1729 speciosissimus
1213 1660 1479 1730 Scipionis
1515 1661 1822 1731 triumphus

210 1732 414 1784 extitit.
1480 1783 1481 1791 ,

317 1801 368 1852 2.
408 1800 544 1852 Eius
574 1808 777 1852 sectam
802 1799 1054 1852 Metellus
1084 1807 1300 1853 secutus
1317 1840 1331 1864 ,
1374 1819 1499 1853 cum
1524 1801 1824 1867 exercitum

209 1873 267 1923 in
294 1871 490 1923 Africa
514 1870 837 1940 Iugurthino
863 1869 1005 1923 bello
1034 1870 1204 1922 nimia
1230 1870 1390 1940 Spuri
1423 1869 1823 1925 Albini..indul-

147 1956 189 1988 25
211 1941 399 2010 gentia
424 1948 739 2010 corruptum
765 1939 956 1993 consul
982 1941 1303 2010 accepisset,
1332 1941 1582 1993 omnibus
1608 1940 1823 2010 imperii

210 2011 396 2063 neruis
438 2010 509 2062 ad
533 2010 900 2062 reuocandam
924 2010 1188 2080 pristinae
1223 2009 1568 2079 disciplinam
1594 2009 1823 2062 militiae

211 2081 431 2134 conisus
470 2089 571 2133 est.
652 2098 753 2132 nec
789 2078 1031 2148 singulas
1066 2086 1251 2149 partes
1296 2078 1683 2150 adprehendit,
1724 2079 1823 2132 sed

210 2159 382 2204 totam
427 2150 682 2203 continuo
723 2149 779 2200 in
823 2167 981 2202 suum
1024 2157 1227 2202 statum
1269 2149 1498 2218 redegit.
1572 2151 1821 2220 protinus

209 2239 446 2291 namque
479 2220 621 2272 lixas
668 2238 696 2271 e
731 2220 923 2272 castris
961 2220 1239 2273 submouit
1284 2220 1572 2290 cibumque
1609 2228 1822 2274 coctum

149 2377 192 2409 30
323 2370 361 2412 1.
401 2366 496 2412 DE
529 2364 910 2411 DISCIPLINA
946 2364 1272 2411 MILITARI.
1330 2365 1377 2411 P.
1406 2365 1644 2412 Cornelius
1671 2364 1820 2426 Scipio

96 2417 189 2452 Par.
215 2451 308 2484 cos.
335 2438 381 2482 in
407 2437 667 2497 Hispaniam
693 2436 911 2482 aduersus
930 2435 1226 2482 Numantinos
1253 2436 1419 2482 missus
1446 2436 1531 2488 die,
1560 2450 1650 2497 quo
1677 2442 1823 2483 castra

211 2508 424 2558 intrauit,
464 2507 600 2553 edixit
626 2514 677 2552 ut
705 2508 854 2552 omnia
880 2521 933 2552 ex
958 2506 1030 2552 his
1058 2520 1173 2567 quae
1200 2506 1453 2567 uoluptatis
1480 2521 1615 2553 causa
1640 2519 1821 2566 compa·

211 2584 309 2623 rata
336 2584 465 2624 erant
491 2576 888 2623 submouerentur.
950 2578 1103 2637 itaque
1131 2583 1311 2623 constat
1347 2578 1589 2623 maximum
1624 2576 1727 2622 inde
1754 2576 1821 2620 in·

215 2648 428 2693 stitorum
472 2661 710 2693 numerum
754 2661 856 2695 cum
900 2646 1078 2694 duobus
1121 2647 1302 2693 milibus
1347 2653 1604 2693 scortorum
1653 2645 1818 2691 abisse.

148 2725 190 2758 35
213 2720 254 2763 2.
292 2717 498 2763 Metellus
524 2732 616 2764 cos.
656 2731 756 2764 cum
783 2719 1030 2765 exercitum
1056 2719 1098 2763 in
1126 2717 1275 2764 Africa
1298 2716 1567 2777 Iugurthino
1593 2714 1713 2761 bello
1751 2716 1819 2760 ni-

213 2789 303 2833 mia
339 2787 416 2848 Sp.
453 2787 603 2833 Albini
648 2788 930 2849 indulgentia
965 2794 1231 2849 corruptum
1276 2788 1546 2847 accepisset,
1593 2785 1817 2846 Scipionis

330 2939 380 2978 11
406 2950 462 2980 ex
482 2939 523 2980 is
546 2938 600 2986 B,
633 2951 689 2979 ex
709 2938 779 2979 his
803 2939 865 2979 Pb
927 2942 979 2982 13
1000 2939 1316 2980 institutorum
1338 2930 1393 2977 B'
1453 2938 1507 2979 20
1527 2936 1751 2977 manicini
1771 2935 1812 2976 B
