1924 3152
190 158 192 160 ·
225 123 331 176 300
919 127 1019 172 LIB.
1058 127 1126 172 Vl.

227 234 323 287 sed
370 232 611 285 sacraria
651 231 995 285 aedificanda
1034 233 1407 304 sacrificiaque
1452 234 1707 288 facienda
1739 237 1833 288 tri-

223 304 372 369 buit,
410 303 760 373 iustitiaeque
786 303 1193 374 promptissimo
1221 312 1411 357 tenore
1436 304 1615 358 effecit
1637 308 1833 359 1116111-

226 374 301 426 tio
331 391 427 426 suo
455 372 648 426 laetari
674 381 917 443 possent,
981 373 1074 425 uia
1101 373 1178 426 sic
1204 374 1383 427 renati
1410 382 1580 427 erant.

329 442 616 496 Moenibus
642 445 844 497 nostris
872 451 926 496 et
990 444 1195 496 nitimis
1233 444 1548 514 regionibus
1576 460 1714 516 quae
1741 445 1834 498 ad-

181 535 200 566 5
223 514 329 565 huc
355 513 555 579 rettuli,
584 512 730 594 quod
758 515 1002 584 sequitur
1025 532 1123 583 per
1148 522 1324 567 totum
1351 522 1619 567 terrarum
1647 516 1834 569 orbem

222 584 488 636 manauit.
541 583 894 637 Tlmochares
914 585 1321 638 Ambraciensis
1342 585 1595 638 Fabricio
1623 586 1834 638 consuli

222 652 498 724 pollicitus
527 663 609 707 est
638 672 693 706 se
720 654 954 723 Pyrrum
980 672 1189 707 ueneno
1214 673 1312 725 per
1338 654 1511 706 filium
1538 668 1710 721 suum,
1740 655 1833 725 qui

221 724 537 794 potionibus
567 725 682 776 eius
709 732 980 794 praeerat,
1008 733 1346 777 necaturum.
1408 742 1472 776 ea
1497 741 1583 776 res
1612 735 1735 777 c'um
1761 724 1833 776 ad

223 802 468 846 senatum
495 802 639 846 esset
678 792 885 861 delata,
921 795 1104 846 missis
1139 794 1331 863 legatis
1358 794 1591 864 Pyrrum
1624 795 1836 848 monuit

162 887 203 917 10
225 873 286 916 ut
314 863 578 916 aduersus
605 864 765 917 huius
794 866 1009 933 generis
1035 864 1264 916 insidias
1286 866 1499 916 cautius
1530 882 1586 916 se
1605 872 1831 934 gereret,

222 953 429 987 memor
464 934 659 987 urbem
695 954 727 986 a
762 935 871 987 filio
906 935 1101 987 Martis
1139 934 1419 987 conditam
1460 935 1626 986 armis
1671 933 1835 1001 bella,

222 1022 330 1056 non
354 1005 580 1056 uenenis
609 1022 798 1073 gerere
826 1004 1040 1058 debere.
1082 1004 1422 1058 Timocharis
1442 1013 1622 1058 autem
1641 1023 1837 1060 nomen
1866 1015 1871 1025 ‘

223 1093 323 1144 sup
366 1075 543 1141 ressit,
573 1083 805 1145 utroque
830 1075 990 1128 modo
1019 1075 1352 1145 aequitatem
1378 1073 1680 1145 ampleXUS,
1709 1075 1837 1146 quia

186 1152 191 1154 “
222 1163 322 1196 nec
384 1152 556 1197 ostem
578 1145 720 1199 malo
745 1145 994 1216 exemplo
1014 1146 1204 1198 tollere
1225 1163 1401 1215 neque
1418 1163 1558 1212 eum,
1582 1146 1676 1215 qui
1693 1145 1835 1198 bene

160 1235 200 1267 15
222 1215 417 1267 mereri
443 1223 667 1285 paratus
694 1216 894 1282 fuerat,
922 1216 1153 1286 prodere
1179 1215 1374 1268 uoluit.

327 1285 379 1337 2.
409 1285 632 1337 Summa
656 1285 874 1337 iustitia
894 1286 951 1337 in
979 1293 1235 1355 quattuor
1260 1302 1473 1355 quoque
1499 1284 1733 1338 tribunis
1758 1283 1833 1355 pl,

222 1354 414 1407 eodem
441 1363 686 1425 tempore
713 1364 1006 1425 conspecta
1032 1364 1132 1408 est.
1181 1373 1308 1406 nam
1334 1373 1456 1406 cum
1480 1354 1833 1422 L-AtratinO,

222 1425 323 1476 sub
368 1442 473 1494 quo
520 1425 655 1477 duce
700 1426 872 1483 aciem
915 1433 1157 1477 nostram
1200 1425 1346 1495 apud
1389 1424 1756 1492 Verruginem
1801 1442 1835 1476 a

222 1493 439 1546 Volscis
468 1495 786 1546 inclinatam
809 1514 931 1547 cum
952 1496 1148 1547 ceteris
1170 1495 1445 1564 equitibus
1465 1502 1834 1559 correxerant,

157 1587 201 1619 20
225 1563 369 1616 diem
397 1564 468 1616 ad
493 1565 754 1634 populum
781 1565 844 1616 L.
862 1565 1189 1617 Hortensius
1219 1564 1430 1633 collega
1457 1581 1641 1617 eorum
1668 1565 1835 1617 dixis-

221 1642 331 1700 set,
367 1653 465 1704 pro
501 1636 696 1687 rostris
734 1635 1057 1688 iurauerunt
1092 1636 1150 1686 in
1188 1653 1210 1687 s
1252 1635 1439 1687 ualore
1475 1652 1620 1701 sese,
1657 1634 1839 1705 quoad

219 1704 516 1774 imperator
561 1705 807 1775 ipsorum
850 1724 974 1757 reus
1012 1712 1184 1772 esset,
1254 1714 1461 1757 uturos.
1538 1722 1647 1757 non
1673 1705 1834 1756 susti-

217 1783 455 1827 nuerunt
483 1775 625 1826 enim
652 1775 859 1844 egregii
884 1776 1126 1840 iuueneS,
1155 1776 1306 1827 cuius
1323 1775 1517 1827 armati
1536 1773 1834 1844 perieulum

220 1845 540 1897 uulneribus
570 1854 623 1898 et
652 1846 916 1914 sanguine
944 1865 1040 1899 suo
1080 1844 1470 1912 defenderant,
1509 1846 1624 1897 eius
1661 1845 1834 1913 togati

156 1938 198 1970 25
220 1913 474 1966 ultimum
512 1915 806 1967 discrimen
840 1917 1131 1986 potestatis
1168 1915 1405 1984 insignia
1429 1915 1726 1968 retinentes
1751 1915 1830 1965 in-

107 2075 195 2110 par.
222 2059 414 2104 redemit
441 2061 597 2120 eisque
623 2061 854 2106 habitandi
891 2063 1037 2120 gratia
1063 2061 1211 2106 locum
1238 2062 1283 2105 in
1309 2060 1533 2105 Auentino
1562 2059 1835 2118 adsignauit.

223 2154 283 2161 —
313 2129 570 2180 Fabricius,
599 2144 700 2176 cum
727 2131 1004 2194 Timocrates
1030 2130 1360 2175 Ambraciensis
1387 2130 1585 2174 medicus
1612 2129 1832 2189 repromi-

219 2200 355 2244 sisset
375 2199 598 2259 Pyrrhum
626 2214 674 2245 se
702 2213 878 2245 ueneno
906 2206 1186 2250 necaturum,
1214 2200 1393 2245 monuit
1419 2212 1572 2259 regem
1599 2205 1650 2244 ut
1677 2197 1761 2244 sihi
1779 2197 1833 2244 ab

220 2271 316 2314 eius
344 2270 465 2314 modi
493 2269 669 2315 insidiis
696 2276 903 2316 caueret:
944 2277 988 2315 et
1016 2271 1138 2330 quod
1166 2271 1338 2315 iustitia
1377 2270 1527 2316 locum
1554 2270 1714 2320 tenuit,
1741 2281 1834 2313 me-

157 2353 198 2385 30
224 2338 309 2384 dici
336 2352 501 2384 nomen
529 2354 620 2384 non
649 2340 879 2386 indicauit.
957 2345 997 2384 2.
1037 2341 1082 2385 L.
1111 2341 1347 2385 Atratinus
1383 2340 1471 2385 dux
1507 2341 1602 2385 eius
1638 2347 1834 2399 pugnae,

223 2423 338 2469 quae
367 2411 485 2470 apud
506 2411 799 2470 Ferruginem
827 2426 851 2456 a
875 2410 1045 2456 Volscis
1073 2425 1173 2456 cum
1201 2416 1367 2455 euentu
1393 2410 1540 2455 fuerat
1566 2415 1679 2458 acta,
1705 2422 1838 2469 para-

222 2481 281 2524 tis
308 2481 444 2538 fugae
469 2480 668 2531 nostris,
706 2481 864 2526 deinde
892 2487 1109 2541 quattuor
1138 2479 1425 2526 tribunorum
1452 2479 1835 2545 uirtute‘restitu·

223 2557 308 2600 tae,
338 2565 361 2595 3
385 2550 431 2595 L.
461 2551 707 2597 Hortensio
738 2551 794 2618 oh
822 2552 866 2597 id
894 2559 1156 2598 accusatus:
1196 2551 1327 2597 cuius
1365 2549 1581 2610 collegae,
1619 2554 1835 2609 quattuor

337 2688 357 2725 1
384 2687 464 2726 sed
488 2687 544 2727 ad
567 2689 590 2727 b
669 2690 693 2727 2
721 2687 865 2728 efficit
886 2681 941 2727 B'
1021 2689 1046 2727 6
1068 2687 1332 2727 timoclares
1356 2682 1424 2733 B',
1455 2686 1723 2725 timocrates
1742 2682 1835 2730 PF,

219 2746 263 2780 at
285 2755 322 2781 u.
353 2743 456 2785 Gen.
481 2744 541 2782 Ν.
560 2744 615 2784 Α.
646 2747 688 2791 3,
713 2746 752 2792 8,
775 2747 800 2784 1
862 2746 913 2783 12
937 2743 1246 2784 thimochares
1269 2739 1323 2782 B'
1395 2744 1446 2782 17
1476 2743 1529 2783 L.
1551 2740 1656 2780 BP:
1689 2737 1737 2779 C.
1764 2738 1834 2777 Li-

146 2796 155 2803 '
217 2799 311 2837 uias
334 2799 373 2846 4,
401 2800 469 2846 42,
494 2799 550 2850 cf.
574 2813 616 2850 p.
646 2803 739 2847 117,
764 2803 789 2839 2
870 2802 923 2841 18
944 2800 1244 2852 Ferruginem
1266 2798 1352 2838 BP
1427 2798 1480 2837 19
1500 2795 1648 2836 uolcis
1670 2794 1712 2835 B
1781 2795 1834 2833 21

217 2858 320 2894 sese
339 2867 442 2895 nos:
465 2867 512 2894 se
537 2867 636 2894 esse
663 2856 703 2895 Β
764 2858 816 2895 22
839 2856 1017 2896 futuros
1038 2856 1181 2897 Periz.
1205 2860 1247 2894 et
1265 2853 1370 2894 PF:
1401 2853 1582 2892 futurus
1604 2851 1646 2890 B

334 2913 384 2951 31
412 2911 715 2963 Ferruginem
746 2912 786 2951 V
805 2908 824 2964 Η
845 2911 1023 2964 paratis
1051 2910 1355 2951 Kellerbauer:
1387 2908 1531 2961 partis
1560 2907 1604 2947 V
