1924 3152
0 2744 11 2815 ὲ

0 2829 19 2934 ᾗ,

22 97 33 104 “
47 88 107 113 Ϊ“’Ϊ·
135 102 183 115 *q*

148 72 151 73 γ
194 70 202 77 ,
224 70 247 82 ⁷*
273 68 282 78 ¹
303 72 309 75 „
328 68 333 72 .

145 76 249 103 res-9¹3³*
279 83 313 100 w?
384 89 387 91 ·

594 88 715 171 CAP.
741 124 791 176 11,
822 124 851 183 g
880 127 950 171 lo.
988 81 1083 171 Exti.
1112 125 1141 184 g
1170 128 1309 173 1—4.
1659 121 1764 175 233

131 232 380 298 fensore,
410 251 443 284 a
466 231 698 286 Rhodiis
726 231 912 284 nauali
937 251 1126 302 pugna
1162 242 1392 304 excepto
1407 274 1421 300 ,
1459 252 1645 287 omnes
1671 235 1763 288 ho-

139 305 308 356 stium
334 297 582 375 captiuos
610 303 964 374 permutauit,
994 305 1166 356 satius
1195 322 1315 357 esse
1341 305 1665 359 existimans
1693 307 1763 359 ab

134 374 487 427 inuisissimis
515 375 795 427 circumiri
824 393 988 445 quam
1014 375 1154 428 bene
1179 376 1376 429 merito
1398 376 1635 445 gratiam
1654 396 1765 430 non

134 445 362 498 referre.
1125 493 1141 501 -

243 516 293 568 3.
333 513 637 568 Liberalis‘
687 514 882 586 opulus
922 515 1204 569 Romanus
1241 517 1621 586 magnitudine
1648 537 1762 571 mu·
1786 534 1808 566 5

135 588 303 653 neris,
331 585 479 656 quod
506 535 696 638 Attali>
723 587 846 655 regi
870 585 1062 638 Asiam
1090 586 1231 640 dono
1260 587 1436 640 dedit:
1481 588 1580 641 sed
1604 590 1764 642 Atta-

134 657 220 711 lus
258 657 425 709 etiam
462 656 780 709 testamenti
815 658 1091 728 aequitate
1137 667 1326 728 gratus
1339 699 1353 726 >
1400 660 1493 729 qui
1533 660 1764 713 eandem

133 729 332 782 Asiam
380 728 583 798 populo
624 727 872 780 Romano
923 728 1150 797 legauit.
1214 730 1401 800 itaque
1450 749 1552 784 nec
1600 732 1763 784 huius

134 798 514 852 munificentia
548 817 650 851 nec
686 797 833 850 illius
871 807 984 852 tam
1022 819 1232 854 memor
1257 800 1510 854 beneficii
1547 803 1762 855 animus

133 877 219 924 tot
241 869 427 923 uerbis
454 869 670 922 laudari
695 878 903 940 potest,
945 878 1080 941 quot
1107 870 1480 942 amplissimae
1510 874 1762 926 ciuitates
1787 888 1830 919 10

133 940 224 994 uel
251 941 426 992 amice
455 940 617 993 datae
642 940 731 993 uel
756 942 846 1011 pie
872 941 1123 994 redditae
1152 951 1296 995 sunt.

245 1012 296 1063 4.
341 1010 600 1064 Ceterum
625 1013 811 1064 nescio
841 1030 911 1063 an
937 1013 1234 1083 praecipue
1260 1013 1591 1067 Masinissae
1618 1016 1763 1084 regis

132 1091 325 1154 pectus
353 1083 498 1151 grati
525 1083 694 1134 animi
719 1083 1047 1153 pignoribus
1076 1084 1246 1137 fuerit
1271 1083 1552 1137 refertum.
1600 1086 1763 1138 bene-

134 1153 258 1206 ficio
286 1153 433 1205 enim
449 1152 724 1223 Scipionis
753 1161 806 1205 et
832 1172 1100 1223 persuasu
1120 1156 1276 1224 regni
1296 1155 1459 1209 modo
1481 1155 1763 1209 liberalius

134 1232 330 1277 auctus
365 1224 687 1276 memoriam
721 1223 897 1276 incliti
931 1227 1176 1276 muneris
1222 1226 1295 1278 ad
1328 1227 1583 1278 ultimum
1615 1227 1764 1280 uitae
1789 1240 1831 1273 15

133 1294 330 1361 finem7
366 1294 532 1362 longa
570 1296 736 1347 etiam
763 1313 796 1346 a
824 1295 907 1347 dis
943 1295 1325 1349 inmortalibus
1364 1305 1643 1351 senectute
1671 1299 1764 1351 do-

133 1373 316 1433 natus,
346 1366 794 1419 constantissima
816 1365 922 1418 fide
947 1367 1224 1436 perduxit,
1254 1367 1391 1421 adeo
1418 1376 1480 1422 ut
1508 1388 1629 1421 eum
1655 1388 1766 1422 non

136 1434 316 1489 solum
343 1437 566 1503 Africa,
607 1437 703 1488 sed
732 1437 900 1488 etiam
927 1445 1153 1491 cunctae
1179 1446 1371 1507 gentes
1401 1441 1606 1494 scirent
1632 1440 1764 1492 ami-

133 1508 340 1560 ciorem
363 1506 650 1560 Corneliae
678 1507 921 1560 familiae
948 1517 1110 1579 atque
1138 1509 1265 1562 urbi
1294 1509 1574 1563 Romanae
1602 1529 1766 1582 quam

137 1577 360 1630 sibimet
395 1577 505 1647 ipsi
543 1597 758 1648 semper
793 1579 982 1631 fuisse.
1046 1579 1139 1631 ille
1177 1598 1300 1631 cum
1335 1581 1494 1649 graui
1528 1581 1764 1634 Kartha·
1788 1595 1830 1626 20

137 1647 469 1716 giniensium
493 1647 640 1700 bello
667 1658 1009 1718 premeretur
1053 1668 1117 1701 ac
1158 1651 1256 1701 uix
1301 1651 1505 1704 tutelae
1547 1652 1767 1722 imperii

138 1718 225 1770 sui
253 1717 548 1784 sufficeret,
580 1727 767 1770 tamen
795 1719 1038 1788 Scipioni
1068 1719 1408 1786 Aemiliano,
1438 1721 1567 1790 quia
1592 1740 1660 1772 ne
1704 1740 1763 1773 os

137 1788 398 1841 Africani
425 1796 567 1854 erat,
605 1790 808 1841 bonam
844 1806 1207 1859 magnamque
1243 1798 1458 1859 partem
1483 1741 1766 1842 Numidici

138 1859 446 1926 exercitus,
494 1877 658 1929 quam
703 1857 776 1910 ad
814 1858 1103 1910 Lucullum
1142 1859 1448 1923 consulem,
1498 1879 1530 1910 a
1556 1879 1662 1930 quo
1693 1860 1764 1911 ad

137 1928 347 1982 auxilia
372 1929 610 1999 petenda
638 1929 839 1980 missus
867 1929 1066 1996 fuerat,
1093 1930 1149 1980 in
1163 1930 1494 2000 Hispaniam
1522 1930 1762 1996 duceret,
1787 1944 1830 1977 25

137 2000 555 2070 promptissima
591 2008 772 2052 mente
799 2000 1058 2068 tradidit,
1095 2001 1485 2071 praesentique
1519 1999 1762 2070 periculo

135 2078 448 2141 respectum
493 2071 714 2141 pristini
768 2071 1023 2124 beneficii
1081 2072 1407 2142 anteposuit.
1479 2070 1596 2138 ille,
1642 2090 1765 2124 cum

139 2218 250 2250 suae
269 2204 528 2262 defensore,
559 2203 780 2249 aRhodiis
804 2203 950 2249 nauali
970 2218 1123 2264 pugna
1151 2212 1354 2265 excepto,
1383 2214 1540 2251 omnes
1561 2205 1762 2250 hostium
1787 2211 1879 2244 Par·

125 2276 348 2337 ‘captiuos
375 2275 666 2334 permutauit.
730 2278 767 2320 3.
806 2275 986 2320 Attalus
1013 2282 1242 2335 acceptam
1270 2292 1293 2322 a
1320 2276 1493 2336 populo
1520 2276 1569 2321 R.
1597 2277 1764 2325 Asiam,

140 2345 371 2404 aequitate
431 2347 693 2390 testamenti
744 2353 925 2403 gratus,
986 2346 1186 2391 eamdem
1236 2346 1409 2406 populo
1461 2346 1510 2392 R.
1562 2346 1763 2406 reliquit.
1787 2353 1830 2385 30

139 2418 180 2458 4.
219 2415 452 2460 Masinissa
478 2429 652 2465 memor
679 2415 905 2476 Scipionis
931 2416 1257 2462 beneficiorum
1295 2417 1417 2463 omni
1452 2419 1548 2462 uita
1584 2417 1763 2462 domum

258 2540 282 2578 3
315 2537 638 2577 circumueniri
667 2538 754 2577 DE
822 2540 875 2579 10
906 2539 1206 2581 ciuitatisuae
1239 2540 1386 2580 amice
1417 2540 1460 2578 B
1528 2542 1579 2579 12
1602 2540 1766 2579 massi-

141 2594 299 2634 nissae
322 2593 365 2632 B
395 2600 494 2633 ante
514 2606 603 2633 ras.
676 2596 728 2635 13
752 2595 897 2647 grati*
918 2595 961 2634 B
1031 2594 1084 2636 1'4
1114 2610 1285 2649 persua
1307 2597 1363 2645 B,
1396 2597 1584 2649 peruasi
1614 2596 1636 2635 b
1668 2595 1765 2647 (po-

140 2650 242 2703 puli
269 2651 323 2693 R.
356 2651 485 2690 iussu
515 2648 695 2700 Perz‘z.)
733 2647 753 2704 Η
799 2651 1043 2691 liberalius
1085 2655 1209 2696 codd.
1253 2654 1442 2694 nonnulli
1480 2651 1546 2702 (u.
1585 2651 1766 2703 Torr.):

138 2707 333 2748 liberius
352 2707 394 2746 B
456 2707 507 2746 15
531 2710 663 2746 actus
682 2708 902 2747 memoria
920 2702 977 2746 B'
997 2705 1015 2761 Η
1035 2709 1163 2749 uitae
1186 2710 1304 2750 diem
1328 2710 1515 2761 Stanyer
1576 2711 1628 2749 18
1651 2708 1766 2748 ami-

142 2765 334 2804 ctiorem
354 2756 410 2802 B'
470 2765 524 2803 20
546 2763 636 2815 ipsi
658 2776 837 2815 semper
858 2763 1003 2804 fuisse
1027 2766 1225 2818 Pighius:
1257 2766 1296 2806 si
1317 2777 1564 2818 superesse
1586 2765 1641 2812 B,
1675 2764 1765 2816 ipsi

139 2832 323 2873 semper
345 2832 445 2860 esse
469 2819 506 2867 b,
529 2832 709 2871 semper
729 2819 876 2859 fuisse
900 2821 997 2860 edd.
1021 2827 1121 2862 uett.
1183 2824 1236 2862 22
1260 2823 1313 2863 de
1338 2822 1589 2862 aemiliano
1610 2821 1666 2867 B,
1687 2820 1768 2860 sed

142 2874 200 2916 de
220 2882 366 2929 punct.
393 2872 412 2930 ss
500 2878 553 2917 23
586 2876 796 2916 africano
826 2875 870 2915 B
936 2878 992 2916 24
1021 2889 1114 2928 qua
1143 2878 1367 2918 lucullum
1397 2877 1522 2921 coris.
1554 2877 1616 2924 B,
1650 2877 1763 2971 qpac}

0 2931 50 3152 ἰ
142 2931 319 2973 lucullo
345 2931 468 2973 cofis.
484 2932 521 2981 b,
547 2945 680 2985 quem
705 2932 761 2971 ad
784 2932 1162 2986 lucullumh‘my„
1188 2934 1527 2987 quamLucullo
1548 2944 1690 2972 consu
1711 2930 1764 2974 ίς
