1936 3120
723 0 731 10 “ι
809 0 1018 19 ·ν’-ν”ψν”’χ,”<’
1058 0 1070 11 ·.
1124 8 1126 10 ,
1160 2 1180 9 .-

684 119 750 165 Ι)Ε
776 113 1094 165 ΡΒᾸΕΝΟΜΙΝ
1096 115 1226 163 113vs,
1658 109 1764 162 487

151 227 314 282 Publi
340 227 433 299 qui
457 226 607 298 prius
634 224 832 297 pupilli
867 226 1003 278 facti
1039 232 1196 278 erant
1222 242 1384 296 quam
1410 222 1768 294 praenomina

151 299 442 366 baberent,
479 297 574 358 alii
599 298 794 351 ominis
822 315 991 350 causa
1017 315 1046 349 e
1070 296 1232 367 pube.
1295 295 1344 348 6.
1382 295 1594 349 Tiberii
1618 294 1767 347 uoci-

150 370 258 424 tari
283 375 576 441 coeperunt
602 369 694 440 qui
721 367 792 420 ad
819 367 1065 420 Tiberim
1090 366 1474 419 nascebantur.
1551 365 1710 418 Titus
1738 382 1769 418 e

154 441 358 496 Sabino
393 439 609 493 nomine
637 442 671 507 †
697 439 824 492 Tito
861 438 1050 504 fluxit,
1089 437 1304 508 Appius
1332 438 1402 490 ab
1429 438 1591 503 Atto,
1629 435 1767 489 eius-

153 512 280 566 dem
314 511 556 581 regionis
593 507 962 581 praenomine.
1032 507 1304 562 Caesones
1342 506 1607 579 adpellati
1643 515 1769 560 sunt
1792 523 1813 557 5

156 583 251 655 qui
278 600 307 634 e
332 581 562 636 mortuis
590 580 860 634 matribus
889 579 1096 633 exsecti
1124 587 1307 646 erant,
1338 579 1559 632 Seruius
1572 619 1586 646 7
1625 576 1773 649 quod

156 660 377 707 mortua
402 660 579 705 matre
604 652 663 703 in
688 661 842 705 utero
872 660 1119 705 seruatus
1148 658 1258 718 est,
1296 649 1481 720 Spurii
1507 658 1663 720 patre
1690 649 1772 701 in-

155 732 308 778 certo
335 723 508 794 geniti
534 722 690 804 quasi
717 722 1032 792 σποροὲδιοι.
1108 721 1383 774 Numeriis
1412 719 1531 774 sola
1557 727 1774 773 tantum

157 795 317 849 modo
367 795 598 865 patricia
637 793 848 846 familia
884 813 987 846 usa
1023 799 1107 846 est
1140 792 1343 859 Fabia,
1390 792 1591 845 idcirco
1629 791 1774 864 quod.

157 867 417 920 trecentis
445 884 543 918 sex
569 865 716 936 apud
743 864 1054 918 Cremeram
1079 863 1281 921 flumen
1308 865 1482 916 caesis
1510 864 1605 934 qui
1630 881 1771 915 unus
1796 880 1839 913 ιο

159 956 231 990 ex
270 955 334 989 ea
369 937 540 1007 stirpe
576 935 861 1002 extiterat,
900 936 1063 988 ducta
1087 936 1144 987 in
1169 935 1576 988 matrimonium
1601 951 1775 987 uxore

158 1007 274 1061 filia
309 1006 557 1060 Numerii
595 1005 1214 1065 OtaciliiMaleuentani
1251 1006 1350 1060 sub
1390 1024 1451 1059 eo
1489 1012 1676 1077 pact0,
1715 1011 1776 1057 ut

161 1097 324 1149 quem
349 1078 584 1150 primum
610 1077 785 1130 filium
811 1077 1138 1144 sustulisset,
1168 1078 1218 1129 ei
1243 1077 1477 1130 materni
1504 1076 1595 1129 aui
1621 1094 1775 1147 prae-

159 1168 358 1204 nomen
384 1151 685 1220 inponeret,
714 1148 1128 1220 obtemperauit.

269 1222 316 1274 7.
358 1220 727 1291 Antiquarum
761 1219 1054 1273 mulierum
1087 1219 1363 1290 frequenti
1397 1218 1454 1270 in
1489 1237 1593 1271 usu
1658 1235 1771 1270 rae·
1797 1233 1839 1267 15

160 1291 386 1346 nomina
409 1291 656 1356 fuerunt,
695 1290 908 1358 Rutila,
949 1289 1245 1357 Caesellia,
1284 1236 1776 1357 Rodacilla731ur·

160 1362 310 1430 rula,
345 1363 525 1416 Burra
551 1380 584 1413 a
610 1360 788 1414 colore
816 1361 997 1414 ducta.
1060 1360 1156 1413 illa
1191 1361 1548 1432 praenomina
1584 1379 1616 1412 a
1641 1359 1775 1412 uiris

161 1442 342 1487 tracta
364 1441 522 1500 sunt⁷
551 1432 695 1486 Gaia
705 1472 719 1500 ‚
746 1431 936 1501 Lucia,
964 1431 1178 1499 Publia⁷
1207 1432 1493 1485 Numeria:
1536 1440 1778 1485 ceterum

165 1505 309 1558 Gaia
342 1523 448 1556 usu
485 1523 548 1555 su
591 1522 649 1556 er
686 1523 872 1557 omnes
917 1502 1191 1557 celebrata
1229 1511 1329 1556 est.
1406 1503 1591 1555 ferunt
1634 1502 1779 1555 enim

163 1575 367 1629 Graiam
392 1574 555 1626 Caeci
577 1575 704 1641 iam,
735 1575 1021 1646 Tarquinii
1043 1575 1219 1626 Prisci
1241 1574 1386 1644 regis
1412 1593 1656 1640 uxorem,
1686 1592 1778 1644 op·
1803 1592 1846 1624 20

165 1646 357 1698 timam
382 1643 659 1697 lanificam
695 1645 867 1698 fuisse
895 1654 948 1698 et
973 1645 1097 1699 ideo
1133 1647 1471 1712 institutum,
1508 1651 1570 1698 ut
1603 1662 1781 1697 nouae

163 1723 368 1787 nuptae
395 1722 519 1768 ante
545 1716 764 1768 ianuam
788 1716 971 1768 mariti
996 1717 1365 1786 interrogatae
1394 1734 1664 1788 quaenam
1685 1735 1781 1769 uo-

166 1795 422 1841 carentur
448 1786 616 1840 Gaias
646 1806 764 1839 esse
793 1806 849 1839 se
877 1787 1137 1840 dicerent.

285 1933 306 1971 1
331 1930 466 1971 Publi
498 1932 552 1971 V:
583 1930 740 1971 Publii
761 1932 828 1972 ed.
852 1931 948 1971 Mai
1005 1933 1029 1971 2
1055 1944 1077 1971 e
1109 1932 1169 1971 V:
1206 1944 1261 1971 ex
1286 1940 1313 1975 ς
1370 1932 1398 1971 4
1417 1930 1599 1972 homine
1622 1931 1783 1979 Periz.,

166 1989 278 2029 idem
303 2001 386 2041 pro
416 1988 501 2028 tito
531 1988 743 2029 coniciens
770 1988 927 2039 titulo,
967 1990 1061 2029 coll.
1091 1989 1226 2029 Paulo
1256 1989 1377 2029 Festi
1408 2002 1456 2041 p.
1490 1990 1575 2028 366
1603 1987 1667 2031 M.
1759 1988 1785 2027 8

169 2043 482 2086 CHOPAAII
516 2045 567 2092 V,
608 2045 753 2098 Piqhii
779 2047 1108 2086 emendationem
1139 2048 1393 2098 confirmans
1433 2043 1451 2099 ΙΙ
1491 2044 1699 2085 Numerii
1733 2044 1785 2092 V,

168 2115 247 2143 em.
271 2103 412 2142 Periz.
495 2101 546 2140 12
569 2102 747 2142 numeri
767 2102 967 2143 iotacilii
996 2102 1038 2141 V
1115 2104 1165 2143 13
1190 2104 1268 2142 aui
1296 2103 1471 2145 Veorr.
1493 2115 1551 2142 ex
1576 2105 1655 2142 aut
1734 2102 1787 2141 16

171 2157 348 2199 Rutilia
376 2159 440 2203 V,·
479 2158 534 2210 cf.
559 2158 707 2199 Muell.
731 2161 790 2199 ad
808 2160 976 2199 Festum
993 2173 1040 2211 p.
1065 2161 1153 2199 263
1192 2155 1212 2213 ΙΙ
1252 2158 1473 2200 Caesulla
1494 2160 1602 2200 coni.
1626 2158 1797 2210 Kempf

168 2217 264 2256 coll.
295 2215 423 2255 Festo
450 2229 498 2267 p.
522 2217 608 2254 274
630 2215 695 2256 M.
745 2212 763 2270 ΙΙ
809 2215 1031 2255 Murtulla
1064 2216 1112 2256 G.
1135 2217 1185 2256 F.
1213 2217 1454 2267 Grotefend
1480 2218 1506 2256 l.
1537 2217 1606 2258 cit.
1635 2229 1681 2268 p.
1705 2216 1788 2255 178

175 2273 227 2311 19
268 2268 440 2322 ferunt]
463 2271 530 2310 hic
549 2273 663 2312 redit
684 2272 726 2311 B
805 2274 858 2314 23
899 2270 1128 2326 dicerent]
1155 2274 1197 2313 in
1227 2275 1270 2313 V
1284 2275 1474 2326 sequitur
1505 2272 1788 2325 subscriptio:

173 2326 378 2369 C.T1T1
407 2326 592 2366 PROBI
634 2327 638 2378 Ι
677 2329 845 2368 FINIT
875 2328 1154 2369 EPITOMA
1191 2329 1615 2370 HISTORIARVM
1655 2328 1659 2380 Ι
1701 2329 1788 2369 DI-

174 2381 510 2424 VERSARVM.
532 2383 1086 2435 EXEMPLORVMQVE
1116 2385 1506 2426 ROMANORVM
1530 2384 1535 2438 Ι
1567 2385 1790 2426 Feliciter

173 2439 419 2480 emendaui
452 2436 458 2491 Ι
491 2438 770 2493 descriptum
801 2441 1053 2481 Rabennae
1089 2440 1093 2490 Ι
1127 2442 1347 2482 Rusticus
1376 2442 1622 2495 Helpidius
1650 2442 1789 2482 Dom-

173 2495 312 2535 nulus
336 2498 457 2545 .V—c.;
489 2497 679 2537 similiter
700 2497 756 2548 B,
786 2499 866 2537 sed
884 2498 963 2538 Izoc
993 2499 1167 2538 ordine:
1199 2498 1404 2539 feliciter
1437 2512 1520 2539 em.
1546 2499 1691 2539 descr.
1715 2511 1788 2538 ra-

175 2564 358 2593 uennae
383 2549 503 2603 (rab.
526 2554 660 2603 corr.)
692 2556 800 2593 rust.
823 2553 947 2606 help.
972 2553 1210 2594 domnulus
1241 2568 1325 2595 .uc.
1362 2553 1643 2608 (interiectum
1667 2568 1790 2595 manu

174 2610 397 2650 admodum
427 2612 592 2649 recenti
627 2610 713 2650 duo
744 2609 993 2661 homines);
1035 2617 1116 2651 tum
1146 2613 1359 2664 sequitur:
1397 2610 1658 2652 TITVLVS
1687 2610 1791 2652 AD-

176 2663 602 2706 BREVIATORIS.
646 2664 694 2706 C.
720 2667 794 2706 titi
822 2667 922 2706 finit
953 2668 1156 2720 epitoma
1187 2668 1483 2709 historiarum
1504 2669 1792 2710 diuersarum

175 2721 488 2774 exemplorum
510 2735 811 2765 romanorum.

814 2922 1152 2930 ψ
