1924 3152
175 134 281 187 266
894 139 992 183 ΜΒ.
1033 139 1080 183 V.

174 246 347 299 hibito
369 245 425 296 in
448 245 732 297 consilium
756 244 1019 314 expositis
1042 245 1445 315 suspicionibus
1460 245 1790 300 defendendi

179 336 236 369 se
263 315 601 367 adulescenti
626 322 955 385 potestatem
982 315 1140 382 fecit,
1181 323 1533 387 spectataque
1560 315 1807 387 diligen-'

175 386 385 439 tissime
420 402 588 437 causa
623 385 863 438 absoluit
907 404 1029 437 eum
1065 404 1189 438 eum
1225 385 1436 440 consilii
1471 394 1587 439 tum
1610 387 1790 440 vetiam

178 475 276 510 sua
303 455 590 508 sententia.
630 456 775 526 quod
797 455 842 507 si
861 456 1069 526 impetu
1093 457 1208 509 irae
1235 457 1545 510 abstractus
1573 458 1790 510 saeuire

136 543 156 574 5
179 527 514 593 festinasset,
538 526 846 578 admisisset
864 527 1037 595 magis
1061 527 1238 579 scelus
1253 546 1414 598 quam
1433 527 1790 580 uindicasset.

282 596 332 648 2.
374 596 439 662 Q.
470 604 652 649 autem
679 596 978 663 Hortensii,
1008 597 1100 678 qui
1127 598 1237 649 suis
1264 598 1603 668 temporibus
1629 616 1790 651 orna*

175 674 417 719 mentum
450 666 727 719 Romanae
777 666 1112 738 eloquent1ae
1161 668 1292 734 fuit,
1345 667 1686 721 admirabilis
1729 669 1791 719 in

175 736 287 790 filio
313 737 583 807 patientia
609 737 808 790 extitit.
867 756 988 789 cum
1015 738 1158 789 enim
1186 757 1247 791 eo
1275 757 1445 808 usque
1470 738 1791 808 inpietatem

176 808 291 860 eius
344 816 653 878 suspectam
704 817 757 860 et
799 807 1098 878 nequitiam
1140 808 1376 860 inuisam
1423 808 1677 874 haberet,
1725 816 1788 860 ut

111 894 153 925 ιο
175 876 517 944 Messallam,
557 878 760 931 sororis
790 897 922 930 suae
949 877 1147 943 filium,
1188 878 1442 931 heredem
1479 877 1791 944 habiturus,

176 948 415 1001 ambitus
453 966 609 999 reum
647 947 947 1000 defendens
982 947 1255 1002 iudicibus
1293 949 1523 1015 diceret,
1563 949 1611 1000 si
1636 947 1791 1000 illum

177 1019 557 1085 damnassent,
596 1017 731 1070 nihil
759 1019 866 1071 sibi
892 1028 1110 1089 praeter
1138 1018 1382 1072 osculum
1406 1027 1696 1089 nepotum,
1730 1018 1789 1070 in

176 1089 373 1160 quibus
402 1088 804 1158 adquiesceret,
834 1089 1271 1158 superfuturum,
1307 1089 1410 1142 hac
1438 1087 1644 1142 scilieet
1671 1107 1793 1141 sen—

174 1159 373 1225 tentia,
423 1177 584 1230 quam
621 1159 783 1211 etiam
820 1159 999 1211 editae
1043 1161 1278 1213 orationi
1312 1159 1572 1226 inseruit,
1615 1158 1788 1211 filium

112 1244 154 1274 15
175 1230 357 1299 potius
383 1229 441 1280 in
466 1229 746 1282 tormentis
774 1229 943 1281 animi
968 1248 1130 1299 quam
1155 1231 1211 1281 in
1236 1229 1612 1300 uoluptatibus
1633 1248 1793 1300 repo—

174 1318 336 1366 nens,
377 1308 586 1366 tamen,
624 1319 692 1351 ne
726 1308 957 1352 naturae
984 1300 1227 1352 ordinem
1260 1300 1642 1366 confunderet,
1678 1318 1791 1351 non

173 1379 398 1439 nepotes
413 1410 427 1435 ,
469 1370 566 1422 sed
592 1369 762 1421 filium
788 1369 1042 1422 heredem
1068 1369 1315 1440 reliquit,
1351 1370 1631 1422 moderate
1656 1387 1787 1421 usus

178 1439 487 1492 adfectibus
525 1441 664 1506 suiS,
716 1440 842 1510 quia
879 1447 931 1492 et
965 1440 1126 1491 uiuus
1165 1441 1407 1493 moribus
1445 1441 1559 1492 eius
1596 1457 1789 1492 uerum

177 1510 551 1562 testimonium
588 1518 641 1561 et
675 1518 922 1562 mortuus
960 1511 1211 1579 sanguini
1246 1511 1508 1563 honorem
1543 1509 1790 1562 debitum

113 1594 155 1627 20
177 1578 436 1632 reddidit.

283 1650 333 1701 3.
374 1650 529 1702 Idem
564 1649 696 1701 fecit
731 1649 864 1702 clari
890 1650 1112 1718 'generis
1139 1668 1478 1720 magnaeque
1505 1648 1792 1718 dignitatis

174 1720 262 1771 uir
289 1719 355 1786 Q.
376 1719 619 1786 Fuluius,
649 1720 746 1771 sed
772 1720 828 1771 in
854 1719 964 1771 filio
987 1720 1325 1790 aliquantum
1345 1720 1622 1773 taetriore.
1661 1737 1790 1771 nam

177 1808 298 1842 cum
336 1789 600 1842 auxilium
645 1799 866 1843 senatus
910 1790 1264 1861 inplorasset,
1310 1798 1373 1843 ut
1410 1797 1694 1860 suspectus
1730 1789 1791 1840 in

175 1860 468 1931 parricidio
496 1868 550 1912 et
575 1861 644 1913 ob
671 1861 728 1912 id
753 1860 930 1913 latens
957 1879 1055 1931 per
1080 1861 1428 1914 triumuirum
1449 1860 1792 1930 conquirere-

110 1945 153 1977 25
176 1939 291 1998 tur,
338 1949 401 1983 ac
444 1932 599 1983 iussu
645 1939 866 2000 patrum
908 1931 1341 2001 conscriptorum
1386 1931 1787 2000 conprehensus

177 2009 347 2067 esset,
384 2019 492 2053 non
528 2000 702 2053 solum
738 2019 862 2052 eum
900 2019 1009 2052 non
1043 2001 1279 2066 notauit,
1319 2000 1416 2052 sed
1443 2002 1609 2053 etiam
1635 2000 1790 2052 dece-

178 2070 311 2123 dens
349 2070 625 2123 dominum
661 2071 901 2122 omnium
938 2089 1058 2122 esse
1092 2070 1290 2136 uoluit,
1329 2089 1486 2140 quem
1524 2076 1793 2138 genuerat.

176 2139 431 2192 heredem
455 2140 764 2205 instituens,
792 2159 900 2193 non
926 2159 1087 2210 quem
1112 2141 1295 2192 fuerat
1321 2147 1597 2210 expertus.

61 2293 154 2328 Par.
179 2300 335 2346 prum,
363 2285 654 2346 parricidium
680 2286 955 2345 cogitatum,
987 2288 1305 2345 cognouisset,
1343 2293 1503 2331 senatu
1529 2290 1688 2331 coacto
1715 2298 1792 2329 ex-

111 2366 156 2400 30
177 2358 327 2416 posita
365 2370 499 2401 causa
533 2356 768 2401 criminum
806 2356 1047 2402 defendere
1085 2371 1132 2401 se
1168 2358 1380 2402 iuuenem
1416 2355 1571 2405 iussit,
1610 2361 1656 2400 et
1690 2356 1791 2414 ipse

177 2428 352 2486 primus
379 2426 520 2471 filium
558 2426 772 2471 absoluit.
833 2431 873 2473 2.
912 2425 960 2481 Q.
988 2426 1256 2472 Hortensius
1294 2432 1450 2471 orator
1475 2440 1575 2472 cum
1603 2424 1789 2470 haberet

177 2495 318 2542 filium
345 2495 489 2542 malae
515 2497 682 2547 famae,
711 2503 859 2542 tamen
887 2497 1108 2542 decedens
1135 2511 1235 2547 eum
1264 2498 1551 2557 potissimum
1578 2494 1686 2540 fecit
1711 2494 1788 2539 he·

177 2567 343 2612 redem.
406 2570 446 2612 3.
482 2565 530 2620 Q.
557 2565 747 2612 Fuluius
784 2581 884 2613 cum
911 2567 1202 2628 parricidium
1238 2566 1318 2612 filii
1351 2569 1398 2612 in
1424 2580 1474 2612 se
1500 2565 1789 2626 conpositum

293 2705 313 2742 1
338 2704 670 2756 suspitionibus
694 2703 733 2742 B
813 2706 838 2743 2
877 2707 1184 2756 spectataque
1206 2704 1247 2743 D
1265 2717 1335 2755 pr.
1358 2715 1419 2743 m:
1451 2704 1704 2754 spectaque
1725 2697 1786 2750 B,

178 2760 479 2811 inspectaque
503 2760 526 2799 b
551 2762 577 2800 3
599 2773 650 2801 m.
719 2762 746 2800 4
768 2761 989 2812 impetum
1011 2754 1068 2800 B'
1135 2762 1160 2800 9
1182 2763 1234 2799 ut
1253 2759 1296 2799 B
1316 2772 1430 2801 corr.
1454 2770 1513 2798 ex
1535 2760 1580 2797 et
1639 2757 1691 2795 13
1714 2767 1785 2794 su-

177 2815 418 2868 perfutura
440 2808 499 2854 B'
575 2818 627 2855 14
648 2816 828 2856 *editae
851 2817 893 2855 B
974 2817 1025 2857 15
1046 2816 1094 2855 in
1115 2815 1355 2856 tormentis
1377 2814 1424 2854 b:
1455 2811 1723 2853 intermenti
1744 2809 1789 2850 B

177 2873 231 2912 22
254 2872 306 2923 Q.
330 2872 392 2911 P:
417 2884 493 2913 om.
516 2871 558 2910 B
618 2874 671 2913 23
695 2872 868 2912 auxilio
891 2871 934 2912 B
994 2874 1047 2913 27
1069 2871 1296 2912 dominum
1318 2883 1394 2913 om.
1417 2869 1460 2908 B

291 2929 345 2968 29
363 2927 470 2979 fort.
496 2931 541 2968 et
562 2928 859 2980 parricidium
