1936 3120
150 131 256 183 402
839 137 938 183 LIB.
977 138 1081 183 VIII.

153 263 256 314 que
293 253 347 296 et
374 243 594 295 calculis
631 243 907 296 interdum
944 263 1172 298 uacasse
1212 245 1440 313 dicitur,
1482 264 1604 298 cum
1628 246 1769 300 bene

152 333 214 366 ac
243 313 376 364 diu'
363 331 484 364 iura
511 313 712 364 ciuium
738 325 786 366 et
811 315 1168 368 caerimonias
1191 315 1417 369 deorum
1425 286 1767 370 ordinasset.

152 392 211 435 ut
238 383 381 434 enim
406 383 463 434 in
489 384 653 436 rebus
681 385 836 437 seriis
866 384 1214 453 Scaeuolam,
1253 388 1332 438 ita
1356 386 1412 438 in
1439 386 1649 439 lusibus
1677 386 1768 438 ho-

148 456 348 505 minem
375 453 603 522 agebat,
642 473 802 524 quem
838 474 1019 508 rerum
1051 464 1248 508 natura
1282 457 1525 510 continui
1560 457 1767 510 laboris

107 538 127 570 5
151 524 451 594 patientem
477 542 596 575 esse
622 543 732 578 non
760 525 906 578 sinit.

256 598 375 646 Ext.
410 596 452 649 1
493 593 667 683 quue
692 595 864 661 uidit,
902 597 989 648 cui
1015 595 1165 648 nulla
1189 614 1318 667 pars
1346 597 1647 667 sapientiae·
1673 597 1766 650 ob-

151 682 309 716 scura
334 664 467 731 fuit,
497 663 777 731 SocrateS,
806 665 1040 747 ideoque
1065 684 1174 718 non
1201 667 1421 719 erubuit
1447 675 1604 734 tunc,
1645 685 1768 719 cum

148 735 477 804 interposita
526 736 835 788 harundine
888 736 1139 789 cruribus
1191 737 1302 788 suis
1356 755 1476 788 cum
1519 737 1766 808 paruulis

149 804 331 858 filiolis
359 804 556 857 ludens
587 806 656 858 ab
684 806 976 859 Alcibiade
1002 809 1156 858 uisus
1185 815 1284 859 est.

87 891 127 921 10
255 875 306 927 2.
346 874 617 927 Homerus
645 895 893 947 quoque,
933 876 1139 946 ingenii
1166 875 1419 930 caelestis
1446 884 1631 944 uateS,
1658 894 1770 929 non

150 945 298 998 aliud
326 946 515 1012 sensit,
543 945 1041 1000 uehementissimis
1070 947 1302 999 Achillis
1329 947 1582 1000 manibus
1611 965 1768 999 cano-

147 1035 236 1068 ias
263 1016 398 1068 fides
427 1016 693 1086 aptando,
722 1026 783 1069 ut
810 1036 997 1070 earum
1023 1018 1258 1069 militare
1285 1018 1452 1071 robur
1477 1017 1587 1070 leni
1614 1018 1766 1088 pacis

149 1087 331 1139 studio
359 1086 654 1140 relaxaret.

267 1226 459 1279 VIIII.
503 1231 787 1289 QVANTA
835 1232 950 1282 VIS
985 1232 1101 1280 SIT
1135 1214 1645 1290 ELOQVENTIAE.

83 1341 125 1374 15
254 1326 561 1377 Potentiam
587 1345 718 1379 uero
748 1326 1094 1397 eloquentiae
1131 1327 1234 1379 etsi
1256 1326 1554 1407 plurimum
1581 1325 1768 1378 ualere

148 1395 665 1462 animaduertimUS,
705 1405 889 1448 tamen
925 1399 1027 1450 sub
1063 1397 1298 1479 propriis
1328 1397 1624 1477 exempliS,
1658 1415 1766 1467 quo

148 1465 356 1519 scilicet
389 1467 535 1517 uires
575 1467 689 1518 eius
727 1469 1038 1520 testatiores
1075 1467 1238 1534 fiant,
1283 1467 1604 1536 recognosci
1643 1485 1766 1520 con-

145 1537 314 1591 uenit.
861 1575 864 1578 ⁴

205 1667 208 1670 Α
260 1609 306 1658 1.
346 1606 590 1675 Regibus
645 1609 851 1659 exactis
902 1607 1057 1677 plebs
1110 1607 1383 1660 dissidens
1435 1626 1468 1659 a
1515 1606 1766 1677 patribus

85 1692 127 1724 20
150 1679 308 1729 iuxta
333 1676 512 1746 ripam
537 1677 777 1728 fluminis
807 1678 1079 1729 Anienis*
1066 1697 1123 1729 1n
1150 1677 1314 1743 colle,
1352 1679 1445 1748 qui
1481 1695 1637 1729 sacer
1674 1695 1767 1746 ap

146 1746 410 1829 pellatur
450 1755 661 1799 armata
689 1748 962 1814 consedit,
1000 1757 1225 1829 eratque
1251 1767 1360 1800 non
1386 1747 1562 1801 solum
1589 1746 1766 1800 defor-

147 1819 279 1885 11118,
318 1787 413 1869 sed
445 1818 607 1869 etiam
632 1818 969 1870 miserrimus
998 1819 1076 1870 rei
1101 1818 1355 1889 publicae
1383 1826 1586 1885 statUS,
1623 1836 1656 1870 a
1682 1835 1766 1870 ca—

147 1890 260 1968 pite
287 1889 403 1940 eius
433 1896 616 1940 ceteia
640 1897 796 1959 parte
824 1890 1067 1959 corporis
1104 1888 1366 1959 pestifera
1393 1888 1660 1941 seditione
1688 1887 1766 1940 di-

146 1977 285 2011 ulsa.
338 1976 401 2010 ac
425 1959 482 2009 ni
508 1959 697 2012 Valeii
725 1960 1074 2012 subuenisset
1100 1958 1435 2030 eloquentia,
1463 1977 1597 2040 spes
1625 1959 1768 2010 tanti

83 2042 125 2075 25
147 2028 362 2098 imperii
386 2030 445 2080 in
470 2030 591 2100 ipso
618 2048 792 2100 paene
821 2040 945 2083 ortu
971 2048 1066 2082 suo
1094 2031 1409 2082 corruisset.
1459 2029 1506 2080 is
1533 2046 1767 2098 namque

147 2098 411 2170 populum
434 2117 580 2151 noua
605 2108 658 2152 et
678 2100 899 2152 insolita
921 2099 1176 2152 libertate
1194 2107 1396 2151 temere
1418 2098 1764 2167 gaudentem,

33 2240 125 2278 Par.
262 2234 299 2277 l.
339 2212 551 2276 Socrates
587 2233 860 2292 interposita
887 2231 1139 2276 harundine
1167 2231 1374 2276 cruribus
1409 2231 1507 2276 suis
1535 2243 1635 2276 cum
1662 2245 1766 2291 par-

147 2303 266 2349 uolis
294 2301 399 2346 filiis
426 2301 589 2347 ludens
617 2302 671 2348 ab
698 2302 929 2348 Alcibiade
955 2303 1084 2347 uisus
1113 2309 1197 2346 est.

256 2372 293 2427 Q
309 2372 523 2418 VANTA
561 2372 668 2419 VIS
684 2373 763 2418 IN
783 2372 952 2427 ELOQ
969 2372 1215 2418 VENTIA
1241 2372 1334 2417 ET
1350 2370 1765 2417 PRONVNTIA-

82 2454 124 2487 30
153 2444 371 2490 TIONE.
435 2447 475 2489 1.
514 2443 713 2504 Regibus
751 2445 917 2489 exactis
953 2444 1083 2504 plebs
1119 2443 1344 2488 dissidens
1381 2457 1404 2487 a
1430 2442 1636 2506 patribus
1664 2457 1765 2488 cum

150 2515 441 2564 secessisset,
481 2529 504 2559 a
538 2515 744 2560 Menenio
772 2516 974 2575 Agrippa
1012 2515 1065 2560 ad
1103 2514 1287 2559 meliora
1325 2513 1515 2558 consilia
1550 2520 1765 2558 reuocata

263 2654 283 2692 1
319 2655 412 2693 et**
436 2652 632 2692 calculis
655 2652 697 2691 B
775 2653 800 2691 2
844 2652 1014 2692 ciuium
1037 2651 1312 2692 cerimonias
1333 2651 1376 2690 B
1453 2652 1480 2691 3
1515 2649 1564 2690 in
1585 2649 1765 2690 lusibus

154 2710 316 2749 Vahlen
339 2708 461 2758 (mus.
484 2710 604 2749 rhen.
631 2709 713 2755 XI,
737 2708 867 2759 592):
898 2709 946 2748 in
968 2708 1121 2748 scelus
1154 2707 1323 2765 (sceuis
1345 2706 1387 2756 b)
1419 2705 1596 2746 lusibus
1617 2705 1659 2744 B
1737 2705 1764 2744 8

146 2765 403 2806 harundine
425 2765 561 2805 Phr.-
584 2778 648 2804 ar.
670 2765 712 2804 B
772 2767 797 2805 9
817 2767 869 2804 A.
893 2765 1019 2804 uisus
1033 2752 1104 2804 Pb
1127 2771 1168 2804 et
1184 2752 1456 2804 Perizonius:
1489 2761 1664 2804 alcibia
1685 2759 1764 2800 de-

147 2822 266 2862 risus
287 2821 329 2860 B
393 2823 443 2861 11
468 2822 584 2861 aliut
605 2815 766 2861 B'14
789 2821 1016 2872 QVINTA
1036 2821 1079 2860 B
1138 2823 1192 2861 20
1216 2819 1335 2861 collo
1355 2818 1397 2858 B
1446 2820 1501 2859 24
1521 2817 1673 2858 ualeri
1696 2816 1763 2856 Β·

142 2879 249 2928 l'ort.
274 2878 462 2918 Meneni
481 2878 537 2928 cf.
560 2878 602 2916 P

262 2936 315 2974 29
337 2933 433 2975 VIS
456 2932 893 2984 ELOQVENTIAE
923 2933 965 2972 V
