1936 3120
326 3 408 38 λψς,
427 19 430 26 ,
449 3 543 30 1,,,1
569 0 748 38 χρῃηεω
775 0 1221 33 pam—wa»
1259 5 1261 10 .
1285 0 1317 15 ἐκ
1348 0 1370 3 -ν
1390 0 1439 10 -w
1517 0 1557 15 rt.
1580 0 1583 2 ·
1603 0 1694 15 ..-,--
1718 0 1754 11 «Ν.
1773 0 1789 10 >-
1812 6 1827 14 ,.
1844 0 1856 5 ⁷-
1908 11 1910 13 .

414 39 432 49 »-
467 31 481 42 ·.
501 28 532 48 ’.3,
599 30 652 42 ,ια’
691 47 694 48 γ
745 40 749 41 .
795 42 799 43 ⁷
822 34 829 45 ,
899 29 903 32 ⁴
924 36 942 43 -
1063 29 1065 31 ·

594 116 712 164 CAP.
739 117 866 170 xnn,
904 117 1001 164 Ext.
1030 83 1060 178 3
1088 121 1226 163 1-5,
1261 119 1349 164 xv.
1677 113 1781 166 421

162 224 443 280 uolumine
469 224 800 295 quibusdam
826 225 991 278 rebus
1017 225 1304 292 insistens,
1372 224 1550 278 lanius
1580 225 1688 279 sibi
1715 226 1783 279 de

162 296 247 348 his
273 296 331 347 in
357 295 683 349 Theodectis
712 295 867 349 libris
898 294 1106 348 dictum
1132 314 1251 347 esse
1278 244 1496 348 asiiecit.
1566 295 1672 347 nisi
1697 315 1784 349 me

163 374 351 420 tantae
387 373 441 419 et
475 374 589 418 tam
622 364 733 418 late
768 365 1008 436 patentis
1047 365 1307 418 scientiae
1343 362 1680 419 uerecundia
1705 375 1781 419 te-

163 445 332 503 neret,
362 436 599 489 dicerem
620 435 846 504 dignum
867 434 1270 506 philosophum,
1293 436 1445 488 cuius
1467 435 1783 489 stabiliendi

164 525 343 562 mores
371 505 582 559 altioris
612 506 782 558 animi
808 505 1132 576 philosopho
1161 507 1523 559 traderentur.
1803 523 1826 555 5
1900 516 1902 518 ’

270 575 526 630 Ceterum
551 575 728 646 gloria
748 594 815 628 ne
837 576 905 629 ab
926 576 995 628 iis
1023 576 1262 647 quidem,
1291 576 1381 647 qui
1407 585 1782 647 contemptum

164 649 280 700 eius
307 645 656 700 introducere
683 655 975 714 conantur,
1012 646 1347 716 neglegitur,
1384 648 1640 718 quoniam
1667 647 1781 718 qui-

165 719 290 771 dem
317 718 453 788 ipsis
489 716 859 770 uoluminibus
887 717 1109 770 nomina
1148 737 1248 770 sua
1286 717 1579 787 diligenter
1617 716 1781 770 adici-

161 797 290 856 unt,
331 796 392 841 ut
417 787 565 859 quod
590 788 934 858 professione
962 787 1177 841 eleuant
1200 789 1555 859 usurpatione
1579 806 1780 842 memo-

162 861 276 911 riae
304 859 692 930 adsequantur.
745 859 840 911 sed
867 858 1279 930 qualiscumque
1304 858 1501 912 horum
1529 857 1779 911 dissimu—
1802 875 1847 907 10

161 929 295 983 latio
331 930 614 1000 proposito
649 928 867 982 illorum
903 929 1063 998 longe
1099 929 1464 997 tolerabilior,
1504 930 1623 1000 qui,
1653 930 1781 991 dum

163 1008 443 1053 aeternam
468 1000 786 1052 memoriam
814 999 1261 1071 adsequerentur,
1291 1000 1458 1053 etiam
1484 999 1781 1053 sceleribus

162 1071 502 1124 innotescere
529 1088 638 1122 non
665 1070 1003 1123 dubitarunt.

267 1142 318 1194 4.
360 1142 608 1207 Quorum
637 1160 664 1193 e
691 1159 915 1194 numero
952 1141 1136 1194 nescio
1175 1160 1245 1193 an
1270 1142 1327 1192 in
1359 1141 1550 1211 primis
1577 1141 1780 1194 Pausa-

162 1213 283 1264 nias
313 1211 512 1265 debeat
526 1211 748 1264 (referri.
823 1230 951 1263 nam
979 1230 1100 1263 cum
1125 1211 1459 1265 Hermoclen
1495 1219 1780 1282 perconta·
1803 1226 1848 1259 15

160 1291 248 1335 tus
278 1291 423 1335 esset
450 1300 687 1353 quonam
714 1282 875 1335 modo
906 1282 1087 1335 subito
1126 1281 1304 1334 clarus
1332 1290 1520 1352 posset
1547 1282 1780 1335 euadere

162 1362 218 1406 at
258 1371 327 1405 ue
353 1353 399 1405 is
425 1353 820 1422 respondisset,
850 1353 895 1404 si
922 1352 1158 1423 aliquem
1182 1351 1470 1406 inlustrem
1495 1355 1675 1405 uirum
1696 1370 1781 1405 oc-

162 1372 410 1490 cidisset,
437 1423 684 1476 futurum
709 1431 772 1476 ut
796 1423 973 1492 gloria
1000 1424 1115 1475 eius
1141 1423 1212 1475 ad
1230 1423 1411 1494 ipsum
1430 1422 1780 1489 redundaret,

163 1495 421 1548 continuo
459 1493 774 1565 Philippum
811 1494 1119 1560 interemit,
1160 1502 1218 1558 ,et
1252 1493 1473 1565 quidem
1510 1494 1656 1564 quod
1690 1511 1780 1564 pe-

161 1564 325 1616 tierat
359 1563 651 1616 adsecutus
689 1572 795 1617 est:
856 1574 967 1617 tam
1005 1564 1149 1616 enim
1185 1583 1242 1616 se
1276 1564 1572 1634 parricidio
1617 1582 1780 1634 quam
1804 1578 1848 1611 20

161 1633 446 1704 Philippus
474 1635 678 1687 uirtute
705 1643 897 1687 notum
923 1634 1156 1704 posteris
1185 1635 1439 1687 reddidit.

268 1705 319 1758 5.
358 1703 462 1757 Illa
486 1723 616 1757 uero
644 1705 852 1772 gloriae
879 1705 1149 1775 cupiditas
1180 1704 1463 1773 sacrilega.
1523 1706 1777 1756 inuentus

162 1782 246 1828 est
290 1775 433 1827 enim
478 1775 571 1845 qui
614 1775 829 1828 Dianae
865 1775 1138 1845 Ephesiae
1183 1774 1445 1844 templum
1489 1773 1779 1825 incendere

159 1842 354 1911 uellet,
392 1842 457 1897 ut
492 1863 654 1915 opere
689 1844 1054 1915 pulcherrimo
1091 1851 1412 1914 consumpto
1439 1861 1636 1896 nomen
1661 1843 1776 1895 eius

160 1934 258 1986 per
292 1923 470 1969 totum
508 1916 786 1968 terrarum
815 1915 1002 1967 orbem
1039 1914 1413 1966 dissiceretur:
1466 1932 1627 1983 quem
1661 1913 1775 1983 qui·
1799 1926 1843 1960 25

161 1987 284 2039 dem
327 1985 525 2038 mentis
570 1985 811 2038 furorem
854 1983 1037 2037 eculeo
1088 1984 1357 2055 inpositus
1411 1983 1640 2036 detexit.
1715 2001 1779 2035 ac

159 2057 299 2111 bene
326 2055 714 2110 consuluerant
739 2055 787 2107 E
829 2055 968 2107 hesii
994 2056 1211 2108 decreto
1242 2054 1561 2108 memoriam
1580 2061 1778 2106 taeter-

158 2128 286 2180 rimi
310 2127 548 2180 hominis
577 2075 877 2192 abolendb,
919 2126 1027 2178 nisi
1053 2125 1394 2195 Theopompi
1430 2142 1663 2193 magnae
1699 2124 1778 2176 fa-

161 2198 392 2251 cundiae
419 2198 702 2267 ingenium
727 2196 972 2250 historiis
995 2215 1118 2247 eum
1139 2197 1251 2248 suis
1275 2194 1775 2266 conprehendisset.

160 2365 288 2417 XV.
333 2369 526 2427 QVAE
555 2369 827 2426 CVIQVE
858 2368 1250 2418 MAGNIFICA
1286 2366 1777 2416 CONTIGERINT.
1804 2377 1847 2410 30

266 2462 529 2517 Candidis
556 2470 739 2515 autem
767 2462 964 2514 animis
986 2461 1321 2532 uoluptatem
1342 2462 1697 2532 praebuerint
1721 2462 1779 2512 in

160 2534 452 2605 conspicuo
479 2533 660 2602 posita
685 2551 824 2603 quae
850 2533 1044 2603 cuique
1072 2531 1366 2601 magnifica
1392 2531 1589 2584 merito
1613 2530 1781 2584 conti-

276 2693 300 2733 5
325 2690 514 2732 altiores
539 2703 579 2730 a.
604 2703 649 2743 p.
672 2689 933 2730 traderetur
952 2683 1007 2729 B'
1081 2690 1106 2728 6
1127 2689 1185 2729 iis
1207 2689 1273 2728 E:
1304 2688 1375 2729 his
1395 2688 1437 2728 B
1517 2690 1543 2729 9
1574 2687 1735 2729 leuant
1757 2687 1783 2728 b

160 2751 216 2790 520
244 2752 338 2788 tam
363 2748 482 2788 enim
505 2746 553 2786 b:
586 2743 682 2787 tam
708 2745 899 2798 (tamen)
923 2745 988 2794 B,
1021 2749 1114 2786 tam
1138 2745 1212 2785 alii
1288 2746 1340 2784 21
1372 2745 1545 2785 uirtute
1575 2745 1732 2785 fuerat
1754 2743 1781 2784 b

158 2808 213 2847 23
236 2804 343 2858 quid
365 2800 418 2844 B'
478 2805 532 2844 25
554 2803 888 2843 diffunderetur
909 2804 1014 2843 dett.
1076 2803 1129 2842 27
1152 2801 1378 2842 teterrimi
1398 2801 1594 2841 hominis
1616 2800 1778 2840 inabo-

158 2861 294 2902 leudo
318 2860 361 2901 B
440 2862 494 2901 30
532 2858 966 2900 CONTIGERVNT
989 2858 1053 2906 B,
1087 2871 1160 2898 em.
1185 2871 1206 2898 e
1228 2858 1270 2897 P
1345 2859 1398 2899 32
1436 2857 1730 2909 contigerunt
1752 2854 1777 2894 b

160 2918 276 2958 haud
292 2919 380 2958 scio
404 2930 457 2957 an
480 2922 596 2957 recte
