1936 3120
62 75 72 81 ᾖ
99 49 169 78 ,ῥ’-και
186 61 209 76 ³5
351 43 362 53 '⁴

670 111 790 158 CAP.
819 111 903 163 Vll,
939 113 1038 158 Ext.
1066 111 1105 170 S
1123 114 1261 158 3—7.
1679 108 1781 159 397

160 219 544 291 disputaturus
580 218 860 273 helleboro
900 238 958 272 se
994 228 1121 272 ante
1156 220 1432 290 purgabat
1475 219 1546 272 ad
1590 238 1783 290 expro-

157 289 419 343 mendum
452 290 734 359 ingenium
770 309 929 343 suum
965 291 1243 343 adtentius
1272 299 1326 343 et
1350 289 1497 342 illius
1535 290 1784 343 refellen-

162 362 293 415 dum
329 361 527 413 acriuS.
591 380 725 431 quas
760 361 1013 432 potiones
1049 361 1324 414 industria
1360 361 1567 414 solidae
1602 361 1785 416 laudis

162 431 377 503 cupidis
405 430 747 501 adpetendas
775 432 977 484 effecit!

268 502 319 555 6.
360 501 526 568 Quali
560 521 723 572 porro
762 503 945 554 studio
973 503 1351 571 Anaxagoran
1375 503 1643 572 flagrasse
1670 521 1781 555 cre·
1805 521 1826 553 5

163 573 384 626 dimus?
422 573 517 643 qui
543 590 666 625 cum
683 592 711 625 e
735 573 949 626 diutina
973 574 1414 643 peregrinatione
1440 574 1678 644 patriam
1705 592 1785 626 re-

159 644 395 716 petisset
429 645 915 714 possessionesque
949 645 1193 697 desertas
1230 644 1490 710 uidisset,
1540 651 1670 697 enon
1705 664 1787 697 es-

163 722 296 767 sem’
323 714 504 785 inquit
530 717 652 784 ‘ego
681 715 894 778 saluus,
935 715 1042 767 nisi
1065 716 1207 768 istae
1232 717 1546 785 perissent’.
1596 734 1789 768 uocem

161 786 370 856 petitae
398 785 702 855 sapientiae
728 789 1062 856 compotem!
1103 805 1230 838 nam
1251 787 1297 838 si
1316 786 1668 857 praediorum
1693 805 1788 856 po-

161 857 272 909 tius
302 874 468 926 quam
493 856 699 925 ingenii
729 855 977 909 culturae
1005 867 1287 923 uacasset,
1318 857 1572 910 dominus
1599 857 1679 908 rei
1707 857 1787 908 fa-
1813 877 1855 906 10

162 925 394 978 miliaris
420 927 567 978 intra
592 936 818 997 penates
846 928 1163 993 mansisset,
1203 947 1315 980 non
1350 936 1536 980 tantus
1565 928 1788 980 Anaxa-

165 1016 328 1068 goras
358 996 430 1049 ad
457 1015 547 1049 eos
574 997 824 1053 redisset.

275 1070 324 1120 7.
389 1067 735 1120 Archimedis
797 1088 1011 1140 quoque
1069 1070 1411 1122 fructuosam
1459 1069 1791 1121 industriam

164 1139 338 1191 fuisse
373 1137 638 1206 dicerem,
676 1139 782 1191 nisi
819 1140 1008 1192 eadem
1045 1139 1126 1190 illi
1160 1150 1214 1193 et
1252 1140 1496 1193 dedisset
1529 1140 1702 1193 uitam
1739 1148 1792 1191 et

169 1209 510 1277 abstulisset.
563 1211 738 1280 captis
779 1212 922 1262 enim
949 1210 1238 1281 Syracusis
1266 1210 1559 1264 Marcellus
1588 1209 1792 1262 machi·
1817 1229 1858 1259 15

131 1331 135 1337 ,
165 1280 483 1333 nationibus
513 1282 629 1333 eius
666 1280 899 1333 multum
934 1300 998 1333 ac
1026 1281 1121 1332 diu
1146 1282 1437 1334 uictoriam
1474 1301 1629 1333 suam
1655 1281 1791 1332 inhi-

165 1352 343 1405 bitam
371 1360 632 1403 senserat.
685 1352 888 1404 eximia
914 1360 1098 1403 tamen
1123 1352 1360 1404 hominis
1388 1352 1683 1420 prudentia
1704 1351 1792 1404 de-

167 1422 422 1488 lectatus,
451 1431 512 1474 ut
538 1423 706 1492 capiti
732 1422 878 1474 illius
907 1432 1228 1493 parceretur
1254 1424 1447 1489 edixit,
1475 1442 1650 1493 paene
1677 1431 1793 1474 tan-

167 1501 287 1545 tum
322 1492 530 1561 gloriae
572 1493 629 1544 in
664 1493 996 1546 Archimede
1042 1503 1261 1547 seruato
1303 1503 1571 1563 quantum
1606 1494 1663 1543 in
1703 1512 1794 1563 op·
1904 1535 1907 1539 «

168 1563 373 1634 pressis
429 1563 717 1634 Syracusis
774 1583 1064 1634 reponens.
1141 1575 1198 1617 at
1242 1566 1287 1616 is
1336 1565 1465 1615 dum
1509 1564 1689 1616 animo
1742 1572 1796 1615 et
1819 1583 1860 1614 ρο

172 1631 341 1686 oculis
378 1634 438 1684 in
472 1642 621 1686 terra
657 1635 852 1686 defixis
889 1634 1096 1687 formas
1137 1635 1426 1700 describit,
1464 1635 1654 1700 militi,
1703 1634 1796 1703 qui

170 1703 478 1775 praedandi
514 1705 694 1773 gratia
731 1706 955 1757 domum
990 1705 1274 1775 inruperat
1302 1708 1602 1774 strictoque
1632 1722 1796 1774 super

171 1783 338 1844 caput
363 1773 548 1843 gladio
577 1776 830 1844 quisnam
857 1784 1002 1827 esset
1025 1776 1429 1844 interrogabat,
1468 1783 1692 1844 propter
1717 1774 1795 1824 ni-

170 1846 337 1897 miam
373 1846 731 1915 cupiditatem
770 1845 1145 1914 inuestigandi
1181 1846 1330 1916 quod
1364 1845 1680 1916 requirebat
1703 1863 1795 1895 no-

178 1935 303 1968 men
330 1935 487 1968 suum
515 1916 761 1968 indicare
787 1935 896 1969 non
923 1918 1119 1986 potuit,
1149 1918 1244 1968 sed
1271 1925 1516 1987 protecto
1543 1916 1795 1967 manibus
1820 1934 1861 1964 25

175 1986 403 2057 puluere
442 1985 594 2039 ‘noli’
631 1987 811 2058 inquit
851 1989 1099 2040 eobsecro
1137 1988 1305 2040 istum
1344 1987 1694 2051 disturbare’,
1734 2005 1797 2038 ac

174 2135 231 2180 ad
257 2134 613 2195 expromendum
641 2136 877 2195 ingenium
906 2150 1053 2181 suum.
1130 2138 1170 2179 6.
1209 2137 1499 2194 Anaxagoras
1538 2134 1794 2179 studiorum
1818 2145 1910 2178 Par.

177 2219 311 2251 causa
338 2207 683 2266 peregrinatus,
727 2207 1091 2269 tandein-patria
1120 2208 1313 2265 repetita
1350 2207 1667 2266 possessiones
1695 2219 1799 2249 suas

176 2276 380 2321 desertas
418 2275 534 2320 uidit
570 2284 615 2321 et
651 2276 762 2322 ‘non
792 2291 938 2322 essem
966 2276 1072 2337 ego'
1113 2279 1263 2336 inquit
1301 2278 1494 2326 esaluus,
1534 2279 1570 2321 si
1599 2277 1679 2320 liae
1707 2290 1797 2320 non

177 2347 421 2406 perissent.
464 2351 503 2389 7.
532 2346 772 2391 Marcellus
799 2351 945 2406 captis
974 2346 1211 2406 Syracusis
1246 2362 1347 2391 cuin
1375 2349 1516 2391 uitam
1547 2345 1800 2391 Archimedi
1826 2355 1866 2386 30

179 2418 497 2465 concessisset,
513 2416 587 2460 ille
601 2418 720 2461 inter
734 2418 976 2461 tuinultum
991 2418 1158 2462 formas
1174 2418 1389 2476 quasdam
1403 2417 1681 2464 describens,
1701 2431 1800 2460 cuni

180 2493 304 2531 esset
321 2486 550 2531 adtentior
570 2488 878 2546 inuestigandi
903 2488 1150 2546 cupiditate
1171 2488 1293 2547 quod
1314 2487 1589 2547 requirebat,
1619 2487 1802 2531 domum

181 2558 279 2602 eius
308 2556 585 2601 intrantibus
615 2564 664 2601 ut
690 2556 808 2602 bona
838 2558 1103 2617 diriperent,
1137 2559 1447 2617 interrogatus
1476 2557 1528 2601 ab
1557 2571 1648 2601 uno
1678 2558 1802 2616 quis-

299 2696 318 2733 1
345 2694 548 2734 elleboro
570 2716 628 2722 —-
651 2695 992 2746 exprimendum
1014 2695 1069 2739 B,
1095 2708 1169 2736 em.
1192 2707 1214 2734 e
1236 2696 1277 2734 P
1353 2698 1378 2735 5
1398 2694 1630 2746 fraglasse
1653 2687 1714 2733 B'
1780 2695 1804 2733 6

191 2764 214 2791 e
241 2752 302 2802 Γ.·
335 2765 410 2793 om.
435 2751 490 2797 B,
516 2755 615 2802 post
637 2750 816 2790 diutina
836 2749 1207 2803 peregrinatione
1229 2751 1251 2790 b
1278 2748 1310 2804 Η
1352 2750 1505 2801 diuina
1527 2745 1581 2790 B'
1642 2753 1666 2790 9
1689 2753 1804 2802 poti-

186 2811 266 2848 tae
289 2807 312 2847 b
375 2810 426 2847 12
451 2807 509 2846 ad
531 2807 640 2846 deos
663 2807 686 2846 b
737 2809 791 2847 20
813 2809 1046 2859 syracusis
1069 2808 1138 2847 his
1160 2803 1215 2846 B'
1236 2815 1281 2847 ut
1301 2810 1469 2848 uidetur
1519 2809 1572 2848 25
1595 2812 1802 2860 protecto

190 2865 379 2904 Vahlen.-
410 2866 616 2918 proiecto
642 2864 689 2907 P,
714 2868 946 2916 protracto
970 2864 1011 2903 B

298 2923 350 2960 31
377 2921 597 2960 cessisset
627 2920 667 2959 V
