1878 3132
187 165 255 218 96
896 166 997 211 LlB.
1035 166 1082 211 ΙΙ.

188 278 352 330 simas
388 292 648 345 personas
684 279 739 325 et
774 279 959 325 actum
994 280 1048 326 et
1082 290 1371 326 excussum
1396 279 1497 325 est.
1547 271 1609 325 C.
1634 271 1800 325 Luta-

186 350 296 401 tius
333 344 523 398 consul
557 351 611 395 et
638 343 705 409 Q.
731 342 986 396 Valerius
1021 351 1241 414 praetor
1273 342 1420 395 circa
1444 341 1688 395 Siciliam
1721 341 1800 394 in·

188 418 398 486 signem
423 416 733 468 Poenorum
767 413 995 467 classem
1034 414 1367 467 deleuerant.
1442 431 1548 484 quo
1583 411 1800 466 nomine
1860 446 1861 449 =

186 487 406 539 Lutatio
453 483 661 538 consuli
706 483 1041 555 triumphum
1081 493 1302 537 senatus
1339 483 1599 536 decreuit.
1677 500 1802 535 cum

146 571 167 604 5
190 564 370 610 autem
396 553 651 608 Valerius
679 554 786 607 sibi
811 572 917 625 quo
957 574 1024 607 ue
1051 573 1174 607 eum
1201 553 1422 607 decerni
1447 552 1799 619 desideraret,

186 626 411 695 negauit
435 624 494 677 id
514 625 637 678 fieri
657 633 906 695 oportere
975 625 1197 691 utatiuS,
1224 642 1293 676 ne
1313 624 1372 675 in
1388 623 1590 677 honore
1616 626 1803 676 trium-

186 696 282 769 phi
307 697 482 749 minor
506 703 750 766 potestas
775 696 969 748 maiori
994 703 1336 766 aequaretur,
1362 694 1803 764 pertinaciusque

186 785 479 839 progressa
516 767 864 820 contentione
898 765 1156 818 Valerius
1200 766 1489 836 sponsione
1520 763 1804 817 Lutatium

186 838 540 908 prouocauit,
591 836 649 887 ni
695 856 792 889 suo
833 837 999 890 ductu
1032 836 1240 889 Punica
1286 833 1476 887 classis
1524 840 1669 887 esset
1712 850 1803 903 op-

124 923 167 954 10
188 926 407 979 pressa,
456 925 556 959 nec
602 906 879 960 dubitauit
922 905 1237 977 restipulari
1270 905 1546 958 Lutatius,
1619 905 1806 974 itaque

130 1043 134 1045 μ
186 978 356 1031 iudex
380 979 521 1030 inter
541 995 633 1030 eos
656 978 908 1029 conuenit
929 975 1134 1029 Atilius
1155 974 1450 1043 Calatinus,
1477 973 1625 1046 apud
1643 991 1804 1045 quem

187 1048 444 1101 Valerius
470 1048 528 1099 in
552 1047 696 1099 hunc
721 1047 942 1099 modum
970 1047 1106 1116 egit,
1143 1045 1422 1100 consulem
1448 1064 1512 1098 ea
1536 1062 1721 1116 pugna
1745 1043 1804 1094 in

189 1118 384 1171 lectica
420 1116 673 1169 claudum
698 1117 958 1184 iacuisse,
998 1137 1053 1170 se
1081 1125 1263 1169 autem
1299 1116 1549 1170 omnibus
1574 1115 1802 1185 impera-

188 1189 344 1242 toriis
381 1188 626 1258 partibus
653 1188 918 1240 functum.
979 1197 1108 1241 tunc
1136 1186 1419 1240 Calatinus
1454 1186 1605 1256 prius
1641 1202 1805 1255 quam

124 1271 167 1304 15
188 1258 445 1311 Lutatius
491 1276 711 1310 causam
755 1277 910 1310 suam
954 1257 1251 1325 ordiretur,
1305 1261 1562 1328 ‘quaero'
1607 1254 1804 1325 inquit,

190 1328 409 1381 ‘Valeri
421 1368 435 1395 ,
483 1337 622 1395 ate,
669 1329 714 1380 si
750 1327 1122 1381 dimicandum
1146 1346 1313 1381 necne
1349 1334 1494 1379 esset
1518 1324 1806 1378 contrariis

187 1401 331 1452 inter
356 1416 453 1451 uos
484 1398 768 1451 sententiis
798 1398 1167 1451 dissedissetis
1182 1439 1196 1465 ,
1234 1405 1416 1450 utrum
1443 1396 1589 1468 quod
1615 1393 1807 1450 consul

189 1489 261 1522 an
295 1468 441 1539 quod
466 1476 686 1538 praetor
719 1469 1043 1539 imperasset
1076 1470 1252 1521 maius
1288 1468 1603 1521 habiturum
1639 1466 1808 1518 fuerit

190 1539 597 1592 momentum?'
636 1539 922 1610 respondit
945 1538 1197 1592 Valerius
1234 1557 1345 1592 non
1378 1540 1561 1591 facere
1589 1556 1646 1590 se
1681 1555 1803 1590 con-

126 1625 170 1657 20
191 1610 518 1663 trouersiam
555 1610 686 1680 quin
721 1610 931 1680 priores
958 1618 1143 1681 partes
1173 1607 1408 1662 consulis
1444 1615 1624 1661 essent
1659 1605 1827 1679 futu-.

189 1698 300 1734 rae.
361 1685 490 1749 eage
526 1679 752 1732 deinde'
788 1681 966 1751 inquit
1001 1679 1309 1747 Calatinus,
1349 1679 1427 1730 ‘si
1463 1678 1680 1731 diuersa
1714 1694 1805 1729 au-

191 1750 364 1821 spicia
400 1750 779 1820 accepissetiS‚
819 1751 972 1803 cuius
999 1751 1176 1820 magis
1212 1749 1460 1822 auspicio
1496 1747 1803 1802 staretur?'

191 1822 381 1872 eitem'
408 1819 691 1890 respondit
716 1820 969 1874 Valerius
998 1820 1313 1874 ‘consulis'.
1368 1820 1507 1872 ‘iam
1530 1817 1803 1872 hercules'

189 1891 385 1961 inquit,
415 1898 559 1942 ‘cum
580 1889 646 1942 de
666 1892 894 1962 imperio
919 1899 972 1944 et
993 1891 1236 1962 auspicio
1257 1892 1400 1944 inter
1418 1907 1516 1942 uos
1539 1889 1804 1959 discepta-

127 1974 168 2007 25
191 1962 398 2014 tionem
435 1962 767 2031 susceperim
804 1970 856 2014 et
882 1970 943 2014 tu
967 1970 1198 2032 utroque
1238 1961 1616 2013 aduersarium
1651 1968 1806 2022 tuum

192 2032 526 2102 superiorem
571 2031 742 2083 fuisse
783 2031 1036 2098 fatearis„
1083 2031 1220 2083 nihil
1264 2038 1347 2083 est
1391 2029 1536 2099 quod
1577 2027 1804 2081 ulterius

76 2154 168 2191 Par.
195 2150 451 2209 occisorum
473 2155 549 2194 aut
570 2151 838 2194 amIssorum
857 2149 1052 2194 militum
1075 2148 1237 2195 falsum
1258 2162 1492 2194 numerum
1513 2147 1803 2194 indicassent.

192 2225 232 2264 2.
254 2219 297 2264 C.
312 2219 519 2264 Lutatius
534 2232 625 2264 cos.
646 2225 690 2264 et
705 2217 967 2273 Q.Valerius
988 2227 1174 2279 praetor
1186 2233 1287 2265 cum
1308 2220 1532 2278 insignem
1543 2218 1803 2264 Poenorum

194 2288 389 2335 classem
414 2288 664 2339 delessent,
702 2295 809 2349 post
835 2290 1113 2349 triumphum
1139 2289 1306 2335 Lutatii
1344 2296 1389 2334 et
1415 2288 1588 2334 Valerio
1617 2288 1705 2334 sibi
1732 2289 1803 2333 ius

130 2369 173 2402 30
197 2360 413 2420 triumphi
439 2359 715 2419 postulante,
742 2359 922 2405 Lutatio
950 2360 1162 2420 petitioni
1189 2359 1446 2423 resistente,
1474 2358 1606 2404 iudex
1630 2357 1803 2404 electus

192 2430 357 2475 Atilius
392 2429 624 2475 Calatinus
662 2443 764 2476 cum
799 2431 1153 2491 interrogasset,
1200 2431 1328 2476 cuius
1366 2429 1581 2490 auspiciis
1618 2427 1695 2473 illo
1733 2428 1803 2473 die

192 2507 446 2561 pugnatum
482 2507 624 2550 esset,
663 2500 839 2546 dicente
867 2501 1041 2547 Valerio
1078 2499 1355 2551 econsulis'‚
1396 2498 1642 2546 secundum
1667 2486 1802 2543 Luta‘-

308 2625 333 2663 2
357 2627 403 2663 et
426 2624 613 2675 quintus
635 2623 676 2663 B
698 2625 741 2663 in
760 2637 863 2668 ras„
887 2623 1068 2664 catulus
1093 2626 1138 2664 et
1160 2635 1203 2675 q.
1226 2625 1329 2664 dett.
1390 2625 1415 2664 8
1436 2621 1727 2675 sponsionem
1746 2614 1802 2660 B'

195 2680 221 2718 9
243 2679 334 2718 nisi
355 2691 435 2720 suo
457 2679 512 2726 B,
545 2693 619 2720 em.
642 2680 815 2733 Piylzius
836 2693 857 2720 e
879 2682 972 2721 cod.
999 2680 1221 2733 Campensi
1237 2677 1256 2734 [Ι
1277 2679 1416 2720 doctu
1435 2671 1491 2718 B'
1551 2679 1602 2718 12
1623 2675 1804 2717 modum

196 2756 249 2762 —
269 2746 425 2786 pugna
446 2735 489 2775 B
517 2737 560 2776 in
589 2749 677 2777 ras.
699 2736 825 2776 habet
892 2739 943 2778 13
973 2736 1264 2789 imperatoris
1294 2735 1349 2783 B,
1381 2735 1460 2775 sed
1486 2734 1582 2776 ead.
1611 2747 1662 2773 m.
1699 2731 1802 2772 —riis

195 2803 307 2830 corr.
371 2792 422 2830 16
455 2791 494 2830 si
519 2804 578 2831 an
599 2791 909 2832 dimicandum
932 2793 985 2840 B,
1017 2794 1096 2833 sed
1117 2793 1157 2832 si
1179 2805 1238 2833 an
1260 2804 1372 2832 corr.
1394 2803 1416 2830 e
1438 2790 1533 2830 sim
1594 2790 1646 2829 17
1667 2786 1803 2829 dissi-

196 2845 380 2886 dissetis
402 2840 460 2884 B'
520 2848 570 2888 19
593 2860 640 2888 se
662 2850 705 2888 in
727 2849 768 2888 B
786 2854 1032 2901 punctatum
1090 2851 1144 2890 23
1165 2849 1257 2887 iam
1278 2847 1320 2887 B
1340 2849 1384 2886 in
1403 2859 1494 2888 ‘ra-5.
1508 2876 1521 2897 ,
1552 2857 1660 2885 nam
1681 2845 1800 2890 dett„

195 2914 266 2942 me
288 2902 330 2941 B
358 2914 437 2954 my.
459 2903 575 2943 hand
591 2908 679 2945 scio
708 2918 764 2944 an
784 2911 899 2945 reete
928 2902 946 2958 [Ι
974 2904 1188 2945 hercules
1209 2916 1320 2945 corr.
1344 2915 1402 2943 ex
1422 2901 1624 2942 herculis
1645 2899 1687 2940 B
1747 2901 1812 2942 24

196 2954 458 3011 susceperi*
478 2957 520 2998 B
542 2957 664 3013 (unus
686 2966 843 3000 tantum
865 2963 1012 3002 ductus
1034 2973 1183 3002 erasus
1204 2957 1286 3012 est)
