1924 3152
190 119 317 171 316
818 103 833 110 “
912 122 1010 168 LIB.
1051 123 1116 168 vl.

215 229 642 282 clarissimorum
687 229 930 280 uirorum
957 237 1241 299 prouentu
1283 229 1557 282 excelsum
1591 230 1823 299 gradum

217 299 552 352 obtinuisse?
593 300 746 350 cuius
775 299 819 349 si
848 301 1093 368 superior
1121 307 1270 351 aetas
1297 298 1633 366 reuoluatur,
1665 301 1823 353 multi

214 370 395 433 lusuS,
434 368 636 420 multae
674 368 901 420 deliciae
927 370 1288 438 reperiantur.
1364 388 1502 440 quae
1527 370 1747 440 quidem
1772 371 1823 422 ei

214 439 582 508 inpedimento
609 458 718 491 non
740 439 965 491 fuerunt
991 458 1096 509 quo
1130 439 1544 509 minuspatriae
1570 441 1821 510 princeps

173 531 193 561 5
217 512 478 561 existeret
504 527 806 579 nomenque
834 510 949 561 eius
977 510 1033 560 in
1061 510 1369 579 Capitolino
1401 509 1624 578 fastigio
1651 510 1822 579 fulge—

216 589 299 631 ret
330 598 392 630 ac
427 580 634 631 uirtute
669 578 830 631 ciuile
868 578 1068 632 bellum
1102 580 1313 648 ingenti
1346 588 1497 632 motu
1534 580 1714 632 oriens
1743 598 1823 632 se—

216 648 428 719 peliret.

322 719 372 771 6.
411 718 475 770 L.
503 737 633 771 uero
662 718 813 771 Sulla
838 737 1011 788 usque
1037 719 1108 770 ad
1133 727 1459 789 quaesturae
1496 737 1625 770 suae
1659 719 1821 772 comi-

215 791 294 841 tia
317 790 490 842 uitam
526 788 781 855 libidine,
820 789 973 855 uino,
1012 788 1255 841 ludicrae
1282 789 1414 840 artis
1441 806 1623 841 amore
1647 789 1705 839 in
1745 789 1822 840 ui-

151 882 192 911 10
215 867 403 912 natam
445 859 716 929 perduxit.
793 868 1126 929 quapropter
1170 859 1232 911 C.
1271 859 1507 911 Marium
1549 877 1718 911 consu
1741 877 1825 910 em

214 929 441 982 moleste
491 928 683 981 tulisse
733 929 971 981 traditur
1022 929 1166 998 quod
1211 929 1317 982 sibi
1359 929 1718 998 asperrimum
1767 929 1825 978 in

216 999 409 1052 Africa
443 998 649 1052 bellum
687 1001 899 1067 gerenti
934 1007 1047 1051 tam
1087 998 1347 1051 delicatus
1384 1007 1642 1070 qpaestor
1679 1007 1826 1050 sorte

216 1070 546 1123 obuenisset.
622 1069 867 1121 eiusdem
894 1070 1098 1132 uirtus,
1138 1071 1294 1140 quasi
1328 1069 1601 1139 perruptis
1639 1077 1692 1120 et
1719 1068 1825 1120 dis-

215 1140 371 1192 iectis
407 1139 681 1209 nequitiae
722 1158 830 1210 qua
874 1140 1232 1192 obsidebatur
1278 1138 1528 1191 claustris
1543 1178 1558 1205 ,
1604 1147 1827 1191 catenas

153 1233 193 1263 15
216 1209 516 1279 Iugurthae
551 1210 803 1262 manibus
851 1210 1062 1272 iniecit,
1108 1209 1448 1262 Mitridatem
1491 1208 1825 1278 conpescuit,

218 1279 433 1332 socialis
461 1278 591 1331 belli
615 1278 812 1332 fluctus
840 1280 1127 1349 repressit,
1167 1279 1374 1332 Cinnae
1401 1278 1826 1331 dominationem

216 1350 401 1418 fregit,
431 1367 678 1419 eumque,
707 1348 805 1418 qui'
827 1368 883 1400 se
909 1350 965 1399 in
991 1349 1186 1401 Africa
1212 1357 1556 1419 quaestorem
1584 1348 1823 1399 fastidie-

217 1429 327 1484 rat,
365 1420 543 1487 ipsam
579 1417 727 1468 illam
763 1419 1102 1487 prouinciam
1137 1419 1503 1488 proscriptum
1531 1426 1583 1469 et
1611 1417 1826 1469 exulem

217 1498 404 1559 petere
430 1489 624 1556 coegit.
667 1507 804 1558 quae
831 1497 943 1539 tam
970 1488 1188 1540 diuersa
1214 1497 1431 1558 tamque
1456 1487 1600 1539 inter
1626 1505 1683 1538 se
1701 1505 1824 1538 con-

154 1582 196 1613 20
219 1559 390 1611 traria
417 1558 463 1609 si
490 1558 610 1628 quis
639 1558 785 1628 apud
813 1559 1054 1609 animum
1081 1577 1240 1609 suum
1259 1557 1548 1610 attentiore
1568 1573 1825 1625 conpara-

218 1628 366 1681 tione
413 1626 722 1697 expendere
769 1627 928 1694 uelit,
983 1628 1116 1680 duos
1155 1628 1211 1679 in
1250 1646 1356 1679 uno
1391 1627 1609 1680 homine
1647 1624 1826 1678 Sullas

217 1698 389 1750 fuisse
425 1697 749 1764 crediderit,
790 1707 1006 1767 turpem
1042 1697 1512 1750 adulescentulum
1547 1705 1601 1748 et
1628 1696 1824 1761 uirum,

220 1768 458 1820 dicerem
492 1768 717 1833 fortem,
764 1769 872 1819 nisi
907 1769 1025 1838 ipse
1060 1786 1112 1820 se
1145 1767 1362 1820 felicem
1408 1765 1672 1837 appellari
1717 1783 1825 1816 ma-

216 1838 428 1890 luisset.

154 1931 195 1962 25
327 1910 375 1960 7.
415 1910 599 1977 Atque
635 1916 696 1960 ut
731 1906 1030 1973 nobilitati,
1066 1907 1329 1960 beneficio
1365 1906 1733 1976 paenitentiae
1769 1923 1826 1956 se

218 1979 395 2048 ipsam
422 1977 733 2030 admonitae
760 1978 1048 2046 respicere,
1077 1977 1272 2029 altiora
1297 1976 1457 2029 modo
1487 1994 1584 2029 suo
1606 1993 1824 2045 sperare

220 2066 383 2099 ausos
414 2047 788 2113 subtexamus,
819 2049 884 2098 T.
913 2047 1183 2112 Aufidius,
1210 2065 1332 2098 cum
1358 2045 1592 2097 Asiatici
1617 2043 1825 2114 publici

218 2117 476 2185 exiguam
502 2115 795 2167 admodum
820 2115 1146 2186 particulam
1182 2115 1492 2180 habuisset,
1531 2122 1722 2183 postea
1747 2121 1827 2165 to-

105 2244 196 2284 Pa'r.
225 2234 362 2284 tulus,
392 2235 653 2293 superiores
681 2234 775 2278 eius
804 2234 907 2278 anni
936 2233 971 2278 si
989 2233 1302 2282 reuoluantur,
1331 2231 1677 2278 delicatissimus
1689 2238 1825 2290 atque

162 2327 204 2358 30
224 2303 525 2350 effusissimus
571 2303 847 2348 inuenietur.
932 2306 971 2348 6.
1011 2303 1104 2347 DE
1139 2302 1541 2348 MVTATIONE
1575 2301 1824 2347 FORTV-

221 2374 373 2419 NAE.
437 2373 482 2418 L.
513 2372 638 2418 Sulla
663 2387 810 2432 usque
838 2373 891 2418 ad
920 2380 1190 2433 quaesturae
1217 2387 1324 2418 suae
1352 2372 1533 2418 comitia
1558 2373 1699 2417 uitam
1724 2370 1827 2415 libi-

221 2445 342 2495 dIne,
371 2445 494 2493 uino,
523 2442 723 2488 ludicrae
748 2445 814 2488 rei
841 2457 994 2489 amore
1020 2443 1300 2503 inquinatam
1327 2443 1549 2503 perduxit.
1602 2446 1640 2485 7.
1668 2441 1715 2486 P.
1736 2445 1826 2485 Au-

219 2514 353 2559 fidiu's
381 2527 482 2559 cum
509 2508 698 2559 Asiatici
731 2513 902 2573 publici
937 2515 1143 2572 exiguam
1181 2513 1418 2559 admodum
1453 2509 1722 2572 particulam
1748 2510 1826 2554 ha-

335 2624 355 2661 l
399 2625 623 2674 prouectu
645 2615 701 2660 B'
778 2624 803 2662 3
839 2622 965 2662 lusus
986 2621 1051 2661 B.-
1082 2621 1214 2662 luxus
1237 2631 1283 2671 ‘33
1320 2621 1376 2671 cf.
1399 2620 1605 2661 Foertsch
1625 2618 1695 2666 II,
1718 2619 1774 2657 29
1801 2614 1820 2666 Ιῇ

219 2677 410 2716 delitiae
432 2678 473 2716 B
512 2674 532 2731 Η
569 2679 894 2730 repperiantur
914 2677 968 2724 B,
991 2679 1279 2729 reperientur
1299 2677 1322 2717 b
1351 2686 1354 2688 “
1395 2679 1422 2718 8
1444 2675 1601 2716 comiti
1625 2672 1750 2714 auita
1771 2667 1826 2711 B'

221 2735 273 2772 12
296 2731 445 2772 africa
465 2733 504 2771 B
575 2735 628 2772 14
650 2734 1001 2775 obsiderebatur
1021 2727 1077 2773 B'
1158 2735 1209 2774 15
1230 2733 1472 2785 iugurthae
1497 2730 1536 2770 B
1557 2732 1599 2770 in
1620 2741 1709 2769 ras.
1773 2729 1827 2768 16

219 2789 377 2842 {nctus
398 2782 453 2827 B'
477 2794 521 2827 ut
542 2791 724 2839 uidetur,
747 2789 897 2829 luctus
919 2791 1020 2831 dett.
1103 2791 1156 2830 23
1180 2802 1228 2829 se
1251 2803 1327 2830 om.
1350 2789 1393 2828 B
1451 2788 1505 2827 25
1526 2784 1762 2826 nobilitati
1781 2785 1824 2822 J.

218 2844 297 2886 Fr.
323 2845 587 2885 Gronouius:
619 2846 879 2886 nobilitatis
899 2845 942 2884 B
963 2852 1009 2885 ut
1027 2846 1210 2896 uidetur,
1233 2841 1472 2885 nobilitate
1493 2842 1516 2882 b
1594 2842 1649 2883 26
1677 2841 1826 2893 ipsum

218 2894 274 2939 B'
295 2899 312 2953 Η
335 2901 561 2962 admonit*
581 2900 637 2951 B,
665 2901 878 2942 admonui
899 2901 922 2940 b
981 2903 1034 2942 27
1057 2913 1195 2942 ausus
1218 2895 1272 2940 B'
1291 2897 1313 2954 Π
1345 2901 1454 2941 titus
1476 2899 1533 2951 B,
1556 2898 1608 2938 P.
1631 2898 1681 2945 P,
1705 2896 1775 2936 Ti.
1799 2904 1827 2939 ς
