1936 3120
0 0 74 11 .......

193 116 298 170 362
870 145 872 147 v
890 122 990 168 ΗΒ.
1028 123 1111 170 Vll.

194 229 458 296 magistra
506 246 679 280 nouae
741 226 1034 280 molitionis
1097 231 1422 282 necessitate
1471 249 1630 296 usne,
1694 233 1808 285 ual-

193 298 346 350 lauit.
1751 360 1755 363 =

299 367 348 418 6.
391 367 573 435 Atque
599 375 660 418 ut
686 367 932 419 diuinam
967 367 1067 419 filii
1102 369 1429 430 mentionem
1461 369 1683 423 caelesti
1717 389 1809 441 pa-

192 437 292 489 tris
320 437 685 488 recordationi
711 437 1057 505 subnectam,
1096 458 1218 490 cum
1245 439 1515 492 effusurus
1546 459 1603 493 se
1629 442 1687 492 in
1713 459 1805 493 no-

142 522 164 555 5
195 515 338 559 stras
384 507 694 578 prouincias
733 507 1059 560 Parthorum
1097 527 1196 561 rex
1231 508 1494 562 Phraates
1530 510 1810 563 uideretur

192 577 511 645 uicinaeque
549 577 774 646 imperio
821 578 937 630 eius
976 579 1225 647 regiones
1269 579 1447 632 subito
1489 579 1681 633 indicti
1726 588 1807 633 tu-

192 647 394 699 multus
420 647 833 700 denuntiatione
854 656 1222 718 quaterentur,
1250 656 1402 700 tanta
1422 650 1477 701 in
1491 651 1807 721 Bosporano

191 725 373 770 tractu
413 726 743 770 commeatus
789 718 1017 788 penuria
1060 719 1306 782 incessit,
1354 720 1434 771 uti
1473 719 1557 771 VI
1590 719 1806 772 milibus

192 787 479 840 denarium
507 788 722 856 singula
748 807 886 840 uasa
912 787 1015 840 olei
1052 789 1313 841 frumenti
1351 807 1419 840 ue
1458 789 1656 842 modiis
1684 791 1807 842 toti-

129 873 171 904 10
195 857 317 910 dem
367 859 642 927 mancipia
704 866 1159 928 permutarentur.
1259 877 1316 911 se
1367 859 1807 911 ‘amarissimam

191 935 570 998 tempestatem
597 929 835 997 Augusti
871 947 1000 980 cura
1034 927 1238 981 tutelae
1265 938 1394 982 tunc
1419 936 1690 981 terrarum
1715 947 1808 981 ua-

193 1017 323 1050 cans
352 997 598 1068 dispulit.

300 1073 421 1120 Ext.
465 1070 510 1120 1.
560 1068 914 1120 Cretensibus
952 1067 1087 1119 nihil
1121 1068 1225 1120 tale
1260 1068 1521 1138 praesidii
1560 1067 1807 1134 adfulsit,

193 1139 286 1208 qui
315 1138 599 1191 obsidione
626 1137 831 1190 Metelli
868 1138 939 1190 ad
979 1138 1226 1190 ultimam
1252 1140 1536 1208 penuriam
1563 1138 1807 1209 conpulsi
1855 1169 1860 1174 ·

130 1230 170 1264 25
193 1227 294 1260 sua
319 1209 793 1278 iumentorumque
820 1228 1043 1261 suorum
1068 1209 1225 1260 urina
1252 1209 1397 1260 sitim
1424 1216 1702 1262 torserunt
1728 1210 1807 1260 iu-

193 1279 331 1330 stius
361 1279 596 1330 dixerim
624 1297 786 1348 quam
814 1286 1207 1345 sustentarunt,
1237 1279 1383 1349 quia,
1414 1277 1542 1330 dum
1568 1279 1716 1330 uinci
1742 1279 1807 1331 ti-

193 1357 368 1415 ment,
406 1349 465 1400 id
490 1350 643 1418 passi
670 1356 819 1414 sunt,
861 1349 1004 1418 quod
1032 1367 1123 1401 eos
1150 1367 1217 1400 ne
1244 1350 1422 1401 uictor
1449 1348 1666 1418 quidem
1692 1348 1805 1418 pati

128 1473 138 1479 ,
193 1420 480 1486 coegisset.
1656 1469 1662 1474 .

299 1488 351 1539 2.
390 1488 710 1539 Numantini
745 1496 928 1540 autem
962 1506 994 1538 a
1031 1488 1287 1558 Scipione
1335 1487 1480 1540 uallo
1519 1496 1573 1540 et
1607 1505 1807 1556 aggere

129 1582 171 1614 20
195 1558 545 1623 circumdati,
584 1576 704 1609 cum
742 1558 925 1610 omnia
961 1576 1099 1627 quae
1135 1558 1335 1609 famem
1373 1577 1558 1610 eorum
1593 1557 1807 1609 trahere

191 1635 446 1700 poterant
489 1628 986 1698 consumpsissent,
1043 1627 1114 1679 ad
1153 1628 1407 1679 ultimum
1450 1629 1808 1680 humanorum

192 1717 483 1768 corporum
521 1698 755 1768 dapibus
793 1698 880 1749 usi
918 1705 1061 1750 sunt.
1136 1706 1468 1768 quapropter
1505 1706 1667 1767 capta
1699 1698 1808 1748 iam

190 1769 327 1822 urbe
354 1767 636 1838 conplures
665 1768 873 1820 inuenti
902 1776 1028 1819 sunt
1055 1776 1203 1820 artus
1234 1776 1286 1819 et
1308 1768 1551 1820 membra
1571 1767 1806 1818 trucida-

192 1848 372 1892 torum
401 1857 690 1908 corporum
718 1839 839 1890 sinu
867 1857 965 1890 suo
994 1846 1292 1905 gestantes,
1358 1836 1506 1889 nulla
1533 1845 1616 1889 est
1641 1838 1698 1888 in
1722 1836 1806 1888 his

124 1931 169 1964 25
191 1909 533 1961 necessitatis
573 1909 877 1961 excusatio:
939 1926 1068 1959 nam
1107 1909 1305 1978 quibus
1342 1908 1479 1959 mori
1514 1906 1693 1971 licuit,
1731 1906 1808 1957 sic

191 1979 379 2032 uiuere
404 1996 628 2030 necesse
654 1997 761 2031 non
788 1978 910 2030 fuit.

78 2127 168 2162 Par·
194 2125 379 2169 materia
407 2124 672 2173 defecisset,
711 2125 925 2182 congerie
967 2122 1200 2167 hostilium
1229 2122 1497 2166 cadauerum
1525 2120 1805 2166 altitudinem

192 2208 246 2240 ex
279 2194 408 2238 leuit.

221 2208 276 2280 Ῥ
301 2266 339 2307 1.
380 2263 616 2308 Cretenses
645 2262 880 2307 obsidione
908 2261 1074 2306 Metelli
1111 2261 1164 2306 ad
1200 2261 1403 2306 ultimam
1436 2261 1669 2320 penuriam
1697 2273 1804 2304 con-

61 2340 74 2345 *
126 2340 169 2374 30
192 2333 311 2394 pulsi
349 2347 426 2377 sua
468 2333 866 2391 iumentorumque
905 2333 1031 2376 urina
1072 2332 1191 2375 sitim
1231 2331 1562 2376 tolet-aluerunt,
1637 2333 1678 2373 2.
1716 2329 1807 2374 Nu·

191 2404 381 2448 mantini
409 2418 431 2448 a
459 2402 669 2461 Scipione
699 2402 818 2447 uallo
847 2409 892 2446 et
918 2415 1086 2461 aggere
1114 2401 1376 2464 circumdati
1405 2401 1459 2446 ad
1486 2400 1694 2445 ultimum
1721 2399 1808 2444 hu-
1872 2443 1875 2446 .

191 2487 426 2520 manorum
455 2486 698 2532 corporum
726 2472 836 2517 cibis
865 2473 935 2517 usi
964 2478 1083 2516 sunt.

305 2627 330 2664 3
351 2623 448 2664 diui
470 2623 561 2663 iam
583 2622 667 2662 filii
689 2623 830 2666 Periz.
853 2618 872 2675 ΙΙ
896 2622 1113 2662 caelestis
1137 2623 1245 2662 dett.
1303 2623 1332 2661 4
1352 2619 1671 2662 recordatione
1694 2618 1738 2658 B
1780 2620 1807 2658 5

191 2682 426 2733 partorum
447 2692 527 2719 rex
548 2679 736 2731 phrates
760 2672 814 2718 B'
874 2681 900 2719 6
923 2678 1077 2718 subita
1101 2678 1124 2718 b
1192 2679 1218 2717 8
1245 2675 1308 2729 Vl]
1331 2678 1408 2717 uia
1430 2675 1655 2715 militibus
1680 2673 1720 2713 B
1780 2674 1806 2713 9

192 2735 393 2775 denariis
415 2735 469 2782 B,
493 2747 566 2774 em.
590 2737 633 2774 in
654 2736 722 2775 ecl.
748 2736 927 2774 Ascens.
993 2736 1040 2773 11
1064 2747 1240 2786 uagans
1264 2726 1319 2773 B'
1380 2735 1431 2773 13
1455 2727 1807 2770 CretensibusB

192 2793 236 2832 in
256 2805 344 2831 ras.
417 2793 470 2830 14
497 2791 753 2842 ultimamq.
777 2791 832 2841 B,
856 2791 1063 2830 ultimam
1087 2801 1187 2841 usq.
1211 2790 1234 2830 b
1257 2790 1372 2829 haud
1389 2789 1477 2828 scio
1498 2799 1552 2825 an
1573 2791 1690 2825 recle
1754 2786 1807 2824 16

194 2850 514 2887 sustentarent
535 2840 592 2885 B'

307 2905 360 2943 27
383 2902 609 2943 defuisset
636 2894 697 2941 V‘
771 2902 773 2905 “
