1924 3152
0 0 214 34 ff'ffi-{sr‘ssssffiv
237 0 312 24 ’“.·
360 0 399 21 ’τ’
472 0 565 15 Μ»
592 0 798 22 ’τ”ῑῑεντγ-υ*
829 0 1138 28 ›‹⁷,=—=÷··»³:=÷3=‘ffl?etzssz
1270 1 1374 37 ⁸4<ss-
1591 29 1594 31 .
1635 28 1639 34 .

14 34 22 41 r
168 39 170 41 .
1007 34 1037 47 '⁴‘
1073 33 1098 50 -ζ
1124 27 1202 47 '‘fl-A
1235 33 1238 36 ⁴
1284 39 1303 48 ᾧ
1337 29 1366 58 *5*
1407 36 1466 55 “21³
1504 40 1545 59 ’.ιη
1576 40 1605 59 ..Α

1109 82 1139 92 a*

206 141 311 194 292
378 99 381 103 ’
904 145 1005 190 Lm.
1042 145 1108 189 vi.

209 253 354 306 ando
381 268 625 317 uxorem,
665 250 810 321 quod
833 249 986 305 illam
1012 251 1069 303 in
1094 251 1315 322 publico
1343 270 1464 319 oum
1491 253 1728 324 quadam
1751 253 1813 307 li-

208 323 425 376 bertina
450 319 667 389 uulgari
704 328 911 373 secreto
938 319 1249 392 loquentem
1273 321 1508 375 uiderat.
1569 341 1722 391 nam,
1743 321 1819 376 'ut

208 395 288 444 ita
330 391 535 458 dicam,
582 389 928 445 incunabulis
966 399 1020 445 et
1055 392 1402 455 nutrimentis
1448 391 1666 463 culpae,
1709 413 1818 448 non

208 463 330 532 ipsa
356 468 636 514 conmotus
665 460 824 532 culpa
838 501 852 528 ,
891 461 1200 514 citeriorem
1235 461 1436 515 delicto
1462 463 1718 533 praebuit
1742 462 1819 515 ul-

165 548 185 579 5
208 535 428 599 tionem,
455 539 517 584 ut
541 531 723 602 potius
752 539 969 585 caueret
994 531 1253 584 iniuriam
1279 550 1444 602 quam
1467 533 1792 598 uindicaret.

318 601 399 654 12.
443 602 1813 676 ,ζμῃὲἓῃᾱμὲ..μεεὶρ.1ὶί,ἓ,.-,1ἰμ,,δ.ςᾳῳῆῑ>,ιῖρὲᾁμὲμἓρρὴιιε,

209 673 303 743 qui
329 669 615 740 coniugem
639 691 698 724 re
739 671 856 724 udii
882 681 1013 724 nota
1039 671 1269 738 adfecit,
1304 671 1440 724 nihil
1476 666 1817 744 aliud‘qu'afn

208 761 265 794 se
301 742 587 812 ignorante
620 741 677 794 lu
720 760 777 793 os
815 760 1004 794 ausam
1040 750 1306 812 spectare.
1377 743 1525 809 Ergo
1571 742 1702 796 dum
1739 745 1818 795 sic

208 813 338 866 olim
355 812 576 866 feminis
597 813 914 876 occurritur,
945 831 1097 865 mens
1107 827 1306 864 earum
1325 830 1358 864 a
1375 811 1588 865 delictis
1609 813 1816 869 aberat.

149 938 189 968 10
319 915 441 962 Eact.
486 920 533 966 1.
582 910 837 962 Ceterum
865 911 968 962 etsi
994 910 1273 962 Romanae
1300 910 1610 963 seueritatis
1638 929 1816 964 exem-

210 980 314 1051 plis
353 989 499 1033 totus
538 988 809 1032 terrarum
848 980 996 1034 orbis
1032 980 1226 1032 instrui
1265 987 1478 1050 potest,
1515 987 1701 1034 tamen
1725 1000 1817 1034 ex-

209 1060 365 1104 terna
391 1051 703 1103 summatim
730 1068 992 1120 cognosse
1019 1049 1243 1104 fastidio
1269 1069 1379 1103 non
1406 1051 1493 1104 sit.
1545 1051 1818 1104 Lacedae-

209 1121 377 1173 monii
412 1120 583 1174 libros
611 1120 931 1174 Archilochi
968 1140 995 1173 e
1033 1121 1254 1174 ciuitate
1282 1139 1381 1173 sua
1406 1122 1685 1191 exportari
1709 1123 1818 1174 ius-

211 1199 425 1258 serunt,
466 1191 611 1261 quod
650 1210 837 1245 eorum
864 1210 1057 1261 parum
1082 1191 1452 1244 uerecundam
1477 1209 1542 1243 ac
1565 1191 1819 1262 pudicam

146 1287 185 1317 ιε)
208 1261 498 1314 lectionem
530 1261 960 1315 arbitrabantur.
1020 1261 1312 1315 noluerunt
1348 1261 1489 1314 enim
1524 1280 1589 1314 ea
1623 1261 1818 1316 libero-

207 1351 328 1384 rum
356 1351 578 1384 suorum
605 1333 816 1385 animos
843 1332 1042 1399 imbui,
1079 1351 1147 1384 ne
1181 1331 1304 1401 plus
1331 1331 1573 1384 moribus
1600 1340 1819 1385 noceret

206 1420 370 1471 quam
395 1402 630 1470 ingeniis
666 1401 968 1472 prodesset.
1044 1402 1228 1470 itaque
1263 1401 1563 1465 maximum
1597 1409 1818 1470 poetam

206 1480 299 1523 aut
320 1481 463 1524 certe
488 1490 692 1523 summo
714 1472 1041 1542 proximum,
1070 1471 1200 1542 quia
1216 1470 1436 1524 domum
1455 1470 1560 1524 sibi
1582 1470 1818 1524 inuisam

204 1542 456 1594 obscenis
509 1540 815 1594 maledictis
867 1541 1232 1605 lacet-auerat,
1299 1541 1597 1593 carminum
1648 1541 1813 1594 exilio

145 1637 186 1668 20
209 1611 525 1664 multarunt.

311 1682 362 1734 2.
404 1682 768 1734 Athenienses
809 1689 990 1734 autem
1027 1681 1361 1750 Timagoran
1396 1681 1540 1732 inter
1576 1680 1818 1734 officium

208 1752 555 1804 salutationis
582 1753 829 1804 Dareum
855 1771 1039 1821 regem
1074 1770 1225 1805 more
1251 1752 1427 1820 gentis
1455 1749 1601 1803 illius
1631 1750 1816 1803 adula-

207 1831 319 1885 tum
346 1821 570 1892 capitali
596 1822 865 1893 supplicio
888 1822 1228 1889 adfecerunt,
1255 1821 1415 1874 unius
1444 1821 1578 1873 ciuis
1605 1820 1815 1873 humili-

207 1893 308 1945 bus
334 1892 618 1946 blanditiis
646 1893 813 1946 totius
840 1894 994 1946 urbis
1024 1911 1153 1945 suae
1181 1892 1346 1944 decus
1367 1891 1619 1944 Persicae
1647 1891 1815 1945 domi-

143 1988 185 2020 25
209 1963 420 2015 nationi
448 1963 796 2015 summissum
821 1963 1066 2032 grauiter
1091 1963 1348 2015 ferentes,

311 2034 362 2084 3.
401 2034 523 2085 Iam
551 2033 851 2103 Cambyses
878 2034 1171 2086 inusitatae
1198 2031 1531 2097 seueritatis,
1570 2031 1663 2101 qui
1686 2030 1818 2083 mali

207 2101 493 2171 cuiusdam
530 2102 728 2155 iudicis
757 2122 785 2154 e
822 2121 1046 2172 corpore
1081 2101 1276 2172 pellem
1314 2100 1615 2152 detractam
1651 2099 1816 2152 sellae

91 2254 180 2288 Par.
209 2247 327 2293 blico
356 2261 458 2293 cum
486 2248 675 2308 quadani
697 2248 908 2294 libertina
927 2247 1106 2306 uulgari
1131 2252 1305 2292 secreto
1333 2246 1597 2305 loquentem
1623 2244 1814 2290 uiderat.

210 2322 274 2362 12.
314 2318 361 2363 Ρ.
390 2319 687 2378 Sempronius
716 2318 896 2379 Sophus
923 2318 1164 2378 coniugem
1192 2330 1319 2362 suam
1346 2315 1518 2377 repudii
1556 2322 1665 2362 nota
1694 2315 1815 2361 adfe-

142 2397 183 2430 30
207 2390 282 2439 cit,
311 2389 435 2449 quod
462 2403 510 2434 se
538 2389 778 2448 ignorante
804 2389 935 2434 ludos
961 2394 1215 2449 spectatum
1241 2389 1369 2433 ierat.

316 2462 354 2503 1.
394 2459 734 2505 Lacedaemonii
770 2458 914 2505 libros
950 2458 1209 2506 Archilochi
1247 2458 1432 2504 ciuitate
1470 2470 1551 2502 sua
1587 2457 1815 2516 exportari

208 2529 457 2580 iusserunt,
487 2530 609 2590 quod
636 2544 792 2575 eorum
813 2544 970 2590 parum
996 2530 1205 2590 pudicam
1226 2532 1541 2587 cognouerant
1560 2526 1814 2572 lectionem.

207 2604 246 2643 2.
286 2599 587 2646 Athenienses
615 2601 923 2660 Timagoram,
962 2600 1081 2646 inter
1108 2599 1308 2646 officium
1335 2597 1621 2644 salutationis
1641 2596 1813 2640 Darium

208 2683 364 2728 regem
389 2684 517 2715 more
543 2672 692 2730 gentis
719 2671 839 2716 illius
868 2667 1338 2730 adulatum‚·capitali
1375 2666 1599 2728 supplicio
1626 2667 1814 2726 puniue-

145 2751 185 2783 35
209 2746 327 2786 runt.
393 2743 430 2785 3.
475 2741 714 2801 Cambyses
753 2741 857 2787 mali
894 2741 1123 2787 cuiusdam
1163 2739 1323 2786 iudicis
1362 2753 1384 2784 e
1424 2749 1615 2796 corpore
1650 2733 1812 2796 pellem

321 2878 344 2917 1
369 2876 554 2928 quidam
576 2871 632 2917 B'
691 2881 716 2919 ὃ
739 2878 790 2918 Ρ.
814 2879 855 2918 Β
877 2880 919 2919 in
941 2891 1032 2920 ras.
1095 2879 1119 2918 7
1142 2875 1251 2917 nota
1278 2875 1321 2916 B
1380 2877 1404 2915 9
1427 2871 1762 2914 occurrebatur
1784 2874 1808 2913 l.

206 2947 243 2973 u.
268 2936 311 2974 in
332 2946 410 2987 my.
435 2933 477 2973 B
539 2936 589 2975 13
613 2933 755 2975 libros
779 2935 828 2974 b:
859 2948 935 2976 om.
960 2935 1001 2974 B
1023 2931 1042 2988 Η
1064 2946 1087 2973 e
1110 2947 1183 2974 om.
1208 2934 1248 2972 P
1305 2930 1356 2971 18
1382 2932 1579 2972 certem*
1602 2927 1643 2967 B
