1936 3120
471 0 604 22 ‘W'“·''
629 0 640 4 «-
681 0 735 30 ...ῥῖ
752 0 756 1 ⁷
777 0 783 8 ,
810 0 898 14 ,myst-32
928 0 990 18 *vu-5⁷
1019 0 1383 31 Νιγςδγνῐῆῃμμκκωγιη
1498 17 1499 20 ¹

537 25 540 32 .
909 30 938 38 ζ,
1046 25 1070 40 1.
1128 26 1225 46 ¹‚⁴‘¹''⁴
1257 22 1272 46 -’
1335 25 1454 33 .

286 133 392 189 452
957 137 1058 186 LIB.
1095 138 1220 187 V1111.

290 247 431 300 lineo
460 264 709 315 egressus
737 253 862 299 ante
886 247 1051 317 pedes
1074 265 1198 300 suos
1219 255 1558 317 prostratum
1575 248 1898 319 Hypsaeum

291 317 529 370 ambitus
558 335 740 383 reum,
777 328 831 369 et
855 315 1092 371 nobilem
1116 318 1296 369 uirum
1323 325 1378 371 et
1405 317 1511 372 sibi
1536 319 1797 386 amicum,
1823 319 1896 372 ia-

290 395 502 440 centem
518 385 617 439 reli
655 388 751 453 uit,
773 387 1161 441 contumeliosa
1178 406 1314 441 uoce
1334 387 1722 458 proculcatum.
1761 389 1898 442 nihil

291 458 436 510 enim
461 476 583 509 eum
609 476 641 508 a
664 457 760 509 iud
786 476 948 528 agere
975 477 1139 529 quam
1163 467 1224 511 ut
1258 458 1568 511 conuiuium
1604 477 1761 512 suum
1787 478 1898 513 mo-

248 543 269 575 5
292 536 506 581 raretur
554 527 864 598 respondit,
917 537 971 582 et
1018 529 1178 582 huius
1229 528 1362 583 dicti
1409 530 1655 583 conscius
1708 548 1896 583 securo

293 600 474 651 animo
520 617 715 651 cenare
756 600 951 680 potuit.
1023 599 1115 651 ille
1163 617 1293 652 uero
1335 600 1500 652 etiam
1531 600 1589 652 in
1622 599 1741 654 foro
1786 619 1899 655 non

293 669 515 723 erubuit
539 669 603 721 P.
631 669 973 740 Scipionem,
1003 688 1251 724 socerum
1277 689 1462 738 suum,
1490 670 1542 723 16
1581 671 1703 724 110118
1732 671 1898 725 obno-

291 741 471 806 xium,
507 758 641 810 quas
670 740 787 810 ipse
811 740 1039 807 tulerat,
1077 741 1134 792 in
1168 741 1412 792 maxima
1437 741 1531 811 qui
1573 759 1658 793 em
1682 759 1900 794 reorum

293 818 348 864 et
380 809 693 863 inlustrium
726 812 885 864 ruina
922 812 1162 863 muneris
1206 810 1325 864 loco
1362 829 1395 863 a
1429 811 1702 864 iudicibus
1738 809 1899 881 depo-

229 898 270 930 10
295 900 473 948 scere,
510 881 780 934 maritalis
819 882 948 935 lecti
981 881 1267 935 blanditiis
1305 889 1507 934 statum
1541 882 1622 934 rei
1646 879 1899 952 publicae

291 951 628 1005 temerando.

397 1023 449 1076 4.
476 1023 737 1076 Taetrum
763 1022 908 1077 facto
936 1023 1143 1093 pariter
1169 1041 1233 1075 66
1261 1021 1406 1076 dicto
1427 1023 1503 1076 M.
1527 1022 1758 1076 Antonii
1777 1040 1899 1075 con-

291 1095 516 1147 uiuium.
578 1112 705 1146 nam
740 1113 862 1146 cum
899 1094 972 1146 ad
997 1112 1118 1146 eum
1147 1093 1491 1147 triumuirum
1516 1093 1751 1146 Caesetii
1775 1091 1901 1144 Rufi

295 1164 562 1218 senatoris
591 1172 757 1235 eaput
775 1164 1000 1217 allatum
1021 1171 1181 1231 esset,
1209 1164 1592 1218 auersantibus
1611 1162 1671 1217 id
1689 1162 1898 1229 ceteris„

232 1252 274 1284 15
297 1236 523 1307 propius
560 1236 841 1288 admoueri
879 1236 1043 1288 iussit
1077 1254 1142 1288 66
1177 1236 1269 1288 diu
1305 1233 1899 1305 diligenterque‘consi-

298 1306 531 1359 derauit.
592 1307 802 1359 cunctis
842 1305 1037 1358 deinde
1071 1305 1488 1376 expectantibus
1525 1304 1786 1375 quidnam
1820 1321 1900 1355 es-

298 1385 381 1430 set
418 1377 692 1443 dicturus,
736 1377 899 1428 ehunc
934 1384 1057 1445 ego’
1093 1376 1272 1446 inquit
1309 1383 1517 1428 ‘notum
1549 1394 1660 1428 non
1693 1373 1898 1427 habui’.

294 1447 534 1518 superba
561 1445 628 1499 de
655 1456 925 1514 senatore,
953 1448 1204 1517 inpotens
1233 1446 1299 1498 de
1326 1447 1506 1500 occiso
1535 1444 1829 1499 confessio.

404 1523 525 1570 Ext.
560 1517 605 1569 1.
646 1517 790 1570 Satis
827 1517 998 1570 multa
1036 1517 1103 1570 de
1138 1517 1365 1570 nostris:
1408 1515 1585 1568 aliena
1618 1532 1763 1567 nunc
1788 1515 1901 1566 adi—

226 1605 277 1638 60
299 1589 530 1642 ciantur.
605 1587 913 1640 Alexandri
947 1589 1092 1656 regis
1138 1589 1312 1640 uirtus
1352 1605 1416 1638 ac
1452 1585 1688 1639 felicitas
1725 1584 1900 1638 tribus

297 1658 623 1712 insolentiae
650 1658 1075 1711 euidentissimis
1103 1658 1366 1728 gradibus
1395 1657 1680 1719 exultauit.
1750 1655 1902 1708 fasti-

299 1730 388 1784 dio
416 1730 558 1782 enim
583 1729 826 1800 Philippi
851 1730 1039 1784 Iouem
1064 1729 1426 1782 Hammonem
1450 1735 1662 1798 patrem
1687 1725 1902 1792 asciuit,

296 1799 479 1854 taedio
518 1819 728 1852 morum
763 1808 818 1854 et
850 1799 1026 1854 cultus
1053 1799 1395 1852 Macedonici
1430 1805 1642 1851 uestem
1677 1804 1730 1850 et
1754 1796 1904 1848 insti-

183 1957 277 1991 Par.
301 1948 423 1994 lineo
462 1960 698 2008 egressus,
737 1963 837 1993 611111
875 1955 978 1993 ante
1013 1947 1149 2008 pedes
1185 1961 1292 1992 suos
1330 1952 1611 2007 prostratum
1649 1942 1904 2004 Hypsaeum

237 2029 278 2062 25
301 2019 497 2066 ambitus
532 2033 661 2064 reum
697 2018 911 2070 uidisset,
963 2020 1183 2064 iacentem
1219 2017 1430 2077 reliquit,
1474 2014 1587 2061 1111111
1622 2013 1743 2060 aliud
1777 2012 1904 2058 illum

301 2103 436 2150 agere
474 2089 627 2135 dicens
664 2103 797 2149 quarn
835 2097 886 2134 ut
921 2090 1182 2135 conuiuium
1223 2101 1352 2133 suum
1395 2091 1663 2133 moraretur.
1714 2083 1829 2129 idem
1855 2082 1901 2126 P.

302 2159 560 2220 Scipionem
587 2173 794 2205 socerum
821 2174 953 2204 suum
980 2158 1158 2219 legibus
1186 2157 1442 2209 obnoxium,
1472 2170 1583 2216 quas
1603 2156 1701 2216 ipse
1722 2153 1902 2203 tulerat,

302 2230 503 2276 muneris
539 2229 642 2275 loco
681 2230 734 2275 ab
772 2228 994 2276 iudicibus
1029 2229 1315 2290 depoposcit.
1389 2231 1430 2271 4.
1470 2227 1579 2272 Cum
1605 2224 1660 2270 ad
1683 2224 1738 2270 M.
1765 2226 1905 2269 Anto-

302 2302 428 2347 nium
457 2300 742 2346 triumuirum
770 2307 1005 2346 cenantem
1031 2299 1222 2345 Caesetii
1248 2297 1346 2344 Rufi
1373 2297 1596 2360 senatoris
1623 2302 1759 2356 caput
1785 2300 1905 2339 esset

236 2383 279 2415 30
303 2371 525 2423 adlatum,
551 2371 627 2416 diu
653 2371 985 2432 diligenterque
1012 2370 1299 2417 considerato
1327 2370 1433 2429 eego
1461 2366 1599 2414 hunc'
1627 2366 1777 2427 inquit
1804 2365 1906 2410 ‘no-

304 2449 400 2488 tum
425 2456 518 2488 non
548 2441 721 2488 habui'.

407 2516 446 2557 1.
485 2511 736 2559 Alexander
762 2513 941 2558 Macedo
970 2513 1151 2558 fastidio
1178 2511 1373 2572 Philippi
1408 2510 1561 2556 Iouem
1589 2507 1674 2553 sibi
1699 2507 1907 2552 Hammo·

301 2597 405 2629 nem
446 2590 621 2644 patrem
667 2583 874 2629 adsciuit.
950 2583 1065 2629 idem
1112 2583 1319 2629 instituta
1351 2582 1589 2628 Persarum
1633 2577 1905 2637 adsumpsit:

418 2722 440 2760 1
466 2733 676 2773 egressus
700 2744 751 2751 —
772 2722 994 2774 hypseum
1017 2722 1215 2762 ambitus
1238 2721 1280 2761 B
1301 2722 1346 2761 in
1365 2731 1495 2772 mar-9.
1519 2716 1644 2758 habet
1721 2715 1746 2754 5
1776 2725 1907 2776 secu:

302 2789 379 2817 rus
402 2790 569 2818 cenare
599 2779 697 2819 Vat.
790 2780 812 2819 7
835 2779 1081 2819 obnoxium
1100 2779 1163 2818 P:
1194 2777 1378 2818 noxium
1398 2775 1440 2816 B
1527 2776 1554 2815 8
1584 2771 1715 2838 quasi
1732 2770 1831 2822 ipse
1852 2768 1893 2808 B

306 2834 357 2873 11
380 2833 677 2886 temperando
699 2834 740 2873 B
761 2841 804 2875 et
829 2835 944 2882 Vat„
967 2848 1040 2877 em.
1061 2836 1206 2877 Periz.
1282 2835 1334 2874 13
1358 2831 1525 2873 casetii
1545 2828 1587 2870 B
1671 2827 1724 2867 14
1747 2825 1906 2866 aduer-

304 2890 515 2930 santibus
536 2890 578 2929 B
660 2893 711 2932 15
722 2892 942 2958 proprius
964 2885 1020 2931 B'
1079 2893 1131 2931 21
1155 2890 1363 2932 exulauit
1384 2889 1406 2930 b
1485 2888 1538 2928 22
1558 2884 1715 2927 Iouem
1737 2882 1828 2923 sibi
1848 2882 1907 2921 H.

303 2947 346 2986 P
361 2943 386 3000 ss
404 2958 657 2988 ammonem
677 2947 719 2987 B
792 2950 845 2989 23
867 2961 1037 2990 morem
1059 2947 1269 2989 excultus
1291 2941 1347 2986 B'
