1936 3120
123 75 190 98 {so-'v
244 91 245 94 1
265 90 272 95 .
293 94 300 100 ,
316 74 340 89 “»’

63 95 338 131 Ἡμςιὲτεωὶ““·’
363 101 366 103 ·

123 131 147 144 ““ι
171 131 175 134 ”
203 129 206 131 “
220 134 229 143 ἱ
242 131 246 133 “
268 134 272 136 ’

47 147 57 154 .

1687 138 1794 191 465
1873 203 1878 206 ,

559 143 676 191 cAP.
704 145 879 196 x,1‹:xt.
909 145 938 204 g
971 147 1008 190 1.
1036 148 1078 191 2.
1118 144 1188 196 xi,
1217 143 1247 203 g
1277 147 1414 190 1—4.

169 255 360 322 tisset‚
405 252 726 325 repentinae
770 270 956 306 morae
1002 270 1225 304 causam
1267 251 1583 333 requisiuit‚
1612 272 1613 275 ¹
1639 258 1692 303 et
1731 258 1794 304 ut

169 323 439 396 comperit
473 341 670 394 corpus
706 323 877 394 patris
906 322 1064 375 Serui
1091 322 1240 375 Tulli
1276 322 1443 375 occisi
1479 321 1560 375 ibi
1595 321 1793 388 iacere,

175 413 344 466 supra
368 393 425 447 id
454 393 581 446 duci
605 392 919 446 uehiculum
945 394 1133 461 iussit,
1172 411 1277 464 quo
1315 393 1547 446 celerius
1583 393 1641 444 in
1667 411 1793 446 con-

170 465 399 536 plexum
417 463 785 518 interfectoris
806 465 938 530 eius7
961 464 1267 535 Tarquinii,
1290 463 1519 516 ueniret.
1556 481 1664 535 qua
1682 471 1796 528 tam

170 537 344 607 impia
369 543 590 606 tamque
614 534 883 606 probrosa
909 534 1263 587 festinatione
1290 553 1398 587 non
1427 535 1602 587 solum
1623 553 1681 586 se
1708 553 1793 587 ae·
1817 550 1839 584 5

172 614 332 660 terna
374 605 631 673 infamia,
683 607 780 658 sed
819 607 985 658 etiam
1028 606 1205 677 ipsum
1251 606 1435 658 uicum
1472 605 1795 675 cognomine

172 675 393 732 sceleris
421 676 842 730 conmaculauit.

281 747 331 799 2.
371 746 497 800 Non
523 755 636 800 tam
664 755 824 801 atrox
851 747 910 800 C.
940 747 1219 800 Fimbriae
1259 756 1342 799 est
1368 748 1577 799 factum
1605 755 1659 799 et
1686 745 1796 798 dic-

173 827 321 885 tum,
360 816 458 870 sed
498 818 546 870 si
570 837 669 889 per
695 837 750 871 se
778 819 1126 886 aestimetur,
1164 826 1349 872 utrum
1389 837 1457 870 ue
1495 817 1797 870 audacissi-

174 907 342 942 mum.
392 887 449 941 id
476 896 663 958 egerat
692 896 751 941 ut
778 888 1046 942 Scaeuola
1071 889 1129 940 in
1154 888 1347 941 funere
1419 930 1431 941 .
1451 887 1616 940 Marii
1641 888 1795 957 iugu-
1819 902 1862 935 10

175 959 400 1012 laretur.
461 978 619 1030 quem
658 967 949 1030 postquam
989 979 1059 1012 ex
1085 958 1313 1012 uulnere
1339 966 1646 1012 recreatum
1673 977 1797 1012 con-

174 1029 335 1102 perit,
365 1047 623 1082 accusare
650 1030 799 1102 apud
824 1029 1089 1101 populum
1115 1030 1375 1083 instituit.
1426 1030 1796 1099 interrogatus

177 1099 377 1154 deinde
405 1100 536 1171 quid
565 1100 632 1152 de
661 1118 723 1153 eo
751 1119 906 1153 secus
935 1101 1180 1154 dicturus
1210 1110 1372 1167 esset,
1402 1101 1488 1152 cui
1514 1119 1613 1171 pro
1644 1117 1798 1152 sanc-

176 1172 338 1225 titate
372 1190 584 1224 morum
625 1171 757 1223 satis
797 1171 965 1240 digna
1000 1170 1243 1224 laudatio
1270 1170 1429 1223 reddi
1455 1190 1566 1225 non
1590 1177 1798 1242 posset,
1868 1183 1870 1187 ’

164 1241 461 1312 'respondit
487 1241 828 1295 obiecturum
855 1260 912 1293 se
939 1241 1020 1293 illi
1046 1242 1188 1313 quod
1217 1243 1437 1312 parcius
1466 1260 1697 1312 corpore
1721 1250 1799 1294 te·
1823 1254 1884 1307 15χ

175 1312 290 1365 111111
316 1313 631 1383 recepisset.
693 1311 973 1365 licentiam
1007 1313 1211 1366 furoris
1249 1331 1412 1382 aegre
1439 1313 1520 1365 rei
1546 1311 1800 1382 publicae

173 1383 386 1454 gemitu
410 1383 871 1454 prosequendam!

286 1454 336 1506 3.
374 1453 439 1505 L.
467 1472 597 1506 uero
626 1452 867 1506 Catilina
901 1453 958 1504 in
994 1462 1188 1506 senatu
1215 1453 1289 1505 M.
1321 1451 1585 1506 Cicerone
1620 1453 1800 1505 incen-

176 1523 332 1576 dium
368 1524 438 1577 ab
476 1524 598 1594 ipso
636 1524 937 1577 excitatum
973 1524 1190 1576 dicente
1229 1524 1469 1590 ‘sentio'‚
1516 1523 1695 1594 inquit
1729 1530 1804 1575 ‘et

178 1593 405 1665 quidem
431 1593 586 1659 illud,
617 1594 662 1646 si
689 1612 832 1664 aqua
851 1613 961 1648 non
981 1603 1227 1664 potuerO,
1256 1595 1416 1646 ruina
1437 1594 1799 1663 extinguam'.
1825 1609 1868 1640 20

177 1683 342 1736 quem
368 1663 501 1736 quid
525 1663 677 1715 aliud
712 1665 1086 1718 existimemus
1123 1684 1287 1736 quam
1313 1664 1683 1718 conscientiae
1710 1663 1802 1716 sti-

180 1734 342 1787 mulis
371 1742 554 1787 actum
579 1753 734 1786 reum
762 1754 820 1787 se
845 1734 1086 1787 inchoati
1151 1735 1396 1787 arricidii
1421 1734 1740 1805 peregisse?

288 1806 339 1858 4.
382 1805 803 1859 Consternatum
855 1806 1019 1858 etiam
1131 1806 1218 1875 agi
1266 1804 1510 1858 Chilonis
1563 1805 1803 1856 amentia

183 1954 460 2004 restitisset,
500 1967 555 1998 ne
583 1966 721 2013 super
747 1952 842 1998 Ser.
873 1936 1004 1998 Tullii
1034 1966 1203 2012 corpus
1231 1953 1487 2003 induceret,
1524 1955 1623 2012 ipsa
1663 1965 1800 2011 supra
1826 1958 1921 1995 Par.

184 2024 231 2070 id
268 2023 368 2069 duci
406 2022 668 2069 uehiculum
704 2024 852 2069 iussit.
930 2027 971 2067 2.
1012 2023 1057 2068 C.
1094 2023 1286 2068 Fimbria
1325 2036 1425 2069 cum
1466 2023 1509 2068 id
1546 2023 1719 2083 egisset
1755 2028 1806 2066 ut
1827 2030 1870 2063 25

127 2100 129 2103 “
186 2093 407 2140 Scaeuola
434 2095 478 2140 in
507 2094 667 2140 sunere
695 2094 738 2139 C.
767 2093 877 2140 Mari
904 2093 1203 2154 iugularetur‚
1233 2100 1477 2155 postquam
1505 2108 1606 2139 eum
1635 2106 1687 2137 ex
1706 2092 1807 2138 uul-

186 2179 293 2211 nere
319 2171 574 2211 recreatum
602 2167 825 2226 conperit,
853 2167 1066 2211 accusare
1095 2165 1213 2225 apud
1241 2165 1461 2226 populum
1486 2164 1712 2210 instituit:
1739 2165 1807 2208 in-

186 2242 567 2296 terrogatusque,
614 2236 737 2297 quod
774 2236 837 2282 illi
876 2238 1047 2282 crimen
1093 2235 1359 2281 obiecturus
1405 2243 1525 2280 esset
1561 2235 1806 2283 innocenti,

189 2305 297 2352 ‘hoc
339 2306 526 2366 ipsum',
567 2308 725 2366 inquit,
764 2307 905 2367 ‘quod
951 2309 1131 2366 parcius
1171 2320 1366 2367 corpore
1411 2306 1553 2350 telum
1594 2306 1807 2365 recepit’.

190 2378 231 2422 3.
268 2376 315 2421 L.
345 2376 534 2422 Catilina
562 2377 617 2422 Μ.
640 2378 856 2422 Cicerone
877 2377 1134 2422 incendium
1154 2377 1207 2422 ab
1229 2379 1330 2436 ipso
1351 2376 1596 2422 excitatum
1618 2377 1808 2429 dicente,
1834 2384 1876 2416 30

195 2444 387 2492 ‘sentio'
427 2447 579 2506 inquit
615 2445 705 2497 eet,
744 2448 782 2491 si
809 2447 919 2492 illud
956 2461 1074 2506 aqua
1109 2461 1201 2492 non
1229 2454 1452 2507 potuero,
1489 2448 1619 2492 ruina
1647 2447 1811 2491 restin-

188 2518 363 2577 guam'.
438 2520 480 2560 4.
518 2516 690 2577 Magius
717 2516 844 2563 Chilo
883 2518 937 2562 M.
967 2515 1175 2562 Marcello
1203 2517 1346 2562 amico
1376 2530 1459 2562 suo
1497 2532 1519 2562 a
1548 2517 1591 2561 C.
1621 2517 1814 2562 Caesare

307 2672 333 2710 3
358 2667 582 2722 conplexu
604 2669 639 2708 Β
662 2676 713 2709 εἰ,
732 2669 832 2710 Vae.
892 2670 919 2709 4
941 2681 1056 2721 qua*
1077 2667 1119 2707 B
1180 2670 1203 2709 7
1226 2667 1484 2708 maculauit
1512 2668 1610 2708 Vat.
1674 2668 1727 2708 10
1749 2680 1817 2707 se-

191 2725 302 2766 uola
326 2725 469 2775 (sceu.
491 2724 626 2776 corr.)
661 2726 703 2765 B
784 2727 833 2765 11
876 2725 1070 2765 uulnere
1094 2728 1302 2765 creatum
1333 2717 1386 2763 B'
1468 2726 1521 2765 14
1560 2723 1742 2764 laudati
1762 2715 1817 2763 B'

195 2783 248 2824 16
271 2795 410 2836 aegre
434 2781 501 2822 B.-
535 2794 703 2835 aegrae
725 2783 824 2823 edd.
887 2782 938 2822 18
963 2781 1181 2822 catillina
1204 2781 1251 2820 in
1273 2783 1486 2821 senatum
1508 2793 1580 2822 .m.
1607 2778 1819 2820 cicerone

194 2831 252 2878 B'
330 2840 384 2880 20
426 2839 714 2891 restinguam
736 2840 788 2886 P,
810 2844 854 2878 ut
876 2844 941 2878 est
962 2840 1005 2878 in
1027 2837 1134 2878 Sall.
1160 2838 1251 2878 Cat.
1279 2839 1349 2884 31,
1382 2837 1469 2878 Cic.
1488 2851 1534 2890 p.
1561 2837 1679 2877 Mur.
1702 2837 1726 2885 ξ
1748 2837 1817 2882 51,

194 2894 318 2936 Τίον-ἰ
337 2897 440 2948 epit.
466 2897 506 2943 2,
532 2897 587 2934 12
617 2893 677 2948 (4,
702 2893 747 2948 1)
778 2896 802 2945 ἓ
825 2898 850 2934 7
882 2891 1197 2949 [exstinguam
1222 2906 1358 2945 quem
1380 2891 1474 2947 qui]
1509 2900 1552 2934 et
1585 2888 1744 2947 [quam
1764 2912 1824 2921 --

195 2949 371 3004 actum]
397 2950 439 2991 B
499 2953 552 2992 22
575 2964 701 2991 reum
724 2964 772 2992 se
794 2952 1072 2992 Perizonius:
1106 2964 1132 2992 a
1156 2963 1206 2992 se
1228 2950 1270 2990 B
1291 2946 1311 3006 Η
1335 2946 1424 3003 [ati
1446 2971 1498 2978 -
1521 2943 1727 3002 constet]
1752 2947 1794 2987 B

283 3032 390 3062 vAt..
414 3034 525 3064 MAx.
1498 3017 1569 3070 30

1649 3063 1669 3080 ⁰
1882 3072 1936 3117 f
