1936 3120
596 85 838 137 CAP.1111‚
868 85 898 145 g
923 90 962 132 2.
992 89 1033 130 3.
1072 87 1120 155 v,
1149 70 1345 145 §1-5,
1677 82 1781 134 387
1859 57 1861 59 ¹

161 193 226 248 G.
251 194 570 246 Memmium
606 191 1035 264 repetundarum
1069 211 1223 244 reum
1251 193 1512 247 destricto
1539 194 1781 247 testimo-

159 266 252 318 nio
278 267 556 318 insecutus
584 271 692 329 est,
731 264 865 316 item
893 263 953 316 C.
981 263 1235 316 Flauium
1262 265 1453 317 eadem
1480 265 1601 334 lege
1629 283 1782 318 accu-

162 343 341 388 satum
367 337 524 388 testis
560 334 849 404 proscidit:
890 334 999 386 iam
1028 334 1086 387 C.
1114 333 1437 388 Norbanum
1473 335 1780 388 maiestatis

162 407 388 460 crimine
421 404 677 477 publicae
712 405 1019 476 quaestioni
1066 405 1372 458 subiectum
1420 425 1489 458 ex
1530 407 1780 477 professo

161 478 468 549 opprimere
502 484 728 529 conatus
766 484 871 528 est.
946 494 1046 527 nec
1080 485 1263 529 tamen
1301 484 1396 528 aut
1431 478 1778 544 auctoritate,
1802 494 1824 526 5

195 566 268 600 ua
292 547 589 618 plurimum
614 545 887 618 pollebat,
926 554 1022 598 aut
1057 546 1346 616 religione,
1386 547 1453 599 de
1490 566 1596 618 qua
1621 567 1779 602 nemo

160 567 469 684 dubitabat,
498 636 827 688 quemquam
855 636 1043 670 eorum
1071 617 1338 687 adfligere,
1362 619 1555 688 potuit.

265 689 316 742 3.
355 689 560 741 Lucius
599 707 813 760 quoque
850 687 1112 755 CraSSUS,
1158 697 1344 742 tantus
1386 688 1533 759 apud
1570 689 1779 742 iudices

158 767 395 830 quantus
423 758 572 830 apud
599 767 783 830 patres
812 761 1147 829 conscriptos
1163 759 1431 812 Aemilius
1456 762 1693 812 Scaurus
1711 792 1782 798 —-

158 849 390 901 namque
417 848 602 883 eorum
635 829 902 899 suffragia
935 830 1334 883 robustissimis
1364 840 1418 882 et
1443 829 1777 884 felicissimis
1804 850 1844 882 10

159 899 502 982 eloquentiae
529 900 815 971 stipendiis
843 901 1086 969 regebat,
1114 908 1338 972 eratque
1366 901 1443 953 sic
1469 901 1578 955 fori
1603 909 1664 954 ut
1688 901 1778 954 ille

158 990 343 1024 curiae
368 973 624 1044 princeps
647 1003 734 1038 ——,
763 990 886 1023 cum
912 971 1452 1024 uehementissimum
1479 972 1781 1026 testimonii

158 1042 367 1095 fulmen
391 1045 448 1095 in
473 1042 550 1094 M.
578 1041 899 1094 Marcellum
928 1061 1081 1094 reum
1098 1043 1398 1111 iniecisset,
1427 1043 1637 1114 impetu
1649 1061 1778 1113 gra—

39 1114 50 1123 ’
158 1114 263 1181 uis,
293 1113 446 1166 exitu
471 1132 647 1165 uanus
678 1113 952 1183 apparuit.

262 1185 314 1236 4.
357 1184 505 1253 Age,
570 1183 637 1251 Q.
697 1182 952 1236 Metellus
1012 1183 1171 1251 Pius,
1233 1183 1297 1235 L.
1351 1183 1644 1251 Lucullus,
1709 1184 1775 1250 Q.
1803 1203 1844 1236 15

157 1255 513 1322 Hortensius,
558 1254 649 1306 M’.
688 1254 931 1324 Lepidus
971 1253 1031 1306 C.
1063 1253 1302 1307 Cornelii
1349 1255 1654 1307 maiestatis
1700 1255 1781 1307 rei

156 1344 319 1397 quam
355 1345 465 1378 non
503 1334 800 1378 onerarunt
844 1332 1062 1378 tantum
1102 1325 1262 1377 modo
1309 1333 1476 1377 testes
1525 1325 1778 1393 salutem,

157 1396 254 1449 sed
282 1397 448 1448 etiam
474 1405 736 1465 negantes
765 1394 858 1448 illo
886 1395 1149 1447 incolumi
1178 1404 1323 1448 stare
1349 1414 1463 1447 rem
1500 1395 1780 1466 publicam

154 1485 344 1538 posse,
384 1467 846 1538 depoposcerunt!
897 1485 1037 1536 quae
1074 1466 1273 1518 decora
1299 1467 1571 1534 ciuitatiS,
1608 1467 1780 1538 pudet

156 1538 378 1602 referre,
405 1538 642 1590 umbone
668 1536 913 1589 iudiciali
940 1535 1162 1607 repulsa
1190 1544 1333 1588 sunt.
1801 1557 1843 1590 20

137 1652 145 1660 .
263 1607 313 1660 5.
354 1607 502 1673 Quid
531 1607 606 1659 M.
636 1607 855 1673 Cicero,
884 1608 1091 1658 forensi
1116 1607 1314 1658 militia
1342 1626 1583 1661 summos
1612 1608 1775 1660 hono-

155 1696 241 1730 res
269 1677 774 1748 amplissimumque
802 1677 1087 1746 dignitatis
1114 1677 1293 1729 locum
1314 1677 1568 1746 adethS,
1596 1695 1774 1729 nonne

81 1798 96 1809 ,
154 1750 211 1800 in
247 1748 381 1819 ipsis
420 1747 763 1820 eloquentiae
802 1765 931 1799 suae
968 1748 1161 1799 castris
1197 1749 1352 1799 testis
1390 1749 1635 1800 abiectus
1673 1755 1772 1813 est,

157 1819 285 1871 dum
312 1819 373 1871 P.
403 1818 695 1871 Claudium
723 1818 931 1871 Romae
958 1817 1107 1888 apud
1134 1836 1190 1869 se
1217 1817 1390 1869 fuisse
1416 1818 1650 1884 iurauit,
1678 1816 1772 1870 illo

156 1889 482 1960 sacrilegum
503 1889 773 1959 flagitium
792 1907 900 1941 uno
918 1897 1235 1958 argumento
1256 1888 1539 1941 absentiae
1558 1887 1773 1941 tuente?
1798 1912 1840 1945 25

154 2011 199 2054 in
238 2009 281 2055 C.
311 2009 542 2059 Flauium,
579 2010 624 2052 in
662 2008 705 2054 C.
743 2007 1002 2053 Norbanum
1039 2009 1316 2053 testimoniis
1353 2008 1509 2058 dictis,
1547 2007 1772 2052 neminem
1798 2020 1890 2055 Par.

154 2094 312 2126 eorum
354 2082 507 2141 potuit
542 2079 770 2140 adfligere.
859 2081 900 2124 3.
940 2079 987 2123 L.
1017 2078 1205 2123 Crassus
1245 2092 1344 2123 cum
1382 2079 1694 2124 testimonium
1732 2079 1776 2122 in

152 2152 207 2197 M.
236 2151 492 2196 Marcellum
533 2151 746 2200 dixisset,
784 2152 958 2210 impetu
994 2150 1173 2210 grauis,
1212 2150 1334 2194 exitu
1371 2163 1516 2194 uanus
1553 2150 1775 2210 apparuit.

153 2226 197 2266 4.'
234 2222 281 2278 Q.
307 2221 531 2267 Metellus
567 2222 698 2271 Pius,
737 2222 786 2266 L.
828 2237 850 2266 *
877 2237 898 2263 *
928 2227 972 2265 et
1008 2220 1077 2266 Μ’.
1114 2219 1313 2280 Lepidus
1349 2221 1393 2265 in
1435 2219 1479 2265 C.
1516 2219 1775 2265 Cornelium

155 2293 409 2337 maiestatis
446 2306 572 2337 reum
613 2298 754 2337 testes
791 2292 994 2337 ciuitatis
1022 2291 1152 2336 fldem
1181 2306 1272 2336 non
1301 2291 1573 2336 habuerunt.
1649 2294 1691 2338 5.
1718 2291 1772 2335 Μ.
1798 2305 1840 2337 30

154 2362 385 2417 Ciceroni,
425 2376 524 2407 cum
554 2363 729 2407 iuraret
755 2362 802 2406 P.
832 2361 1035 2406 Clodium
1065 2362 1230 2406 Romae
1259 2361 1377 2421 apud
1405 2375 1451 2406 se
1480 2361 1645 2411 fuisse,
1675 2375 1774 2405 cun]

153 2432 230 2477 ille
260 2432 483 2493 flagitium
514 2434 698 2483 incesti,
741 2432 862 2491 quod
890 2433 1038 2476 Bonae
1067 2432 1174 2476 deae
1202 2432 1419 2491 templum
1450 2437 1571 2476 esset
1599 2433 1776 2491 ingres-

265 2559 291 2597 3
314 2569 566 2596 noruanum
590 2548 643 2594 B'
702 2556 729 2594 4
751 2554 1037 2607 quaestionis
1060 2551 1115 2593 B'
1175 2555 1200 2593 6
1224 2566 1312 2606 qua
1335 2553 1377 2593 B
1400 2566 1511 2593 corr.
1537 2566 1559 2593 e
1583 2553 1661 2604 qui
1723 2555 1774 2594 13

150 2611 374 2653 marcell?
408 2612 449 2652 B
478 2614 636 2665 partim
665 2613 706 2651 in
738 2624 827 2651 ras.
910 2612 962 2651 15
1003 2611 1053 2650 L.
1079 2609 1300 2649 Lucullus
1322 2611 1502 2661 scripsi:
1534 2609 1565 2650 l.
1588 2621 1772 2649 marcus

150 2669 315 2710 luculli
338 2669 392 2714 B,
418 2669 473 2719 ef.
502 2671 660 2719 Aseon.
683 2669 724 2707 in
752 2669 916 2708 Cornel.
938 2681 984 2719 p.
1003 2669 1055 2706 60
1119 2667 1169 2706 16
1192 2664 1285 2718 M‘.]
1310 2679 1367 2709 m,
1392 2666 1433 2705 B
1451 2662 1471 2719 H
1496 2663 1699 2705 cornelifi
1717 2680 1770 2705 m.

150 2725 236 2767 reti*
259 2726 282 2766 b
337 2728 385 2766 17
410 2721 609 2777 tantum]
638 2725 767 2764 cuius
791 2722 820 2763 ῐῖ
845 2723 886 2762 Β
909 2725 950 2762 in
972 2737 1058 2763 ras.
1084 2737 1133 2763 m.
1162 2726 1188 2763 3
1210 2719 1228 2775 l}
1251 2722 1527 2763 salutemom.
1551 2723 1574 2764 b
1628 2724 1678 2762 19
1701 2722 1773 2763 de-

151 2782 321 2823 decora
343 2783 366 2822 b
409 2784 463 2822 24
484 2782 606 2821 iurat
629 2781 915 2821 Kellerbauer
957 2781 1011 2821 25
1035 2780 1332 2832 meflagitium
1359 2778 1490 2829 (corr.
1515 2782 1560 2819 et
1580 2777 1706 2830 flag.)
1732 2779 1773 2817 B

267 2841 321 2879 29
350 2841 510 2892 signum
534 2841 708 2878 lacunae
731 2838 882 2877 addidi
921 2833 939 2891 Η
979 2837 1040 2876 Μ.
1073 2837 1116 2874 V
1189 2838 1242 2876 30
1266 2836 1451 2875 ciuitati
1480 2836 1525 2874 V
1586 2837 1638 2875 32
1663 2840 1773 2874 tem-

151 2894 274 2947 plum
300 2899 346 2935 et
369 2897 603 2949 ingressus
624 2897 782 2934 uastet
804 2897 962 2947 stupro
984 2893 1180 2946 populus
1204 2895 1410 2933 tueretur
1439 2891 1489 2941 V,
1516 2905 1590 2934 em.
1614 2891 1709 2931 Mai

1403 2959 1516 3011 25*
