1924 3152
183 50 186 52 ,
224 48 227 51 ,
274 47 278 49 .
306 35 312 54 ,.’
411 36 459 51 ;’;
488 37 506 54 ς-
575 35 591 49 ·÷.
643 41 649 47 2
691 31 753 42 ’4
819 47 827 59 Ι

118 68 123 75 .
214 56 251 82 ,ᾖ
274 69 280 74 .
296 67 318 87 ff>
344 56 459 82 ‚rvzy'jaf'w

537 140 658 187 CAP.
685 133 914 192 v111,1‹:x't.
943 139 1032 200 §2-
1072 140 1172 186 Lm.
1195 139 1244 191 v,
1285 139 1314 191 1,
1343 123 1373 200 g
1401 142 1442 186 1.
1700 132 1810 186 215

675 318 908 372 LIBER
945 317 1307 386 QVINTVS.

342 465 389 517 I.
438 466 536 514 DE
568 464 1049 515 HVMANITATE
1082 464 1180 512 ET
1214 463 1641 520 CLEMENTIA.

281 560 636 615 Liberalitati
662 578 797 632 quas
835 579 868 613 a
909 561 1077 614 tiores
1105 559 1335 614 comites
1364 579 1531 631 quam
1554 557 1805 612 humani-

173 639 347 689 tatem
382 641 437 686 et
474 630 822 685 clementiam
896 631 1126 697 ederim,
1166 631 1425 702 quoniam
1458 630 1605 684 idem
1630 649 1802 701 genus

170 702 356 757 laudis
401 703 705 774 expetunt?
769 721 1002 774 quarum
1045 702 1226 773 prima
1275 702 1490 773 inopia,
1552 701 1807 773 proxima
1830 722 1852 755 5

170 774 564 846 occupatione,
601 774 767 827 tertia
793 773 1023 844 ancipiti
1048 773 1273 827 fortuna
1297 780 1630 845 praestatur,
1659 790 1805 826 cum-

172 864 281 917 que
314 844 528 898 nescias
556 863 722 916 quam
756 844 997 898 maxime
1021 843 1252 915 probeS,
1292 845 1408 897 eius
1445 852 1630 897 tamen
1663 862 1805 897 com-

172 915 454 969 mendatio
475 934 830 987 praecurrere
855 914 1096 983 uidetur,
1125 916 1214 968 cui
1239 934 1440 969 nomen
1465 932 1536 968 ex
1559 915 1681 986 ipso
1707 933 1805 967 nu-

174 987 321 1040 mine
349 987 660 1058 quaesitum
687 996 789 1041 est.

286 1060 333 1110 1.
372 1059 520 1111 Ante
548 1058 731 1111 omnia
766 1066 950 1111 autem
975 1056 1374 1110 humanissima
1410 1065 1466 1110 et
1501 1055 1804 1109 clementis·
1829 1076 1871 1108 10

170 1130 316 1183 sima
342 1136 564 1182 senatus
592 1136 718 1182 acta
742 1129 998 1182 referam.
1076 1128 1196 1199 qui,
1225 1146 1351 1181 cum
1376 1127 1806 1197 Karthaginien-

172 1201 321 1253 sium
347 1199 518 1269 legati
544 1199 618 1252 ad
643 1201 892 1271 captiuos
937 1198 1287 1252 redimendos
1323 1198 1381 1250 in
1404 1198 1599 1252 urbem
1624 1197 1803 1251 uenis-

172 1278 319 1337 sent,
346 1270 600 1341 protinus
637 1271 714 1323 eis
742 1270 896 1323 nulla
920 1271 1156 1341 pecunia
1192 1277 1417 1340 accepta
1452 1268 1699 1322 reddidit
1723 1270 1805 1322 iu·

170 1360 370 1408 ueneS,
416 1360 705 1394 numerum
751 1341 919 1394 duum
961 1341 1176 1393 milium
1225 1348 1289 1393 et*
1329 1340 1805 1411 septingentorum

175 1411 544 1485 quadraginta
569 1413 738 1465 trium
765 1411 1056 1483 explentiS,
1087 1412 1133 1464 si
1158 1410 1321 1465 modo
1361 1430 1556 1464 uerum
1588 1413 1803 1464 tantum
1828 1429 1869 1462 15

175 1483 418 1538 hostium
445 1483 750 1536 exercitum
777 1482 1094 1550 dimissum,
1124 1491 1338 1536 tantam
1363 1483 1653 1553 pecuniam
1678 1501 1803 1536 con—

173 1563 467 1625 temptam,
507 1562 589 1607 tot
612 1554 836 1607 Punicis
874 1554 1088 1606 iniuriis
1129 1553 1348 1606 ueniam
1384 1553 1589 1606 datam.
1652 1553 1803 1624 ipsos

171 1624 387 1694 legatos
424 1625 760 1695 obstipuisse
796 1625 1035 1678 arbitror
1071 1643 1134 1677 ac
1161 1629 1349 1677 'secum
1374 1624 1584 1677 dixisse
1611 1629 1662 1677 ‘o
1689 1642 1804 1676 mu-

171 1695 512 1748 nificentiam
570 1695 749 1765 gentis
818 1696 1101 1748 Romanae
1174 1695 1402 1754 deorum
1468 1694 1805 1764 benignitati

174 1765 544 1838 aequandam!
586 1784 616 1818 o
645 1766 812 1818 etiam
836 1774 1087 1819 nostram
1119 1765 1451 1835 legationem
1478 1784 1646 1836 supra
1671 1773 1804 1818 uota
1828 1784 1870 1816 20

173 1834 414 1890 felicem!
453 1854 581 1888 nam
602 1835 749 1907 quod
766 1836 1092 1889 beneficium
1118 1855 1418 1907 numquam
1438 1836 1802 1902 dedissemUS,

173 1925 302 1961 acce
342 1908 524 1959 imus?
1689 1948 1696 1955 .

281 1926 429 2032 Illud
454 1995 558 2049 quo
600 1996 668 2030 ue
694 1997 805 2031 non
824 1996 1058 2049 paruum
1082 1977 1443 2030 humanitatis
1472 1984 1696 2030 senatus
1724 1976 1803 2028 in-

170 2049 378 2102 dicium
417 2057 516 2101 est.
621 2051 891 2120 yphacem
935 2049 1101 2112 enim,
1139 2048 1415 2120 quondam
1451 2067 1481 2102 o
1522 2046 1801 2101 ulentissi-

85 2179 89 2182 ⁴
170 2139 266 2174 mu
301 2119 598 2173 Numidiae
636 2138 848 2190 regem,
897 2120 1181 2191 captiuum
1226 2120 1285 2171 in
1321 2126 1474 2172 custo
1518 2118 1574 2171 ia
1599 2117 1797 2171 Tiburi
1823 2139 1865 2172 25

169 2199 455 2245 mortuum
480 2190 703 2262 publico
722 2191 918 2244 funere
944 2190 1161 2244 censuit
1182 2190 1538 2258 efferendum,
1564 2197 1628 2243 ut
1653 2189 1801 2242 uitae

278 2324 376 2371 DE
418 2323 875 2370 HVMANITATE
918 2324 1013 2370 ET
1046 2321 1446 2371 CLEMENTIA.
1500 2326 1542 2371 1.
1580 2323 1794 2381 Senatus,
1822 2333 1918 2370 Par.

169 2409 277 2441 cum
298 2395 741 2456 Carthaginiensium
767 2394 907 2455 legati
933 2395 987 2441 ad
1009 2395 1299 2441 redimendos
1327 2397 1538 2456 captiuos
1566 2395 1612 2440 in
1638 2393 1798 2440 urbem

172 2466 433 2515 uenissent,
470 2467 682 2525 protinus
719 2466 785 2510 eis
820 2466 944 2511 nulla
979 2465 1174 2527 pecunia
1209 2473 1395 2527 accepta
1420 2465 1617 2511 reddidit
1641 2479 1799 2511 nume-

176 2549 277 2579 rum
303 2547 448 2580 0000
472 2546 691 2582 Dccxnn
716 2534 954 2596 explentis.
1008 2536 1127 2582 idem
1154 2543 1339 2583 senatus
1367 2536 1623 2596 Syphacem
1646 2535 1800 2580 Numi·
1826 2549 1870 2581 30

170 2605 275 2651 diae
310 2618 466 2665 regem
502 2607 756 2666 captiuum,
798 2609 843 2651 in
878 2606 1087 2653 custodia
1122 2613 1356 2652 mortuum
1383 2606 1565 2656 Tiburi,
1611 2604 1798 2666 publico

289 2730 314 2769 2
343 2727 466 2771 AVT
498 2728 540 2769 B
607 2731 633 2769 3
660 2728 990 2770 Liberalitatis
1021 2722 1076 2769 B'
1144 2729 1170 2768 8
1202 2730 1278 2769 cui
1298 2741 1465 2770 nomen
1488 2727 1566 2783 (se.
1589 2727 1802 2770 humani-

168 2784 281 2837 tati)
306 2798 362 2826 ex
381 2785 483 2838 ipso
504 2785 689 2826 homine
712 2785 888 2827 Colerusss·
903 2785 1188 2838 probabiliter
1257 2788 1309 2827 13
1329 2786 1400 2826 his
1421 2785 1465 2826 B
1534 2786 1587 2827 15
1610 2785 1802 2839 explen-

169 2843 255 2892 tis,
290 2842 331 2882 si
351 2841 484 2883 modo
504 2854 666 2882 uerum
688 2842 866 2895 Rumpf:
899 2842 1143 2896 explentes
1162 2855 1322 2883 uerum
1341 2843 1397 2890 B,
1428 2844 1509 2884 sed
1533 2845 1803 2883 ntesuerum

168 2899 217 2995 {n
237 2911 326 2938 ras.
348 2913 400 2939 m.
426 2901 468 2946 3,
492 2898 840 2952 expletissimus
861 2911 1012 2940 rerum
1033 2900 1136 2940 dett.
1197 2900 1253 2940 24
1273 2901 1480 2953 sipaoem
1501 2898 1555 2945 B,
1590 2899 1802 2952 syfacem

207 2985 219 3005 ,
251 2967 327 2996 em.
348 2957 393 2996 in
413 2955 456 2995 B
476 2969 556 3008 my.
