1924 3152
225 0 227 3 ’
269 11 276 37 t
1094 11 1102 14 —
1133 0 1243 28 ’νῇ-ι
1268 0 1346 29 5⁶5⁸*
1373 19 1407 41 Ι..

233 113 338 165 346
573 106 580 111 “
926 119 1023 164 Lm.
1065 119 1148 163 vn.
1175 180 1177 183 .

232 225 452 276 iurauit.
505 233 634 276 tunc
661 226 1030 276 Anaximenes
1067 227 1234 295 ‘peto’
1271 226 1448 296 inquit
1475 233 1556 279 ‘ut
1581 228 1839 299 Lampsa-

233 314 353 346 cum
382 295 606 345 diruas'.
657 293 791 346 haec
818 294 1081 347 uelocitas
1120 296 1440 365 sagacitatis
1467 297 1726 368 oppidum
1750 317 1840 351 ue-

232 373 379 417 tusta
407 363 693 416 nobilitate
718 364 983 435 inclytum
1009 367 1205 432 exitiO,
1235 367 1322 418 cui
1349 366 1677 420 destinatum
1705 376 1839 436 erat,

233 435 527 487 subtraxit.

182 524 210 556 5
336 504 386 556 5.
426 504 814 558 Demosthenis
859 523 1071 575 quoque
1117 507 1320 557 astutia
1362 506 1589 558 mirifice
1622 506 1842 560 cuidam

230 573 477 626 aniculae
504 593 820 626 succursum
848 587 956 641 est,
1002 594 1141 645 quae
1168 577 1456 646 pecuniam
1484 576 1550 628 de
1594 578 1718 630 ositi
1746 596 1838 629 no—

231 646 374 697 mine
403 664 435 696 a
462 645 676 698 duobus
703 645 1010 715 hospitibus
1039 654 1324 716 acceperat
1351 665 1415 698 ea
1441 665 1543 699 con
1585 647 1756 700 icione
1781 656 1842 700 ut

231 715 383 767 illam
411 714 571 767 simul
597 717 814 785 utrique
833 715 1106 768 redderet.
1145 735 1378 786 quorum
1398 716 1537 768 alter
1557 718 1839 770 interiecto

229 793 474 856 tempore
501 794 779 856 tamquam
806 794 1022 839 mortuo
1062 787 1207 838 socio
1236 785 1486 856 squalore
1512 787 1723 840 obsitus
1753 787 1842 840 de-

168 876 208 907 10
231 865 420 926 ceptae
465 857 638 909 omnis
683 875 932 908 nummos
975 855 1217 910 abstulit.
1294 857 1610 926 superuenit
1646 857 1840 910 deinde

228 926 369 979 alter
395 934 448 978 et
474 927 784 997 depositum
809 935 991 996 petere
1021 928 1219 997 coepit.
1269 926 1533 979 haerebat
1559 928 1762 979 misera
1788 935 1841 979 et

228 998 286 1048 in
311 997 554 1049 maxima
581 997 785 1066 pariter
812 1005 863 1048 et
887 998 1152 1067 pecuniae
1179 1005 1232 1048 et
1253 996 1584 1050 defensionis
1612 999 1842 1068 penuria

229 1068 337 1119 iam
366 1068 432 1119 de
458 1066 649 1138 laqueo
677 1075 731 1119 et
752 1067 1051 1135 suspendio
1075 1068 1378 1134 cogitabat:
1421 1067 1518 1119 sed
1539 1076 1840 1137 opportune

229 1138 623 1190 Demosthenes
654 1138 702 1189 ei
730 1146 990 1207 patronus
1018 1136 1265 1189 adfulsit.
1326 1139 1419 1208 qui
1442 1146 1503 1189 ut
1528 1139 1584 1188 in
1611 1137 1840 1191 aduoca-

166 1227 207 1258 15
231 1208 437 1260 tionem
474 1209 653 1274 uenit7
695 1207 927 1259 ‘mulier’
963 1209 1142 1278 inquit
1169 1213 1381 1277 eparata
1407 1216 1490 1259 est
1517 1208 1755 1277 depositi
1782 1227 1839 1260 se

229 1277 594 1344 fide¹soluere7
625 1279 720 1330 sed
746 1279 852 1329 nisi
881 1279 1088 1330 socium
1110 1277 1428 1343 adduxeriS‚
1455 1277 1512 1328 id
1533 1278 1712 1329 facere
1733 1296 1840 1330 non

229 1356 438 1417 potest,
475 1348 762 1417 quoniam,
799 1356 860 1400 ut
886 1349 1003 1417 ipse
1039 1347 1382 1412 uociferaris,
1420 1347 1554 1398 haec
1581 1347 1729 1400 dicta
1756 1356 1839 1400 est

228 1419 338 1485 lex,
366 1437 434 1469 ne
460 1418 694 1488 pecunia
720 1418 879 1469 alteri
907 1418 1023 1468 sine
1050 1417 1220 1469 altero
1249 1425 1665 1469 numeraretur’.

334 1489 384 1540 6.
426 1490 510 1540 Ac
536 1507 601 1540 ne
628 1487 767 1538 illud
792 1487 1010 1558 quidem
1037 1506 1230 1557 parum
1250 1488 1563 1557 prudenter.
1615 1488 1838 1558 quidam

163 1577 206 1609 20
231 1558 461 1610 Athenis
487 1558 742 1609 uniuerso
777 1557 979 1628 populo
1006 1559 1246 1623 inuisus,
1283 1576 1507 1609 causam
1543 1557 1690 1627 apud
1716 1577 1839 1610 eum

228 1630 452 1698 capitali
479 1628 702 1680 crimine
730 1627 974 1680 dicturus
990 1668 1003 1694 ,
1042 1629 1341 1679 maximum
1367 1627 1627 1680 honorem
1658 1629 1838 1681 subito

110 1787 204 1822 Par.
230 1789 318 1820 non
366 1775 593 1820 facturum
641 1789 688 1819 se
734 1774 855 1834 quod
907 1775 1099 1834 petisset
1144 1775 1325 1819 iurauit.
1397 1781 1503 1819 tunc
1545 1774 1837 1820 Anaximenes

230 1846 377 1905 ‘peto'
415 1847 563 1905 inquit
599 1843 670 1889 ‘ut
695 1844 989 1904 Lampsacum
1027 1844 1178 1889 deleas
1216 1844 1498 1903 diruasque'.
1571 1849 1613 1890 5.
1651 1844 1837 1890 Anicula

229 1916 444 1975 quaedam
472 1916 660 1960 Athenis
689 1917 923 1974 pecuniam
951 1915 1147 1974 depositi
1186 1915 1366 1959 nomine
1393 1930 1415 1960 a
1443 1914 1622 1960 duobus
1649 1916 1838 1974 hospiti-

164 2002 205 2035 25
227 1985 313 2031 bus
340 1986 528 2046 accepit,
557 2001 608 2031 ea
636 1985 901 2030 condicione
929 1992 979 2030 ut
1006 1983 1141 2030 simul
1168 1986 1353 2044 utrique
1381 1985 1601 2030 redderet.
1643 1999 1838 2044 quorum

227 2056 345 2101 alter
382 2056 657 2116 interposito
699 2063 926 2115 tempore,
975 2062 1200 2114 tamquam
1245 2061 1425 2099 mortuo
1463 2056 1587 2100 socio
1624 2054 1838 2114 squalore

227 2125 405 2171 obsitus
444 2139 599 2170 omnes
636 2139 843 2170 nummos
881 2126 1069 2184 accepit.
1132 2125 1399 2183 superuenit
1435 2124 1593 2168 deinde
1635 2124 1751 2168 alter
1787 2139 1836 2169 ac

227 2195 484 2255 depositum
522 2202 730 2254 expetere
766 2196 931 2254 coepit.
995 2201 1088 2238 tum
1126 2193 1329 2239 aniculae
1356 2195 1559 2238 haerenti
1596 2199 1732 2253 atque
1758 2209 1837 2254 pe-

226 2266 354 2323 nuria
400 2266 678 2310 defensionis
724 2266 906 2309 territae
950 2271 1209 2324 opportune
1246 2264 1570 2308 Demosthenes
1615 2271 1835 2324 patronus

161 2354 205 2386 30
229 2336 396 2386 adfuit,
435 2337 512 2395 qui
540 2343 590 2380 ut
617 2337 660 2379 in
688 2335 1032 2380 aduocationem
1061 2335 1212 2385 uenit,
1252 2334 1454 2379 ‘mulier’
1485 2333 1633 2394 inquit
1660 2335 1833 2394 ‘parata

227 2413 297 2451 est
334 2406 531 2466 depositi
567 2405 697 2454 fidem
735 2405 968 2456 exhibere,
1008 2405 1085 2450 sed
1123 2404 1210 2449 nisi
1243 2406 1416 2449 socium
1445 2403 1706 2454 adduxeris,
1744 2419 1835 2450 non

225 2478 418 2536 potest'.
483 2479 524 2521 6.
563 2475 750 2531 Quidam
776 2476 965 2521 Athenis
992 2475 1210 2520 uniuerso
1237 2475 1409 2535 populo
1437 2476 1628 2525 inuisus,
1655 2489 1834 2520 causam

340 2630 365 2668 5
387 2628 691 2667 Demostenes
712 2619 767 2666 B'
829 2630 853 2667 6
877 2626 1079 2666 ancillae
1105 2626 1156 2672 B,
1179 2639 1294 2666 corr.
1316 2625 1519 2677 Kempfe
1543 2626 1582 2664 P
1599 2620 1618 2679 ΙΙ
1638 2625 1834 2677 pecunia

226 2682 438 2735 deposita
459 2676 515 2723 B'
575 2686 598 2724 7
620 2683 835 2736 hospitiis
860 2683 900 2722 B
958 2684 984 2723 8
1006 2683 1213 2733 utrisque
1237 2682 1290 2728 B,
1314 2695 1390 2723 em.
1413 2695 1434 2720 e
1458 2681 1498 2719 P
1546 2683 1593 2720 11
1619 2683 1834 2732 expetere

225 2739 268 2778 P
304 2737 323 2790 ΙΙ
364 2743 409 2779 et
430 2742 473 2779 in
494 2739 536 2779 B
558 2752 743 2787 erasum,
774 2744 823 2778 ut
853 2740 893 2778 F
891 2739 1060 2780 oercsclz
1080 2738 1157 2784 II,
1183 2740 1240 2778 32
1261 2743 1430 2777 retenta
1451 2740 1627 2777 lectione
1649 2737 1832 2787 iamque

229 2797 281 2835 13
304 2795 395 2834 iam
417 2797 519 2835 dett.
544 2802 586 2835 et
607 2809 667 2834 m:
698 2796 837 2846 iamq.
860 2795 901 2834 B
922 2792 941 2848 Η
962 2799 1184 2846 oportune
1206 2794 1248 2833 B
1310 2795 1362 2832 14
1385 2792 1533 2832 adfuit
1558 2793 1596 2830 P
1613 2792 1728 2846 haud
1745 2794 1834 2832 scio

227 2865 282 2891 an
302 2856 433 2897 recte,
457 2852 514 2902 cf.
540 2857 678 2891 tamen
703 2855 738 2898 7,
762 2854 800 2898 6,
823 2851 878 2891 E.
903 2854 926 2890 1
966 2848 985 2904 ΙΙ
1024 2851 1072 2890 in
1094 2850 1135 2889 B
1155 2863 1189 2889 s.
1214 2853 1240 2891 l.
1322 2849 1373 2888 18
1415 2851 1676 2888 numeretur
1696 2847 1720 2887 b
1782 2849 1834 2888 19

228 2904 367 2959 quida
397 2907 439 2947 B
460 2920 577 2947 corr.
599 2920 620 2946 e
644 2907 719 2958 qui
780 2909 831 2946 21
858 2906 1075 2959 capitalis
1100 2905 1303 2945 criminis
1327 2905 1367 2944 P
