1924 3152
718 108 837 155 CAP.
864 107 934 160 111,
960 106 1058 153 Exi.
1087 106 1117 166 g
1146 109 1284 153 1—4.
1457 61 1461 64 i
1720 83 1820 155 135

182 215 254 290 po
294 217 384 272 ulo
422 225 680 289 torquere
717 235 841 269 eum
874 216 1030 269 uario
1066 216 1342 268 cruciatus
1378 233 1580 285 genere
1617 216 1816 285 coepit,

183 309 250 343 su
290 289 419 343 inde
492 307 722 341 uaerens
761 306 1030 359 quosnam
1063 285 1282 340 consilii
1318 285 1616 358 participes
1651 285 1818 340 habe-

182 369 285 414 ret.
363 368 421 414 at
467 361 478 371 '
504 358 555 412 le
599 377 776 430 neque
823 377 1012 412 eorum
1057 376 1385 429 quemquam
1418 358 1727 411 nominauit
1765 365 1819 410 et

183 431 498 505 proximum
517 448 786 511 quemque
807 447 869 483 ac
891 428 1220 482 fidissimum
1238 437 1475 498 tyranno
1498 436 1820 510 suspectum

183 501 454 569 reddidit,
505 500 950 572 increpltansque
997 500 1379 569 Agrigentinis
1427 500 1710 570 ignaulam
1754 518 1819 552 ac
1843 515 1864 549 5

184 572 540 627 timiditatem
566 571 747 624 effecit
769 579 832 624 ut
858 571 1040 625 subito
1067 571 1267 624 mentis
1304 570 1527 642 inpulsu
1554 570 1818 626 concitati

183 642 467 697 Phalarim
499 641 779 713 lapidibus
816 649 1244 713 prosternerent.
1300 644 1446 695 senis
1484 660 1613 712 ergo
1651 642 1815 694 unius

184 714 370 768 eculeo
406 714 466 766 in
507 714 634 767 ositi
659 733 770 767 non
797 712 1032 785 supplex
1066 733 1182 767 uox
1206 732 1308 766 nec
1335 712 1668 766 miserabilis
1706 713 1817 766 eiu-

180 785 354 852 latuS,
394 803 453 838 se
519 784 681 838 fortis
710 784 1020 839 cohortatio
1050 784 1219 838 totius
1256 784 1410 839 urbis
1441 785 1684 837 animum
1708 784 1818 836 for-

184 865 374 910 tunam
412 875 481 908 ue
506 857 760 909 mutauit.
1842 872 1882 903 ιο

291 928 343 981 3.
434 925 650 979 iusdem
676 925 909 979 nominis
936 925 1294 998 philosophus
1310 967 1324 994 ,
1354 945 1479 980 cum
1506 944 1539 978 a
1563 925 1817 979 Nearcho

184 1008 440 1070 tyrannO,
471 996 538 1050 de
565 997 718 1051 cuius
747 1016 879 1050 nece
907 996 1198 1051 consilium
1222 997 1439 1065 inierat,
1468 1005 1820 1069 torqueretur

185 1068 444 1142 supplicii
469 1068 677 1138 pariter
712 1077 877 1139 atque
910 1068 1332 1121 indicandorum
1358 1070 1540 1139 gratia
1574 1068 1817 1122 conscio-

183 1159 334 1206 rum,
381 1138 586 1192 doloris
622 1139 800 1192 uictor
826 1139 924 1192 sed
958 1138 1183 1193 ultionis
1213 1139 1477 1211 cupiduS,
1524 1158 1646 1193 esse
1674 1139 1818 1192 dixit

183 1209 332 1283 quod
367 1218 574 1263 secreto
612 1210 805 1263 audire
833 1229 958 1263 eum
984 1211 1282 1264 admodum
1308 1211 1626 1282 expediret,
1664 1209 1817 1263 laxa·
1842 1226 1883 1259 15

183 1291 380 1354 tusque
419 1279 633 1349 eculeo,
672 1289 967 1353 postquam
992 1280 1209 1334 insidiis
1250 1289 1621 1353 opportunum
1649 1281 1817 1333 anim-

185 1351 444 1420 aduertit,
471 1370 660 1405 aurem
682 1353 797 1406 eius
819 1372 1006 1405 morsu
1026 1352 1308 1424 corripuit,
1334 1371 1437 1405 nec
1456 1360 1584 1406 ante
1607 1351 1819 1405 dimisit

184 1443 349 1496 quam
375 1432 430 1476 et
453 1423 573 1546 ipse
598 1424 718 1477 uita
742 1431 798 1476 et
822 1423 914 1476 ille
940 1432 1098 1495 parte
1126 1424 1374 1495 corporis
1403 1424 1733 1495 priuaretur.

286 1495 344 1549 ,4.
384 1495 470 1547 Ta
491 1494 538 1546 is
574 1495 874 1565 patientiae
909 1493 1159 1548 aemulus
1195 1496 1593 1562 AnaxarchuS,
1634 1513 1760 1547 cum
1787 1513 1819 1546 a

184 1573 423 1636 tyranno
451 1565 783 1636 Cypriorum
809 1566 1174 1620 Nicocreonte
1199 1574 1550 1638 torqueretur
1573 1584 1676 1619 nec
1700 1564 1815 1618 ulla
1838 1581 1880 1614 20

186 1636 245 1688 ui
285 1635 523 1689 inhiberi
568 1646 757 1706 posset
802 1656 908 1708 quo
954 1637 1134 1689 minus
1180 1655 1302 1689 eum
1341 1637 1819 1691 amarissimorum

187 1704 604 1760 maledictorum
629 1707 954 1764 uerberibus
982 1707 1222 1768 inuicem
1247 1708 1367 1778 ipse
1393 1715 1699 1778 torqueret,
1746 1708 1819 1761 ad

184 1776 439 1830 ultimum
477 1778 911 1847 amputationem
934 1777 1156 1847 linguae
1181 1778 1462 1831 minitanti
1500 1785 1639 1829 ‘non
1665 1778 1770 1830 erit
1786 1786 1816 1844 ',

186 1847 365 1918 inquit
391 1851 406 1874 ‘
422 1847 732 1900 effeminate
759 1847 1082 1901 adulescens
1099 1888 1112 1913 ,
1141 1849 1277 1901 haec
1304 1866 1520 1919 quoque
1545 1866 1674 1918 pars
1701 1867 1816 1902 cor—

185 1919 337 1989 poris
364 1919 472 1970 mei
497 1925 625 1971 tuae
653 1919 885 1972 dicionis
899 1925 934 1986 ',
962 1918 1326 1990 protinusque
1354 1918 1610 1972 dentibus
1638 1918 1815 1973 absci-
1840 1934 1884 1967 25

186 2007 306 2042 sam
331 1997 387 2042 et
413 1990 905 2043 conmanducatam
930 1988 1177 2059 linguam
1202 1991 1261 2042 in
1289 2009 1348 2043 os
1378 1990 1492 2043 eius
1518 1989 1604 2043 ira
1615 1997 1816 2060 patens

186 2060 395 2131 expuit.
446 2058 745 2114 multorum
772 2079 931 2113 aures
958 2059 1055 2113 illa
1081 2060 1272 2131 lingua
1308 2068 1362 2114 et
1384 2061 1444 2113 in
1468 2061 1661 2132 primis
1690 2060 1817 2114 Ale-

184 2130 389 2183 xandri
437 2131 582 2200 regis
615 2130 1000 2197 *admiratione
1052 2132 1138 2185 sui
1197 2132 1477 2186 adtonitas
1528 2131 1816 2198 habuerat,
1896 2184 1905 2194 „

186 2265 226 2309 3.
255 2263 467 2310 Eiusdem
492 2265 690 2311 nominis
717 2265 1024 2326 philosophus
1045 2279 1147 2312 cum
1173 2280 1197 2312 a
1215 2266 1421 2312 Nearcho
1444 2271 1654 2326 tyranno,
1684 2268 1814 2311 cuius
1840 2275 1921 2309 Par

185 2347 343 2380 necem
369 2332 554 2389 inierat,
585 2342 904 2395 torqueretur,
940 2336 1055 2382 dixit
1080 2350 1129 2382 se
1157 2338 1279 2397 quod
1308 2343 1489 2383 secreto
1517 2338 1565 2383 in
1593 2350 1747 2383 aurem
1775 2336 1817 2381 ei
1842 2348 1883 2382 30

186 2403 359 2450 diceret
383 2405 571 2451 habere:
610 2405 878 2467 laxatusque
906 2407 1063 2454 eculeo
1100 2422 1256 2453 aurem
1284 2408 1380 2454 eius
1409 2422 1567 2453 morsu
1604 2407 1815 2468 arripuit,

188 2487 276 2519 nec
310 2481 415 2520 ante
441 2475 612 2521 dimisit
639 2491 773 2536 quam
811 2484 857 2523 et
883 2479 985 2538 ipse
1007 2479 1105 2524 uita
1130 2484 1177 2523 et
1203 2478 1281 2523 ille
1307 2485 1438 2539 parte
1476 2480 1687 2538 corporis
1724 2478 1817 2538 pri-

188 2549 389 2590 uaretur.
453 2548 494 2590 4.
531 2546 825 2593 Anaxarchus
861 2549 1168 2608 philosophus
1207 2563 1309 2594 cum
1350 2564 1374 2594 a
1410 2549 1711 2594 Nicocreonte
1748 2554 1819 2607 ty-

190 2628 332 2660 ranno
370 2614 639 2676 Cypriorum
684 2618 730 2661 in
777 2617 917 2677 pilam
961 2620 1196 2665 coniectus
1244 2619 1540 2669 tunderetur,
1595 2617 1780 2664 ‘follem
1803 2618 1816 2640 '

303 2753 329 2792 2
354 2752 583 2806 quodnam
599 2753 654 2802 B,
688 2758 908 2807 quotnam
929 2755 953 2796 b
1023 2759 1048 2796 3
1071 2767 1348 2808 quemquam
1373 2755 1436 2796 F.-
1468 2770 1547 2798 om.
1568 2756 1625 2804 B,
1659 2768 1817 2808 quem-

187 2808 314 2861 piam
334 2809 377 2850 B
398 2823 476 2860 my.
540 2811 590 2851 11
623 2822 727 2851 cum
750 2824 777 2851 a
798 2812 1000 2853 nearcho
1023 2812 1064 2852 B
1085 2814 1130 2853 in
1150 2814 1280 2853 litura
1300 2826 1359 2853 ex
1380 2814 1423 2854 P
1487 2813 1539 2854 15
1560 2812 1818 2865 laxatoque

189 2863 245 2915 B,
278 2878 354 2906 em.
377 2879 399 2907 e
420 2867 463 2906 P
520 2868 573 2908 16
595 2871 870 2919 oportunum
892 2869 935 2909 B
993 2870 1048 2911 25
1070 2868 1261 2910 ditionis
1283 2862 1339 2909 B'

304 2923 358 2963 32
378 2922 484 2976 ipsa
512 2923 555 2963 V
611 2926 664 2965 33
686 2925 962 2967 nicocreone
990 2919 1052 2966 V'
