1936 3120
777 125 903 178 vnn,
931 127 952 170 1
973 95 1040 159 -’
1053 126 1118 170 12.
1656 118 1761 171 499

257 245 296 288 6.
340 241 542 288 Valerius
576 239 808 287 Publicola
847 238 1006 285 consul
1042 240 1217 299 primus
1267 253 1368 284 cum
1412 238 1601 300 expulso
1648 238 1759 284 urhe
1776 202 1930 293 {³:3¹4

151 314 399 374 Tarquinio
431 319 589 359 contra
614 311 833 358 Etruscos
860 310 1164 370 Veientesque
1201 317 1453 370 pugnaret,
1494 323 1518 355 e
1553 311 1758 370 proximo
1830 354 1832 357 ,

152 385 258 431 luco
285 383 438 429 audita
463 397 553 429 uox
572 389 664 436 est;
694 381 708 405 ³
723 395 815 427 uno
836 381 940 441 plus
959 381 1140 426 Etrusci
1162 381 1336 432 cadent,
1365 381 1593 427 Romanus
1610 381 1760 427 uictor

154 455 339 504 abibit’.
391 461 636 514 utrumque
662 466 822 498 uerum
849 451 949 497 suit.

110 537 129 568 5
259 530 298 570 7.
339 525 476 570 Gaius
510 524 742 569 Fabricius
775 524 1000 568 Luscinus
1037 522 1198 569 consul
1237 529 1282 568 et
1309 524 1560 584 imperator
1583 523 1756 583 praeci·
1777 527 1817 576 8,
1839 529 1865 568 6

152 610 268 658 puus
292 596 504 641 Thurinis
531 595 698 641 auxilio
726 600 824 640 erat
850 600 1008 639 contra
1029 595 1230 639 Bruttios
1252 594 1566 654 Lucanosque.
1594 594 1641 639 id
1661 607 1762 639 cum

151 666 371 713 militibus
408 667 609 712 romanis
640 665 828 711 arduum
867 664 1124 716 uideretur,
1171 671 1222 709 ut
1267 671 1426 711 contra
1462 665 1573 710 duas
1600 671 1760 725 gentes

151 738 325 784 ualidas
354 737 763 805 congrederentur,
802 738 1014 796 apparuit
1052 735 1204 782 subito
1241 737 1421 781 iuuenis
1459 737 1672 796 ignotus,
1708 735 1763 781 ad

153 810 370 855 uirtutem
406 822 619 863 romanos
654 808 879 853 exercitus
916 821 1081 852 acuens
1118 815 1186 857 et,
1234 821 1334 852 cum
1379 807 1601 853 tardiores
1640 806 1761 853 forte

90 891 131 922 10
155 881 372 930 sentiret,
411 879 555 925 scalas
587 893 752 939 gerens
779 893 862 939 per
886 878 1100 923 aduersas
1127 879 1246 923 acies
1274 879 1500 929 hostium,
1537 877 1762 923 accendit-

153 965 242 1012 que
267 950 494 996 Romanos
521 950 736 1010 pulchrae
762 951 951 995 uirtutis
979 950 1181 995 hortatu.
1227 949 1423 1010 denique
1452 964 1504 995 eo
1531 949 1710 1009 proelio
1737 963 1760 994 a

150 1023 360 1068 Romanis
396 1035 524 1067 caesa
566 1027 674 1066 sunt
707 1035 764 1066 m.
791 1021 888 1070 XX,
929 1028 1058 1081 capta
1095 1035 1151 1064 m.
1179 1020 1213 1064 V
1240 1035 1341 1066 cum
1368 1021 1513 1081 signis
1543 1020 1689 1065 tribus
1717 1025 1763 1064 et

151 1093 263 1138 duce
291 1091 435 1139 Statio
463 1092 660 1138 Statilio.
709 1106 841 1137 mane
869 1092 956 1137 alio
987 1092 1147 1137 consul
1174 1091 1338 1136 Fabius
1365 1093 1683 1152 pronuntiauit
1720 1091 1760 1136 ei

153 1178 201 1209 se
228 1163 444 1209 uallarem
471 1177 686 1209 coronam
713 1163 947 1213 daturum,
979 1163 1055 1223 qui
1085 1164 1130 1207 in
1159 1170 1358 1208 castrum
1386 1164 1558 1223 primus
1586 1163 1763 1222 irrupe-

91 1245 131 1276 15
155 1240 239 1280 rat.
293 1248 392 1280 cum
419 1242 573 1295 petere
600 1236 849 1295 praemium
876 1234 1029 1279 nullus
1057 1234 1257 1284 auderet,
1286 1235 1434 1279 honos
1462 1240 1507 1279 et
1527 1232 1762 1278 manubIae

152 1305 280 1351 Marti
307 1319 331 1350 a
358 1307 533 1352 cunctis
559 1305 780 1351 militibus
809 1305 976 1351 deuota
1004 1305 1336 1366 supplicatione
1364 1304 1551 1350 delatae.

257 1379 299 1420 8.
338 1377 452 1422 Deos
479 1383 667 1438 penates
693 1380 870 1422 Aeneae
897 1378 1118 1422 Ascanius
1144 1376 1331 1422 Lauinio
1369 1374 1526 1421 Albam
1564 1380 1762 1420 transtu·
1783 1372 1823 1423 8,
1849 1373 1873 1411 7

153 1447 290 1492 lerat:
338 1448 578 1493 simulacra
614 1448 851 1493 Lauinium
898 1454 1063 1508 sponte
1105 1447 1295 1492 rediere.
1356 1461 1514 1492 rursus
1560 1446 1764 1491 traducta

154 1516 311 1562 Albam
337 1520 596 1578 repetiuere
615 1520 883 1581 antiquiora
909 1518 1111 1564 delubra.

90 1597 131 1629 20
259 1589 300 1631 9.
339 1588 386 1634 L.
412 1588 631 1639 Cassium,
659 1603 978 1648 percussorem
1005 1589 1218 1635 auunculi
1247 1590 1318 1634 sui
1346 1589 1395 1634 G.
1421 1588 1521 1633 Iulii
1543 1588 1762 1638 Caesaris,
1785 1585 1826 1637 8,
1850 1587 1876 1626 8

155 1658 429 1704 Octauianus
464 1660 701 1719 Augustus
745 1659 867 1704 bello
914 1666 984 1704 est
1027 1666 1311 1720 persecutus.
1363 1661 1517 1719 itaque
1563 1673 1664 1704 cum
1709 1659 1762 1703 ad

153 1729 390 1790 Philippos
418 1736 716 1790 pugnaretur,
754 1729 908 1775 Cassio
938 1731 1085 1775 uisum
1110 1737 1179 1775 est
1207 1730 1329 1790 quod
1356 1737 1657 1790 purpuratum
1692 1730 1763 1774 Iu-

153 1800 264 1845 lium
291 1801 524 1847 Caesarem
563 1815 681 1860 equo
720 1802 907 1846 incitato
947 1802 992 1845 in
1022 1815 1069 1845 se
1096 1802 1342 1846 irruentem
1371 1801 1572 1851 uideret,
1612 1807 1656 1845 et
1683 1813 1762 1860 ge-

154 1885 283 1916 mens
311 1872 605 1917 exclamauit:
638 1873 651 1893 ‘
669 1871 893 1921 cedamus,
923 1871 1101 1931 quando
1130 1886 1214 1918 nec
1240 1871 1462 1917 occidisse
1490 1871 1722 1931 prodest'.

91 1950 132 1983 25
267 1945 329 1987 10.
370 1942 420 1989 L.
458 1942 676 1988 Lentulus
715 1943 758 1987 in
796 1944 1023 2003 Aegyptio
1061 1942 1194 1988 litore
1233 1943 1352 1988 sorte
1392 1943 1627 2002 conspexit
1672 1938 1824 1992 fra-8,
1849 1943 1875 1982 9

157 2014 353 2072 gmentis
382 2013 574 2074 scaphae
603 2014 845 2058 humanum
875 2027 1042 2074 corpus
1071 2015 1195 2058 exuri
1225 2020 1268 2058 et
1289 2013 1511 2059 militibus
1537 2014 1622 2059 ait:
1653 2012 1667 2035 ‘
1685 2014 1762 2073 qui

155 2084 324 2129 scimus
351 2099 406 2129 an
433 2084 616 2144 Pompei
644 2099 786 2144 rogus
814 2084 902 2129 sit?
920 2085 933 2105 ²
987 2086 1205 2144 ignorans
1234 2099 1328 2130 rem
1355 2085 1539 2130 locutus
1567 2091 1653 2130 est.

260 2157 326 2201 11.
367 2155 476 2200 Cum
503 2157 748 2200 sacrarium
777 2154 999 2200 Saliorum
1040 2163 1286 2201 crematum
1324 2163 1472 2206 esset,
1515 2155 1641 2200 solus
1678 2155 1763 2201 Ro·
1785 2158 1827 2208 8,
1854 2162 1904 2201 11

153 2226 263 2270 muli
298 2226 439 2271 lituus
476 2227 655 2286 integer
691 2233 901 2287 repertus
939 2233 1021 2271 est.
1075 2234 1232 2272 exusta
1269 2227 1481 2272 similiter
1517 2227 1625 2272 aede
1652 2226 1764 2272 For-

92 2305 135 2336 30
163 2302 296 2340 tunae
323 2296 452 2341 Serui
480 2297 597 2341 Tulli
626 2304 775 2341 statua
796 2297 951 2342 illaesa
978 2298 1162 2342 inuenta
1190 2305 1275 2347 est,
1304 2298 1404 2342 aliis
1433 2299 1744 2343 concrematis.

263 2369 332 2411 12.
372 2366 528 2411 Statua
554 2366 744 2422 Quintae
771 2367 980 2412 Claudiae
1018 2369 1208 2426 uirginis
1235 2369 1396 2413 Vestae
1422 2370 1469 2412 in
1496 2382 1599 2413 area
1626 2368 1759 2413 deum
1780 2376 1819 2423 8,
1845 2377 1895 2415 11

154 2436 308 2481 Matris
336 2438 566 2496 geminum
594 2437 739 2482 euasit
766 2438 1038 2487 incendium,
1079 2439 1176 2482 eius
1204 2438 1434 2488 uidelicet,
1466 2452 1581 2498 quae
1608 2439 1760 2483 iubae-

156 2514 329 2552 rentem
358 2509 402 2551 in
430 2507 546 2553 uado
574 2507 748 2553 Tiberis
785 2522 946 2553 nauem
973 2509 1088 2552 uitta
1117 2508 1346 2554 dumtaxat
1373 2510 1607 2555 extraxit.
1661 2524 1763 2554 nam

265 2660 290 2698 2
312 2659 539 2710 terquinio
564 2659 597 2699 C
635 2661 660 2699 3
676 2659 782 2709 fort.
808 2673 831 2699 e
854 2660 1018 2699 Tuscis
1040 2656 1059 2714 H
1081 2659 1299 2700 caderent
1322 2661 1356 2701 C
1391 2663 1416 2701 5
1437 2661 1659 2702 luscinias
1683 2662 1716 2702 C
1739 2657 1759 2716 ΙΙ

153 2718 199 2755 et
218 2728 296 2756 om.
322 2715 417 2755 Mai
483 2717 508 2755 6
530 2715 720 2757 thuruus
744 2716 776 2755 C
834 2716 1004 2756 bricios
1030 2717 1064 2756 G
1132 2719 1184 2757 10
1206 2718 1252 2757 in
1274 2717 1473 2759 hostium
1499 2718 1532 2758 C
1598 2720 1649 2758 12
1680 2717 1758 2771 m.]

150 2768 298 2825 nans)
325 2772 359 2811 C
397 2774 448 2812 13
470 2775 566 2812 tato
589 2771 719 2812 tellio
744 2772 776 2812 C
829 2773 935 2823 fort.
960 2786 1094 2813 mane
1118 2773 1264 2814 altero
1307 2776 1360 2815 14
1382 2789 1436 2815 an
1458 2776 1504 2815 in
1529 2778 1714 2815 castra?
1734 2774 1757 2824 15

149 2826 340 2881 primus]
362 2829 495 2880 priua
521 2828 554 2868 C
611 2830 662 2869 15
685 2827 866 2868 audiret
889 2829 922 2869 C
972 2832 1021 2870 17
1043 2828 1170 2870 lauto
1196 2828 1263 2885 CH
1283 2830 1449 2872 Albam
1470 2845 1548 2874 om.
1574 2832 1671 2871 Mai
1710 2829 1763 2871 18

151 2885 324 2924 lanium
353 2885 397 2929 C,
424 2887 477 2926 ’23
501 2889 546 2924 et
567 2888 767 2937 tremens
790 2886 1074 2927 Kellerbauer·
1114 2889 1168 2927 30
1191 2887 1278 2928 alis
1303 2889 1336 2929 0
1374 2891 1427 2930 33
1450 2889 1497 2928 in
1520 2902 1597 2932 om.
1620 2888 1715 2930 Mai
1737 2882 1760 2938 Η

152 2941 250 2981 uita
275 2942 307 2981 G
334 2938 353 2995 11
385 2942 588 2983 extraxit
606 2944 802 2994 suppleui
825 2941 985 2994 (mouit
1007 2942 1144 2995 Mai);
1168 2945 1225 2996 ef.
1248 2944 1365 2986 Suet.
1396 2945 1484 2988 Tib.
1509 2947 1535 2985 2

1397 3014 1508 3066 32*
