<?xml version="1.0" encoding="UTF-8"?>
<!DOCTYPE html PUBLIC "-//W3C//DTD XHTML 1.0 Transitional//EN"
    "http://www.w3.org/TR/xhtml1/DTD/xhtml1-transitional.dtd">
<html xmlns="http://www.w3.org/1999/xhtml" xml:lang="en" lang="en">
 <head>
  <title>
</title>
<meta http-equiv="Content-Type" content="text/html;charset=utf-8" />
  <meta name='ocr-system' content='tesseract 3.04.00' />
  <meta name='ocr-capabilities' content='ocr_page ocr_carea ocr_par ocr_line ocrx_word'/>
</head>
<body>
  <div class='ocr_page' id='page_1' title='image "./factorumetdictor00valeuoft_0482.png"; bbox 0 0 1936 3120; ppageno 0'>
   <div class='ocr_carea' id='block_1_1' title="bbox 1190 0 1936 105">
    <p class='ocr_par' dir='ltr' id='par_1_1' title="bbox 1190 0 1936 105">
     <span class='ocr_line' id='line_1_1' title="bbox 1190 0 1936 105; baseline 0 3015"><span class='ocrx_word' id='word_1_1' title='bbox 1190 0 1936 105; x_wconf 95' lang='lat' dir='ltr'><strong> </strong></span> 
     </span>
    </p>
   </div>
   <div class='ocr_carea' id='block_1_2' title="bbox 267 129 1203 186">
    <p class='ocr_par' dir='ltr' id='par_1_2' title="bbox 267 129 1203 186">
     <span class='ocr_line' id='line_1_2' title="bbox 267 129 1203 186; baseline 0.001 -2"><span class='ocrx_word' id='word_1_2' title='bbox 267 129 374 184; x_wconf 88' lang='lat'><strong>454</strong></span> <span class='ocrx_word' id='word_1_3' title='bbox 915 133 926 138; x_wconf 77' lang='grc'><em>“</em></span> <span class='ocrx_word' id='word_1_4' title='bbox 942 137 1040 185; x_wconf 91' lang='lat' dir='ltr'><strong>LlB.</strong></span> <span class='ocrx_word' id='word_1_5' title='bbox 1079 138 1203 186; x_wconf 90' lang='lat' dir='ltr'><strong>Vllll.</strong></span> 
     </span>
    </p>
   </div>
   <div class='ocr_carea' id='block_1_3' title="bbox 755 328 1380 386">
    <p class='ocr_par' dir='ltr' id='par_1_3' title="bbox 755 328 1380 386">
     <span class='ocr_line' id='line_1_3' title="bbox 755 328 1380 386; baseline 0.008 -5"><span class='ocrx_word' id='word_1_6' title='bbox 755 328 856 381; x_wconf 91' lang='lat' dir='ltr'><strong>VI.</strong></span> <span class='ocrx_word' id='word_1_7' title='bbox 895 334 994 382; x_wconf 91' lang='lat' dir='ltr'><strong>DE</strong></span> <span class='ocrx_word' id='word_1_8' title='bbox 1026 335 1380 386; x_wconf 81' lang='lat' dir='ltr'><em>PERFIDIA.</em></span> 
     </span>
    </p>
   </div>
   <div class='ocr_carea' id='block_1_4' title="bbox 197 425 1873 2336">
    <p class='ocr_par' dir='ltr' id='par_1_4' title="bbox 270 425 1873 644">
     <span class='ocr_line' id='line_1_4' title="bbox 377 425 1873 504; baseline 0.007 -26"><span class='ocrx_word' id='word_1_9' title='bbox 377 425 666 479; x_wconf 82' lang='lat' dir='ltr'>Occultum</span> <span class='ocrx_word' id='word_1_10' title='bbox 690 427 799 479; x_wconf 87' lang='lat' dir='ltr'><strong>iam</strong></span> <span class='ocrx_word' id='word_1_11' title='bbox 825 435 878 481; x_wconf 91' lang='lat' dir='ltr'><strong>et</strong></span> <span class='ocrx_word' id='word_1_12' title='bbox 902 428 1226 483; x_wconf 89' lang='lat' dir='ltr'><strong>insidiosum</strong></span> <span class='ocrx_word' id='word_1_13' title='bbox 1251 431 1477 498; x_wconf 88' lang='lat' dir='ltr'><strong>malum,</strong></span> <span class='ocrx_word' id='word_1_14' title='bbox 1514 433 1772 504; x_wconf 87' lang='lat' dir='ltr'><strong>perfidia,</strong></span> <span class='ocrx_word' id='word_1_15' title='bbox 1800 436 1873 488; x_wconf 90' lang='lat' dir='ltr'><strong>la-</strong></span> 
     </span>
     <span class='ocr_line' id='line_1_5' title="bbox 270 495 1872 559; baseline 0.006 -9"><span class='ocrx_word' id='word_1_16' title='bbox 270 495 439 550; x_wconf 88' lang='lat' dir='ltr'><strong>tebris</strong></span> <span class='ocrx_word' id='word_1_17' title='bbox 493 497 602 549; x_wconf 91' lang='lat' dir='ltr'><strong>suis</strong></span> <span class='ocrx_word' id='word_1_18' title='bbox 654 498 992 552; x_wconf 78' lang='lat' dir='ltr'>extrahatur.</span> <span class='ocrx_word' id='word_1_19' title='bbox 1067 502 1220 554; x_wconf 86' lang='lat' dir='ltr'><strong>cuius</strong></span> <span class='ocrx_word' id='word_1_20' title='bbox 1272 502 1683 558; x_wconf 87' lang='lat' dir='ltr'><strong>efficacissimae</strong></span> <span class='ocrx_word' id='word_1_21' title='bbox 1725 506 1872 559; x_wconf 90' lang='lat' dir='ltr'><strong>uires</strong></span> 
     </span>
     <span class='ocr_line' id='line_1_6' title="bbox 271 568 1873 644; baseline 0.007 -25"><span class='ocrx_word' id='word_1_22' title='bbox 271 574 396 620; x_wconf 91' lang='lat' dir='ltr'><strong>sunt</strong></span> <span class='ocrx_word' id='word_1_23' title='bbox 421 568 642 621; x_wconf 88' lang='lat' dir='ltr'><strong>mentiri</strong></span> <span class='ocrx_word' id='word_1_24' title='bbox 668 587 733 621; x_wconf 90' lang='lat' dir='ltr'><strong>ac</strong></span> <span class='ocrx_word' id='word_1_25' title='bbox 757 568 965 637; x_wconf 90' lang='lat' dir='ltr'><strong>fallere,</strong></span> <span class='ocrx_word' id='word_1_26' title='bbox 992 571 1199 624; x_wconf 85' lang='lat' dir='ltr'><strong>fructus</strong></span> <span class='ocrx_word' id='word_1_27' title='bbox 1221 572 1280 624; x_wconf 92' lang='lat' dir='ltr'><strong>in</strong></span> <span class='ocrx_word' id='word_1_28' title='bbox 1298 574 1479 644; x_wconf 89' lang='lat' dir='ltr'><strong>aliquo</strong></span> <span class='ocrx_word' id='word_1_29' title='bbox 1501 574 1739 629; x_wconf 89' lang='lat' dir='ltr'><strong>admisso</strong></span> <span class='ocrx_word' id='word_1_30' title='bbox 1762 595 1873 630; x_wconf 86' lang='lat' dir='ltr'><strong>sce-</strong></span> 
     </span>
    </p>

    <p class='ocr_par' dir='ltr' id='par_1_5' title="bbox 223 638 1873 975">
     <span class='ocr_line' id='line_1_7' title="bbox 223 638 1870 708; baseline 0.009 -23"><span class='ocrx_word' id='word_1_31' title='bbox 223 652 244 685; x_wconf 89' lang='lat'><strong>5</strong></span> <span class='ocrx_word' id='word_1_32' title='bbox 269 638 377 690; x_wconf 90' lang='lat' dir='ltr'><strong>lere</strong></span> <span class='ocrx_word' id='word_1_33' title='bbox 403 638 680 707; x_wconf 78' lang='lat' dir='ltr'><strong>consistit,</strong></span> <span class='ocrx_word' id='word_1_34' title='bbox 708 647 822 692; x_wconf 87' lang='lat' dir='ltr'><strong>tum</strong></span> <span class='ocrx_word' id='word_1_35' title='bbox 848 649 1053 708; x_wconf 91' lang='lat' dir='ltr'><strong>certus,</strong></span> <span class='ocrx_word' id='word_1_36' title='bbox 1094 660 1215 694; x_wconf 89' lang='lat' dir='ltr'><strong>cum</strong></span> <span class='ocrx_word' id='word_1_37' title='bbox 1241 644 1620 698; x_wconf 88' lang='lat' dir='ltr'><strong>credulitatem</strong></span> <span class='ocrx_word' id='word_1_38' title='bbox 1643 646 1870 700; x_wconf 81' lang='lat' dir='ltr'><strong>nefariis</strong></span> 
     </span>
     <span class='ocr_line' id='line_1_8' title="bbox 269 707 1872 788; baseline 0.007 -28"><span class='ocrx_word' id='word_1_39' title='bbox 269 707 502 761; x_wconf 88' lang='lat' dir='ltr'><strong>uinculis</strong></span> <span class='ocrx_word' id='word_1_40' title='bbox 529 709 917 778; x_wconf 91' lang='lat' dir='ltr'><strong>circumdedit,</strong></span> <span class='ocrx_word' id='word_1_41' title='bbox 946 719 1158 765; x_wconf 90' lang='lat' dir='ltr'><strong>tantum</strong></span> <span class='ocrx_word' id='word_1_42' title='bbox 1183 713 1497 768; x_wconf 87' lang='lat' dir='ltr'><strong>inconmodi</strong></span> <span class='ocrx_word' id='word_1_43' title='bbox 1522 714 1756 771; x_wconf 89' lang='lat' dir='ltr'><strong>humano</strong></span> <span class='ocrx_word' id='word_1_44' title='bbox 1783 736 1872 788; x_wconf 84' lang='lat' dir='ltr'><strong>ge-</strong></span> 
     </span>
     <span class='ocr_line' id='line_1_9' title="bbox 268 779 1871 857; baseline 0.006 -26"><span class='ocrx_word' id='word_1_45' title='bbox 268 779 388 833; x_wconf 84' lang='lat' dir='ltr'><strong>neri</strong></span> <span class='ocrx_word' id='word_1_46' title='bbox 414 779 696 848; x_wconf 90' lang='lat' dir='ltr'><strong>adferens,</strong></span> <span class='ocrx_word' id='word_1_47' title='bbox 737 790 1001 852; x_wconf 90' lang='lat' dir='ltr'><strong>quantum</strong></span> <span class='ocrx_word' id='word_1_48' title='bbox 1037 782 1231 836; x_wconf 89' lang='lat' dir='ltr'><strong>salutis</strong></span> <span class='ocrx_word' id='word_1_49' title='bbox 1267 785 1414 837; x_wconf 87' lang='lat' dir='ltr'><strong>bona</strong></span> <span class='ocrx_word' id='word_1_50' title='bbox 1447 784 1582 838; x_wconf 87' lang='lat' dir='ltr'><strong>fides</strong></span> <span class='ocrx_word' id='word_1_51' title='bbox 1609 795 1871 857; x_wconf 82' lang='lat' dir='ltr'><strong>praestat.</strong></span> 
     </span>
     <span class='ocr_line' id='line_1_10' title="bbox 266 849 1873 928; baseline 0.005 -26"><span class='ocrx_word' id='word_1_52' title='bbox 266 849 468 903; x_wconf 89' lang='lat' dir='ltr'><strong>habeat</strong></span> <span class='ocrx_word' id='word_1_53' title='bbox 510 851 681 920; x_wconf 89' lang='lat' dir='ltr'><strong>igitur</strong></span> <span class='ocrx_word' id='word_1_54' title='bbox 724 871 834 905; x_wconf 94' lang='lat' dir='ltr'><strong>non</strong></span> <span class='ocrx_word' id='word_1_55' title='bbox 877 854 1053 905; x_wconf 87' lang='lat' dir='ltr'><strong>minus</strong></span> <span class='ocrx_word' id='word_1_56' title='bbox 1099 853 1536 924; x_wconf 81' lang='lat' dir='ltr'><strong>reprehensionis</strong></span> <span class='ocrx_word' id='word_1_57' title='bbox 1581 875 1744 928; x_wconf 87' lang='lat' dir='ltr'><strong>quam</strong></span> <span class='ocrx_word' id='word_1_58' title='bbox 1780 857 1873 910; x_wconf 87' lang='lat' dir='ltr'><strong>illa</strong></span> 
     </span>
     <span class='ocr_line' id='line_1_11' title="bbox 267 919 840 975; baseline 0.003 -3"><span class='ocrx_word' id='word_1_59' title='bbox 267 919 444 973; x_wconf 90' lang='lat' dir='ltr'><strong>laudis</strong></span> <span class='ocrx_word' id='word_1_60' title='bbox 472 940 633 974; x_wconf 92' lang='lat' dir='ltr'><strong>conse</strong></span> <span class='ocrx_word' id='word_1_61' title='bbox 674 923 840 975; x_wconf 90' lang='lat' dir='ltr'><strong>uitur.</strong></span> 
     </span>
    </p>

    <p class='ocr_par' dir='ltr' id='par_1_6' title="bbox 204 992 1871 1348">
     <span class='ocr_line' id='line_1_12' title="bbox 204 992 1866 1069; baseline 0.008 -31"><span class='ocrx_word' id='word_1_62' title='bbox 204 1007 246 1039; x_wconf 90' lang='lat'><strong>10</strong></span> <span class='ocrx_word' id='word_1_63' title='bbox 378 993 425 1044; x_wconf 88' lang='lat'><strong>1.</strong></span> <span class='ocrx_word' id='word_1_64' title='bbox 463 992 643 1045; x_wconf 90' lang='lat' dir='ltr'><strong>Romu</strong></span> <span class='ocrx_word' id='word_1_65' title='bbox 667 1013 696 1046; x_wconf 95' lang='lat' dir='ltr'><strong>o</strong></span> <span class='ocrx_word' id='word_1_66' title='bbox 732 1002 995 1063; x_wconf 82' lang='lat' dir='ltr'><strong>regnante</strong></span> <span class='ocrx_word' id='word_1_67' title='bbox 1024 995 1252 1065; x_wconf 85' lang='lat' dir='ltr'><strong>Spurius</strong></span> <span class='ocrx_word' id='word_1_68' title='bbox 1280 996 1544 1067; x_wconf 87' lang='lat' dir='ltr'><strong>Tarpeius</strong></span> <span class='ocrx_word' id='word_1_69' title='bbox 1575 999 1689 1050; x_wconf 88' lang='lat' dir='ltr'><strong>arci</strong></span> <span class='ocrx_word' id='word_1_70' title='bbox 1714 1016 1866 1069; x_wconf 82' lang='lat' dir='ltr'><strong>prae-</strong></span> 
     </span>
     <span class='ocr_line' id='line_1_13' title="bbox 269 1063 1871 1137; baseline 0.004 -23"><span class='ocrx_word' id='word_1_71' title='bbox 269 1070 402 1115; x_wconf 89' lang='lat' dir='ltr'><strong>erat.</strong></span> <span class='ocrx_word' id='word_1_72' title='bbox 478 1063 628 1115; x_wconf 88' lang='lat' dir='ltr'><strong>cuius</strong></span> <span class='ocrx_word' id='word_1_73' title='bbox 666 1063 833 1116; x_wconf 89' lang='lat' dir='ltr'><strong>filiam</strong></span> <span class='ocrx_word' id='word_1_74' title='bbox 866 1065 1164 1134; x_wconf 87' lang='lat' dir='ltr'><strong>uirginem,</strong></span> <span class='ocrx_word' id='word_1_75' title='bbox 1201 1085 1398 1137; x_wconf 89' lang='lat' dir='ltr'><strong>aquam</strong></span> <span class='ocrx_word' id='word_1_76' title='bbox 1435 1069 1603 1120; x_wconf 87' lang='lat' dir='ltr'><strong>sacris</strong></span> <span class='ocrx_word' id='word_1_77' title='bbox 1679 1069 1871 1122; x_wconf 91' lang='lat' dir='ltr'><strong>etitum</strong></span> 
     </span>
     <span class='ocr_line' id='line_1_14' title="bbox 269 1135 1868 1204; baseline 0.004 -18"><span class='ocrx_word' id='word_1_78' title='bbox 269 1140 429 1186; x_wconf 85' lang='lat' dir='ltr'><strong>extra</strong></span> <span class='ocrx_word' id='word_1_79' title='bbox 453 1135 671 1187; x_wconf 85' lang='lat' dir='ltr'><strong>moenia</strong></span> <span class='ocrx_word' id='word_1_80' title='bbox 708 1153 1009 1204; x_wconf 83' lang='lat' dir='ltr'><strong>egressam,</strong></span> <span class='ocrx_word' id='word_1_81' title='bbox 1049 1137 1240 1190; x_wconf 87' lang='lat' dir='ltr'><strong>Tatius</strong></span> <span class='ocrx_word' id='word_1_82' title='bbox 1276 1145 1336 1190; x_wconf 91' lang='lat' dir='ltr'><strong>ut</strong></span> <span class='ocrx_word' id='word_1_83' title='bbox 1372 1146 1608 1191; x_wconf 88' lang='lat' dir='ltr'><strong>armatos</strong></span> <span class='ocrx_word' id='word_1_84' title='bbox 1679 1139 1868 1193; x_wconf 90' lang='lat' dir='ltr'><strong>abinos</strong></span> 
     </span>
     <span class='ocr_line' id='line_1_15' title="bbox 264 1204 1870 1277; baseline 0.004 -22"><span class='ocrx_word' id='word_1_85' title='bbox 264 1204 322 1255; x_wconf 91' lang='lat' dir='ltr'><strong>in</strong></span> <span class='ocrx_word' id='word_1_86' title='bbox 348 1222 527 1256; x_wconf 89' lang='lat' dir='ltr'><strong>arcem</strong></span> <span class='ocrx_word' id='word_1_87' title='bbox 554 1223 739 1257; x_wconf 89' lang='lat' dir='ltr'><strong>secum</strong></span> <span class='ocrx_word' id='word_1_88' title='bbox 764 1208 1030 1276; x_wconf 90' lang='lat' dir='ltr'><strong>reciperet</strong></span> <span class='ocrx_word' id='word_1_89' title='bbox 1057 1208 1326 1277; x_wconf 89' lang='lat' dir='ltr'><strong>corrupit,</strong></span> <span class='ocrx_word' id='word_1_90' title='bbox 1362 1209 1625 1262; x_wconf 89' lang='lat' dir='ltr'><strong>mercedis</strong></span> <span class='ocrx_word' id='word_1_91' title='bbox 1652 1210 1870 1263; x_wconf 90' lang='lat' dir='ltr'><strong>nomine</strong></span> 
     </span>
     <span class='ocr_line' id='line_1_16' title="bbox 264 1277 1870 1348; baseline 0.003 -21"><span class='ocrx_word' id='word_1_92' title='bbox 264 1288 481 1345; x_wconf 86' lang='lat' dir='ltr'><strong>pactam</strong></span> <span class='ocrx_word' id='word_1_93' title='bbox 526 1294 665 1347; x_wconf 89' lang='lat' dir='ltr'><strong>quae</strong></span> <span class='ocrx_word' id='word_1_94' title='bbox 708 1277 765 1327; x_wconf 90' lang='lat' dir='ltr'><strong>in</strong></span> <span class='ocrx_word' id='word_1_95' title='bbox 815 1277 1049 1330; x_wconf 89' lang='lat' dir='ltr'><strong>sinistris</strong></span> <span class='ocrx_word' id='word_1_96' title='bbox 1086 1278 1336 1331; x_wconf 88' lang='lat' dir='ltr'><strong>manibus</strong></span> <span class='ocrx_word' id='word_1_97' title='bbox 1375 1279 1663 1348; x_wconf 84' lang='lat' dir='ltr'><strong>gerebant:</strong></span> <span class='ocrx_word' id='word_1_98' title='bbox 1716 1288 1870 1333; x_wconf 88' lang='lat' dir='ltr'><strong>erant</strong></span> 
     </span>
    </p>

    <p class='ocr_par' dir='ltr' id='par_1_7' title="bbox 201 1345 1869 1702">
     <span class='ocr_line' id='line_1_17' title="bbox 201 1345 1867 1420; baseline 0.007 -28"><span class='ocrx_word' id='word_1_99' title='bbox 201 1359 242 1392; x_wconf 87' lang='lat'><strong>15</strong></span> <span class='ocrx_word' id='word_1_100' title='bbox 266 1352 446 1398; x_wconf 91' lang='lat' dir='ltr'><strong>autem</strong></span> <span class='ocrx_word' id='word_1_101' title='bbox 478 1346 544 1398; x_wconf 91' lang='lat' dir='ltr'><strong>iis</strong></span> <span class='ocrx_word' id='word_1_102' title='bbox 583 1345 824 1399; x_wconf 89' lang='lat' dir='ltr'><strong>armillae</strong></span> <span class='ocrx_word' id='word_1_103' title='bbox 860 1356 912 1400; x_wconf 92' lang='lat' dir='ltr'><strong>et</strong></span> <span class='ocrx_word' id='word_1_104' title='bbox 936 1347 1095 1399; x_wconf 88' lang='lat' dir='ltr'><strong>anuli</strong></span> <span class='ocrx_word' id='word_1_105' title='bbox 1132 1367 1330 1418; x_wconf 89' lang='lat' dir='ltr'><strong>magno</strong></span> <span class='ocrx_word' id='word_1_106' title='bbox 1371 1367 1440 1401; x_wconf 80' lang='lat' dir='ltr'><strong>ex</strong></span> <span class='ocrx_word' id='word_1_107' title='bbox 1464 1349 1704 1420; x_wconf 90' lang='lat' dir='ltr'><strong>pondere</strong></span> <span class='ocrx_word' id='word_1_108' title='bbox 1730 1352 1867 1403; x_wconf 90' lang='lat' dir='ltr'><strong>auri.</strong></span> 
     </span>
     <span class='ocr_line' id='line_1_18' title="bbox 263 1415 1869 1490; baseline 0.003 -22"><span class='ocrx_word' id='word_1_109' title='bbox 263 1415 380 1469; x_wconf 92' lang='lat' dir='ltr'><strong>loco</strong></span> <span class='ocrx_word' id='word_1_110' title='bbox 418 1418 654 1486; x_wconf 90' lang='lat' dir='ltr'><strong>potitum</strong></span> <span class='ocrx_word' id='word_1_111' title='bbox 690 1436 890 1486; x_wconf 89' lang='lat' dir='ltr'><strong>agmen</strong></span> <span class='ocrx_word' id='word_1_112' title='bbox 925 1418 1254 1471; x_wconf 82' lang='lat' dir='ltr'><strong>Sabinorum</strong></span> <span class='ocrx_word' id='word_1_113' title='bbox 1291 1418 1531 1489; x_wconf 89' lang='lat' dir='ltr'><strong>puellam</strong></span> <span class='ocrx_word' id='word_1_114' title='bbox 1567 1422 1869 1490; x_wconf 91' lang='lat' dir='ltr'><strong>praemium</strong></span> 
     </span>
     <span class='ocr_line' id='line_1_19' title="bbox 262 1486 1868 1561; baseline 0.002 -23"><span class='ocrx_word' id='word_1_115' title='bbox 262 1486 600 1555; x_wconf 86' lang='lat' dir='ltr'><strong>flagitantem</strong></span> <span class='ocrx_word' id='word_1_116' title='bbox 643 1489 809 1539; x_wconf 90' lang='lat' dir='ltr'><strong>armis</strong></span> <span class='ocrx_word' id='word_1_117' title='bbox 854 1489 1109 1541; x_wconf 90' lang='lat' dir='ltr'><strong>obrutam</strong></span> <span class='ocrx_word' id='word_1_118' title='bbox 1152 1491 1395 1555; x_wconf 89' lang='lat' dir='ltr'><strong>necauit,</strong></span> <span class='ocrx_word' id='word_1_119' title='bbox 1440 1490 1668 1560; x_wconf 90' lang='lat' dir='ltr'><strong>perinde</strong></span> <span class='ocrx_word' id='word_1_120' title='bbox 1712 1492 1868 1561; x_wconf 90' lang='lat' dir='ltr'><strong>quasi</strong></span> 
     </span>
     <span class='ocr_line' id='line_1_20' title="bbox 263 1557 1869 1630; baseline 0.002 -22"><span class='ocrx_word' id='word_1_121' title='bbox 263 1557 620 1627; x_wconf 89' lang='lat' dir='ltr'><strong>promissum,</strong></span> <span class='ocrx_word' id='word_1_122' title='bbox 658 1558 804 1629; x_wconf 93' lang='lat' dir='ltr'><strong>quod</strong></span> <span class='ocrx_word' id='word_1_123' title='bbox 832 1577 895 1610; x_wconf 90' lang='lat' dir='ltr'><strong>ea</strong></span> <span class='ocrx_word' id='word_1_124' title='bbox 920 1576 1133 1630; x_wconf 89' lang='lat' dir='ltr'><strong>quoque</strong></span> <span class='ocrx_word' id='word_1_125' title='bbox 1159 1558 1329 1612; x_wconf 88' lang='lat' dir='ltr'><strong>laeuis</strong></span> <span class='ocrx_word' id='word_1_126' title='bbox 1357 1569 1707 1628; x_wconf 88' lang='lat' dir='ltr'><strong>gestauerant</strong></span> <span class='ocrx_word' id='word_1_127' title='bbox 1723 1601 1737 1628; x_wconf 95' lang='lat'><strong>,</strong></span> <span class='ocrx_word' id='word_1_128' title='bbox 1768 1560 1869 1614; x_wconf 91' lang='lat' dir='ltr'><strong>sol-</strong></span> 
     </span>
     <span class='ocr_line' id='line_1_21' title="bbox 263 1628 1869 1702; baseline 0.002 -23"><span class='ocrx_word' id='word_1_129' title='bbox 263 1628 452 1680; x_wconf 88' lang='lat' dir='ltr'><strong>uisset.</strong></span> <span class='ocrx_word' id='word_1_130' title='bbox 505 1629 651 1681; x_wconf 90' lang='lat' dir='ltr'><strong>absit</strong></span> <span class='ocrx_word' id='word_1_131' title='bbox 683 1629 1060 1699; x_wconf 85' lang='lat' dir='ltr'><strong>reprehensio,</strong></span> <span class='ocrx_word' id='word_1_132' title='bbox 1098 1631 1226 1701; x_wconf 89' lang='lat' dir='ltr'><strong>quia</strong></span> <span class='ocrx_word' id='word_1_133' title='bbox 1259 1630 1408 1701; x_wconf 91' lang='lat' dir='ltr'><strong>inpia</strong></span> <span class='ocrx_word' id='word_1_134' title='bbox 1441 1631 1678 1702; x_wconf 88' lang='lat' dir='ltr'><strong>proditio</strong></span> <span class='ocrx_word' id='word_1_135' title='bbox 1706 1633 1869 1684; x_wconf 90' lang='lat' dir='ltr'><strong>celeri</strong></span> 
     </span>
    </p>

    <p class='ocr_par' dir='ltr' id='par_1_8' title="bbox 199 1699 872 1768">
     <span class='ocr_line' id='line_1_22' title="bbox 199 1699 872 1768; baseline 0.007 -22"><span class='ocrx_word' id='word_1_136' title='bbox 199 1713 241 1746; x_wconf 85' lang='lat'><strong>20</strong></span> <span class='ocrx_word' id='word_1_137' title='bbox 266 1717 442 1768; x_wconf 90' lang='lat' dir='ltr'><strong>poena</strong></span> <span class='ocrx_word' id='word_1_138' title='bbox 466 1699 747 1752; x_wconf 90' lang='lat' dir='ltr'><strong>uindicata</strong></span> <span class='ocrx_word' id='word_1_139' title='bbox 773 1707 872 1752; x_wconf 88' lang='lat' dir='ltr'><strong>est.</strong></span> 
     </span>
    </p>

    <p class='ocr_par' dir='ltr' id='par_1_9' title="bbox 265 1769 1868 2054">
     <span class='ocr_line' id='line_1_23' title="bbox 368 1769 1868 1842; baseline 0.002 -21"><span class='ocrx_word' id='word_1_140' title='bbox 368 1769 420 1822; x_wconf 80' lang='grc'><strong>2.</strong></span> <span class='ocrx_word' id='word_1_141' title='bbox 445 1769 667 1822; x_wconf 85' lang='lat' dir='ltr'><strong>Seruius</strong></span> <span class='ocrx_word' id='word_1_142' title='bbox 689 1789 901 1841; x_wconf 90' lang='lat' dir='ltr'><strong>quoque</strong></span> <span class='ocrx_word' id='word_1_143' title='bbox 921 1769 1101 1824; x_wconf 81' lang='lat' dir='ltr'><strong>Galba</strong></span> <span class='ocrx_word' id='word_1_144' title='bbox 1123 1789 1363 1824; x_wconf 91' lang='lat' dir='ltr'><strong>summae</strong></span> <span class='ocrx_word' id='word_1_145' title='bbox 1384 1771 1665 1842; x_wconf 89' lang='lat' dir='ltr'><strong>perfidiae.</strong></span> <span class='ocrx_word' id='word_1_146' title='bbox 1703 1773 1868 1825; x_wconf 87' lang='lat' dir='ltr'><strong>trium</strong></span> 
     </span>
     <span class='ocr_line' id='line_1_24' title="bbox 265 1840 1867 1914; baseline 0.001 -22"><span class='ocrx_word' id='word_1_147' title='bbox 265 1841 412 1892; x_wconf 91' lang='lat' dir='ltr'><strong>enim</strong></span> <span class='ocrx_word' id='word_1_148' title='bbox 446 1840 767 1893; x_wconf 88' lang='lat' dir='ltr'><strong>Lusitaniae</strong></span> <span class='ocrx_word' id='word_1_149' title='bbox 795 1841 1102 1895; x_wconf 87' lang='lat' dir='ltr'><strong>ciuitatium</strong></span> <span class='ocrx_word' id='word_1_150' title='bbox 1128 1851 1426 1895; x_wconf 87' lang='lat' dir='ltr'><strong>conuocato</strong></span> <span class='ocrx_word' id='word_1_151' title='bbox 1462 1842 1688 1914; x_wconf 88' lang='lat' dir='ltr'><strong>populo,</strong></span> <span class='ocrx_word' id='word_1_152' title='bbox 1732 1851 1867 1896; x_wconf 90' lang='lat' dir='ltr'><strong>tam—</strong></span> 
     </span>
     <span class='ocr_line' id='line_1_25' title="bbox 267 1911 1866 1984; baseline 0.001 -21"><span class='ocrx_word' id='word_1_153' title='bbox 267 1929 429 1982; x_wconf 88' lang='lat' dir='ltr'><strong>quam</strong></span> <span class='ocrx_word' id='word_1_154' title='bbox 457 1911 524 1964; x_wconf 92' lang='lat' dir='ltr'><strong>de</strong></span> <span class='ocrx_word' id='word_1_155' title='bbox 550 1911 835 1965; x_wconf 91' lang='lat' dir='ltr'><strong>conmodis</strong></span> <span class='ocrx_word' id='word_1_156' title='bbox 862 1912 978 1965; x_wconf 88' lang='lat' dir='ltr'><strong>eius</strong></span> <span class='ocrx_word' id='word_1_157' title='bbox 1007 1919 1224 1965; x_wconf 90' lang='lat' dir='ltr'><strong>acturus</strong></span> <span class='ocrx_word' id='word_1_158' title='bbox 1241 1953 1254 1979; x_wconf 91' lang='lat'><strong>,</strong></span> <span class='ocrx_word' id='word_1_159' title='bbox 1285 1918 1422 1978; x_wconf 59' lang='lat' dir='ltr'><strong>VTI-I,</strong></span> <span class='ocrx_word' id='word_1_160' title='bbox 1461 1916 1518 1965; x_wconf 91' lang='lat' dir='ltr'><strong>in</strong></span> <span class='ocrx_word' id='word_1_161' title='bbox 1543 1913 1739 1984; x_wconf 86' lang='lat' dir='ltr'><strong>quibus</strong></span> <span class='ocrx_word' id='word_1_162' title='bbox 1767 1913 1866 1967; x_wconf 88' lang='lat' dir='ltr'><strong>fios</strong></span> 
     </span>
     <span class='ocr_line' id='line_1_26' title="bbox 269 1981 1868 2054; baseline 0.001 -22"><span class='ocrx_word' id='word_1_163' title='bbox 269 1981 571 2039; x_wconf 89' lang='lat' dir='ltr'><strong>iuuentutis</strong></span> <span class='ocrx_word' id='word_1_164' title='bbox 607 1982 966 2050; x_wconf 89' lang='lat' dir='ltr'><strong>consistebat,</strong></span> <span class='ocrx_word' id='word_1_165' title='bbox 1006 1982 1179 2036; x_wconf 87' lang='lat' dir='ltr'><strong>electa</strong></span> <span class='ocrx_word' id='word_1_166' title='bbox 1206 1991 1258 2035; x_wconf 92' lang='lat' dir='ltr'><strong>et</strong></span> <span class='ocrx_word' id='word_1_167' title='bbox 1284 1984 1448 2036; x_wconf 88' lang='lat' dir='ltr'><strong>armis</strong></span> <span class='ocrx_word' id='word_1_168' title='bbox 1477 1992 1642 2037; x_wconf 81' lang='lat' dir='ltr'><strong>exuta</strong></span> <span class='ocrx_word' id='word_1_169' title='bbox 1667 1984 1868 2054; x_wconf 89' lang='lat' dir='ltr'><strong>partim</strong></span> 
     </span>
    </p>

    <p class='ocr_par' dir='ltr' id='par_1_10' title="bbox 197 2052 1867 2192">
     <span class='ocr_line' id='line_1_27' title="bbox 197 2052 1867 2124; baseline 0.002 -24"><span class='ocrx_word' id='word_1_170' title='bbox 197 2067 239 2100; x_wconf 79' lang='lat'><strong>25</strong></span> <span class='ocrx_word' id='word_1_171' title='bbox 269 2052 569 2105; x_wconf 90' lang='lat' dir='ltr'><strong>trucidauit</strong></span> <span class='ocrx_word' id='word_1_172' title='bbox 584 2093 597 2119; x_wconf 95' lang='lat'><strong>,</strong></span> <span class='ocrx_word' id='word_1_173' title='bbox 626 2054 829 2123; x_wconf 90' lang='lat' dir='ltr'><strong>partim</strong></span> <span class='ocrx_word' id='word_1_174' title='bbox 854 2054 1121 2106; x_wconf 89' lang='lat' dir='ltr'><strong>uendidit.</strong></span> <span class='ocrx_word' id='word_1_175' title='bbox 1173 2071 1277 2124; x_wconf 89' lang='lat' dir='ltr'><strong>quo</strong></span> <span class='ocrx_word' id='word_1_176' title='bbox 1303 2054 1545 2109; x_wconf 80' lang='lat' dir='ltr'><strong>facinore</strong></span> <span class='ocrx_word' id='word_1_177' title='bbox 1569 2054 1867 2106; x_wconf 83' lang='lat' dir='ltr'><strong>maximam</strong></span> 
     </span>
     <span class='ocr_line' id='line_1_28' title="bbox 268 2121 1865 2192; baseline 0.002 -19"><span class='ocrx_word' id='word_1_178' title='bbox 268 2121 477 2175; x_wconf 90' lang='lat' dir='ltr'><strong>cladem</strong></span> <span class='ocrx_word' id='word_1_179' title='bbox 501 2123 864 2176; x_wconf 89' lang='lat' dir='ltr'><strong>barbarorum</strong></span> <span class='ocrx_word' id='word_1_180' title='bbox 888 2124 1264 2192; x_wconf 86' lang='lat' dir='ltr'><strong>magnitudine</strong></span> <span class='ocrx_word' id='word_1_181' title='bbox 1291 2124 1528 2176; x_wconf 92' lang='lat' dir='ltr'><strong>criminis</strong></span> <span class='ocrx_word' id='word_1_182' title='bbox 1557 2125 1865 2176; x_wconf 83' lang='lat' dir='ltr'><strong>antecessit.</strong></span> 
     </span>
    </p>

    <p class='ocr_par' dir='ltr' id='par_1_11' title="bbox 263 2192 1868 2336">
     <span class='ocr_line' id='line_1_29' title="bbox 368 2192 1868 2264; baseline 0.001 -19"><span class='ocrx_word' id='word_1_183' title='bbox 368 2194 417 2245; x_wconf 84' lang='lat'><strong>3.</strong></span> <span class='ocrx_word' id='word_1_184' title='bbox 461 2192 558 2246; x_wconf 83' lang='lat' dir='ltr'><strong>Cn.</strong></span> <span class='ocrx_word' id='word_1_185' title='bbox 588 2201 770 2245; x_wconf 87' lang='lat' dir='ltr'><strong>autem</strong></span> <span class='ocrx_word' id='word_1_186' title='bbox 791 2194 1115 2260; x_wconf 92' lang='lat' dir='ltr'><strong>Domitium,</strong></span> <span class='ocrx_word' id='word_1_187' title='bbox 1145 2194 1342 2246; x_wconf 88' lang='lat' dir='ltr'><strong>summi</strong></span> <span class='ocrx_word' id='word_1_188' title='bbox 1362 2194 1575 2263; x_wconf 91' lang='lat' dir='ltr'><strong>generis</strong></span> <span class='ocrx_word' id='word_1_189' title='bbox 1604 2202 1658 2247; x_wconf 94' lang='lat' dir='ltr'><strong>et</strong></span> <span class='ocrx_word' id='word_1_190' title='bbox 1683 2195 1868 2264; x_wconf 86' lang='lat' dir='ltr'><strong>magni</strong></span> 
     </span>
     <span class='ocr_line' id='line_1_30' title="bbox 263 2263 1866 2336; baseline 0 -21"><span class='ocrx_word' id='word_1_191' title='bbox 263 2263 431 2316; x_wconf 90' lang='lat' dir='ltr'><strong>animi</strong></span> <span class='ocrx_word' id='word_1_192' title='bbox 465 2264 669 2330; x_wconf 90' lang='lat' dir='ltr'><strong>uirum,</strong></span> <span class='ocrx_word' id='word_1_193' title='bbox 707 2265 874 2316; x_wconf 89' lang='lat' dir='ltr'><strong>nimia</strong></span> <span class='ocrx_word' id='word_1_194' title='bbox 908 2263 1116 2333; x_wconf 85' lang='lat' dir='ltr'><strong>gloriae</strong></span> <span class='ocrx_word' id='word_1_195' title='bbox 1154 2264 1424 2334; x_wconf 90' lang='lat' dir='ltr'><strong>cupiditas</strong></span> <span class='ocrx_word' id='word_1_196' title='bbox 1451 2264 1720 2336; x_wconf 90' lang='lat' dir='ltr'><strong>perfidum</strong></span> <span class='ocrx_word' id='word_1_197' title='bbox 1756 2264 1866 2317; x_wconf 83' lang='lat' dir='ltr'><strong>exi-</strong></span> 
     </span>
    </p>
   </div>
   <div class='ocr_carea' id='block_1_5' title="bbox 0 0 72 880">
    <p class='ocr_par' dir='ltr' id='par_1_12' title="bbox 0 0 72 880">
     <span class='ocr_line' id='line_1_31' title="bbox 0 0 72 880; baseline 0 0"><span class='ocrx_word' id='word_1_198' title='bbox 0 0 72 880; x_wconf 95' lang='lat' dir='ltr'><strong> </strong></span> 
     </span>
    </p>
   </div>
   <div class='ocr_carea' id='block_1_6' title="bbox 0 181 33 2315">
    <p class='ocr_par' dir='ltr' id='par_1_13' title="bbox 0 181 33 2347">
     <span class='ocr_line' id='line_1_32' title="bbox 0 211 22 2315; textangle 90"><span class='ocrx_word' id='word_1_199' title='bbox 0 1291 19 2315; x_wconf 40' lang='lat' dir='ltr'><strong>*WWW&#39;WWW&#39;VWNNW</strong></span> <span class='ocrx_word' id='word_1_200' title='bbox 0 1010 18 1282; x_wconf 49' lang='lat' dir='ltr'><strong>Wff-“W-zw</strong></span> <span class='ocrx_word' id='word_1_201' title='bbox 0 871 13 999; x_wconf 49' lang='lat' dir='ltr'><strong>···==2⁴·-v-===:‘</strong></span> <span class='ocrx_word' id='word_1_202' title='bbox 14 841 16 846; x_wconf 65' lang='grc'>,</span> <span class='ocrx_word' id='word_1_203' title='bbox 10 726 13 738; x_wconf 46' lang='lat'><strong>„2</strong></span> <span class='ocrx_word' id='word_1_204' title='bbox 10 667 14 673; x_wconf 80' lang='lat'><strong>.</strong></span> <span class='ocrx_word' id='word_1_205' title='bbox 18 416 21 431; x_wconf 89' lang='grc'><strong>,,</strong></span> <span class='ocrx_word' id='word_1_206' title='bbox 19 343 22 345; x_wconf 76' lang='grc'>,</span> <span class='ocrx_word' id='word_1_207' title='bbox 13 251 15 253; x_wconf 98' lang='grc'>-</span> <span class='ocrx_word' id='word_1_208' title='bbox 19 211 22 214; x_wconf 28' lang='grc' dir='ltr'><strong>Δ</strong></span> 
     </span>
     <span class='ocr_line' id='line_1_33' title="bbox 19 181 33 669; textangle 90"><span class='ocrx_word' id='word_1_209' title='bbox 20 656 23 669; x_wconf 59' lang='lat'><strong>⁴*</strong></span> <span class='ocrx_word' id='word_1_210' title='bbox 19 573 26 587; x_wconf 65' lang='lat'><strong>*&#39;</strong></span> <span class='ocrx_word' id='word_1_211' title='bbox 21 373 31 502; x_wconf 52' lang='lat' dir='ltr'><strong>·-.=.·vo</strong></span> <span class='ocrx_word' id='word_1_212' title='bbox 26 315 33 335; x_wconf 37' lang='grc' dir='ltr'><strong>,Α</strong></span> <span class='ocrx_word' id='word_1_213' title='bbox 23 181 28 207; x_wconf 61' lang='lat'><strong>*⁵</strong></span> 
     </span>
    </p>
   </div>
   <div class='ocr_carea' id='block_1_7' title="bbox 146 2417 1867 2628">
    <p class='ocr_par' dir='ltr' id='par_1_14' title="bbox 146 2417 1867 2628">
     <span class='ocr_line' id='line_1_34' title="bbox 146 2417 1867 2486; baseline 0.002 -17"><span class='ocrx_word' id='word_1_214' title='bbox 146 2446 236 2483; x_wconf 59' lang='lat' dir='ltr'><strong>par,</strong></span> <span class='ocrx_word' id='word_1_215' title='bbox 367 2425 461 2470; x_wconf 90' lang='lat' dir='ltr'><strong>DE</strong></span> <span class='ocrx_word' id='word_1_216' title='bbox 484 2425 825 2471; x_wconf 85' lang='lat' dir='ltr'><em>PERFIDIA.</em></span> <span class='ocrx_word' id='word_1_217' title='bbox 875 2431 913 2471; x_wconf 79' lang='lat'><strong>2.</strong></span> <span class='ocrx_word' id='word_1_218' title='bbox 943 2417 1036 2472; x_wconf 80' lang='lat' dir='ltr'><strong>Ser‘.</strong></span> <span class='ocrx_word' id='word_1_219' title='bbox 1067 2425 1201 2471; x_wconf 83' lang='lat' dir='ltr'><strong>Galba</strong></span> <span class='ocrx_word' id='word_1_220' title='bbox 1226 2425 1481 2472; x_wconf 73' lang='lat' dir='ltr'><strong>Lusitaniae</strong></span> <span class='ocrx_word' id='word_1_221' title='bbox 1509 2433 1759 2472; x_wconf 85' lang='lat' dir='ltr'><strong>conuocato</strong></span> <span class='ocrx_word' id='word_1_222' title='bbox 1786 2440 1867 2486; x_wconf 91' lang='lat' dir='ltr'><strong>po-</strong></span> 
     </span>
     <span class='ocr_line' id='line_1_35' title="bbox 205 2493 1866 2557; baseline 0.001 -18"><span class='ocrx_word' id='word_1_223' title='bbox 205 2506 246 2539; x_wconf 85' lang='lat'><strong>30</strong></span> <span class='ocrx_word' id='word_1_224' title='bbox 269 2493 392 2556; x_wconf 89' lang='lat' dir='ltr'><strong>pulo,</strong></span> <span class='ocrx_word' id='word_1_225' title='bbox 422 2503 650 2557; x_wconf 80' lang='lat' dir='ltr'><strong>tamquam</strong></span> <span class='ocrx_word' id='word_1_226' title='bbox 678 2497 730 2542; x_wconf 89' lang='lat' dir='ltr'><strong>de</strong></span> <span class='ocrx_word' id='word_1_227' title='bbox 757 2498 1004 2543; x_wconf 86' lang='lat' dir='ltr'><strong>commodis</strong></span> <span class='ocrx_word' id='word_1_228' title='bbox 1033 2497 1129 2542; x_wconf 87' lang='lat' dir='ltr'><strong>eius</strong></span> <span class='ocrx_word' id='word_1_229' title='bbox 1157 2503 1364 2547; x_wconf 84' lang='lat' dir='ltr'><strong>acturus.</strong></span> <span class='ocrx_word' id='word_1_230' title='bbox 1408 2509 1536 2543; x_wconf 82' lang='lat' dir='ltr'><strong>cvm</strong></span> <span class='ocrx_word' id='word_1_231' title='bbox 1562 2496 1682 2543; x_wconf 88' lang='lat' dir='ltr'><strong>milia</strong></span> <span class='ocrx_word' id='word_1_232' title='bbox 1708 2496 1866 2542; x_wconf 87' lang='lat' dir='ltr'><strong>iuuen-</strong></span> 
     </span>
     <span class='ocr_line' id='line_1_36' title="bbox 267 2561 1865 2628; baseline 0 -16"><span class='ocrx_word' id='word_1_233' title='bbox 267 2568 378 2612; x_wconf 85' lang='lat' dir='ltr'><strong>tutis</strong></span> <span class='ocrx_word' id='word_1_234' title='bbox 406 2561 538 2613; x_wconf 59' lang='lat' dir='ltr'><strong>eiuta</strong></span> <span class='ocrx_word' id='word_1_235' title='bbox 566 2569 699 2613; x_wconf 87' lang='lat' dir='ltr'><strong>armis</strong></span> <span class='ocrx_word' id='word_1_236' title='bbox 727 2568 891 2627; x_wconf 84' lang='lat' dir='ltr'><strong>partim</strong></span> <span class='ocrx_word' id='word_1_237' title='bbox 918 2567 1096 2618; x_wconf 82' lang='lat' dir='ltr'><strong>occidit,</strong></span> <span class='ocrx_word' id='word_1_238' title='bbox 1124 2567 1287 2628; x_wconf 86' lang='lat' dir='ltr'><strong>partim</strong></span> <span class='ocrx_word' id='word_1_239' title='bbox 1307 2567 1522 2613; x_wconf 88' lang='lat' dir='ltr'><strong>uendidit.</strong></span> <span class='ocrx_word' id='word_1_240' title='bbox 1597 2570 1638 2612; x_wconf 89' lang='lat'><strong>3.</strong></span> <span class='ocrx_word' id='word_1_241' title='bbox 1677 2566 1752 2612; x_wconf 87' lang='lat' dir='ltr'><strong>Cn.</strong></span> <span class='ocrx_word' id='word_1_242' title='bbox 1779 2567 1865 2612; x_wconf 90' lang='lat' dir='ltr'><strong>Do·</strong></span> 
     </span>
    </p>
   </div>
   <div class='ocr_carea' id='block_1_8' title="bbox 259 2710 1866 2997">
    <p class='ocr_par' dir='ltr' id='par_1_15' title="bbox 259 2710 1866 2997">
     <span class='ocr_line' id='line_1_37' title="bbox 373 2710 1864 2771; baseline -0.001 -13"><span class='ocrx_word' id='word_1_243' title='bbox 373 2719 400 2758; x_wconf 88' lang='lat'>4</span> <span class='ocrx_word' id='word_1_244' title='bbox 421 2719 590 2759; x_wconf 83' lang='lat' dir='ltr'><strong>fluetus</strong></span> <span class='ocrx_word' id='word_1_245' title='bbox 613 2719 661 2759; x_wconf 92' lang='lat' dir='ltr'><strong>in</strong></span> <span class='ocrx_word' id='word_1_246' title='bbox 684 2718 837 2771; x_wconf 85' lang='lat' dir='ltr'><strong>aliquo</strong></span> <span class='ocrx_word' id='word_1_247' title='bbox 861 2719 1081 2759; x_wconf 84' lang='lat' dir='ltr'><strong>admissos</strong></span> <span class='ocrx_word' id='word_1_248' title='bbox 1103 2712 1157 2758; x_wconf 90' lang='lat' dir='ltr'><strong>B&#39;</strong></span> <span class='ocrx_word' id='word_1_249' title='bbox 1235 2721 1261 2760; x_wconf 88' lang='grc'>5</span> <span class='ocrx_word' id='word_1_250' title='bbox 1284 2718 1606 2759; x_wconf 87' lang='lat' dir='ltr'><strong>crudelitatem</strong></span> <span class='ocrx_word' id='word_1_251' title='bbox 1627 2710 1681 2757; x_wconf 88' lang='lat' dir='ltr'><strong>B&#39;</strong></span> <span class='ocrx_word' id='word_1_252' title='bbox 1741 2717 1766 2756; x_wconf 87' lang='grc'><strong>6</strong></span> <span class='ocrx_word' id='word_1_253' title='bbox 1789 2730 1864 2770; x_wconf 76' lang='lat' dir='ltr'><strong>ge-</strong></span> 
     </span>
     <span class='ocr_line' id='line_1_38' title="bbox 260 2769 1866 2829; baseline -0.001 -15"><span class='ocrx_word' id='word_1_254' title='bbox 260 2787 369 2815; x_wconf 89' lang='lat' dir='ltr'><strong>nere</strong></span> <span class='ocrx_word' id='word_1_255' title='bbox 390 2769 446 2814; x_wconf 90' lang='lat' dir='ltr'><strong>B&#39;</strong></span> <span class='ocrx_word' id='word_1_256' title='bbox 518 2777 570 2815; x_wconf 83' lang='lat'><strong>14</strong></span> <span class='ocrx_word' id='word_1_257' title='bbox 590 2778 776 2828; x_wconf 84' lang='lat' dir='ltr'><strong>pactaq.</strong></span> <span class='ocrx_word' id='word_1_258' title='bbox 799 2776 846 2815; x_wconf 89' lang='lat' dir='ltr'><strong>in</strong></span> <span class='ocrx_word' id='word_1_259' title='bbox 867 2770 923 2815; x_wconf 91' lang='lat' dir='ltr'><strong>B&#39;</strong></span> <span class='ocrx_word' id='word_1_260' title='bbox 1003 2778 1054 2817; x_wconf 90' lang='grc'>18</span> <span class='ocrx_word' id='word_1_261' title='bbox 1076 2775 1193 2816; x_wconf 89' lang='lat' dir='ltr'><strong>leuis</strong></span> <span class='ocrx_word' id='word_1_262' title='bbox 1216 2775 1257 2815; x_wconf 91' lang='lat' dir='ltr'><em>B</em></span> <span class='ocrx_word' id='word_1_263' title='bbox 1295 2772 1315 2829; x_wconf 76' lang='grc' dir='ltr'><strong>ΙΙ</strong></span> <span class='ocrx_word' id='word_1_264' title='bbox 1355 2775 1495 2816; x_wconf 84' lang='lat' dir='ltr'><strong>soluit</strong></span> <span class='ocrx_word' id='word_1_265' title='bbox 1514 2774 1569 2824; x_wconf 92' lang='lat' dir='ltr'><strong>B,</strong></span> <span class='ocrx_word' id='word_1_266' title='bbox 1591 2787 1664 2815; x_wconf 85' lang='lat' dir='ltr'><strong>em.</strong></span> <span class='ocrx_word' id='word_1_267' title='bbox 1688 2773 1866 2825; x_wconf 79' lang='lat' dir='ltr'><strong>Kempf,</strong></span> 
     </span>
     <span class='ocr_line' id='line_1_39' title="bbox 261 2829 1865 2886; baseline -0.002 -15"><span class='ocrx_word' id='word_1_268' title='bbox 261 2831 455 2872; x_wconf 87' lang='lat' dir='ltr'><strong>soluerit</strong></span> <span class='ocrx_word' id='word_1_269' title='bbox 476 2832 618 2874; x_wconf 80' lang='lat' dir='ltr'><strong>Periz.</strong></span> <span class='ocrx_word' id='word_1_270' title='bbox 679 2833 729 2872; x_wconf 79' lang='lat'><strong>21</strong></span> <span class='ocrx_word' id='word_1_271' title='bbox 755 2832 893 2884; x_wconf 86' lang='lat' dir='ltr'><strong>galba</strong></span> <span class='ocrx_word' id='word_1_272' title='bbox 918 2831 1058 2883; x_wconf 82' lang='lat' dir='ltr'><strong>(bain</strong></span> <span class='ocrx_word' id='word_1_273' title='bbox 1079 2830 1186 2884; x_wconf 69' lang='lat' dir='ltr'><strong>raa.)</strong></span> <span class='ocrx_word' id='word_1_274' title='bbox 1210 2831 1251 2872; x_wconf 93' lang='lat' dir='ltr'><em>B</em></span> <span class='ocrx_word' id='word_1_275' title='bbox 1291 2829 1309 2886; x_wconf 79' lang='grc' dir='ltr'>Η</span> <span class='ocrx_word' id='word_1_276' title='bbox 1349 2829 1441 2872; x_wconf 76' lang='lat' dir='ltr'><strong>triti</strong></span> <span class='ocrx_word' id='word_1_277' title='bbox 1460 2831 1524 2871; x_wconf 90' lang='lat' dir='ltr'><strong>B:</strong></span> <span class='ocrx_word' id='word_1_278' title='bbox 1554 2830 1708 2870; x_wconf 75' lang='lat' dir='ltr'><strong>tribufi</strong></span> <span class='ocrx_word' id='word_1_279' title='bbox 1729 2829 1752 2869; x_wconf 80' lang='lat' dir='ltr'><em>b</em></span> <span class='ocrx_word' id='word_1_280' title='bbox 1811 2831 1865 2869; x_wconf 79' lang='lat'><strong>24</strong></span> 
     </span>
     <span class='ocr_line' id='line_1_40' title="bbox 261 2885 1862 2941; baseline -0.002 -8"><span class='ocrx_word' id='word_1_281' title='bbox 261 2890 345 2932; x_wconf 64' lang='grc' dir='ltr'><strong>ἯΠ</strong></span> <span class='ocrx_word' id='word_1_282' title='bbox 367 2887 437 2927; x_wconf 83' lang='lat' dir='ltr'><strong>B:</strong></span> <span class='ocrx_word' id='word_1_283' title='bbox 471 2898 582 2932; x_wconf 80' lang='lat' dir='ltr'><strong>Cvffl</strong></span> <span class='ocrx_word' id='word_1_284' title='bbox 605 2888 669 2929; x_wconf 84' lang='lat' dir='ltr'><strong>Pb</strong></span> <span class='ocrx_word' id='word_1_285' title='bbox 749 2890 802 2929; x_wconf 80' lang='lat'><strong>26</strong></span> <span class='ocrx_word' id='word_1_286' title='bbox 826 2888 1002 2929; x_wconf 82' lang='lat' dir='ltr'><strong>cladem</strong></span> <span class='ocrx_word' id='word_1_287' title='bbox 1023 2888 1088 2928; x_wconf 90' lang='lat' dir='ltr'><strong>B:</strong></span> <span class='ocrx_word' id='word_1_288' title='bbox 1118 2891 1295 2941; x_wconf 85' lang='lat' dir='ltr'><strong>partem</strong></span> <span class='ocrx_word' id='word_1_289' title='bbox 1318 2889 1357 2928; x_wconf 89' lang='lat' dir='ltr'><em>D</em></span> <span class='ocrx_word' id='word_1_290' title='bbox 1435 2889 1489 2928; x_wconf 84' lang='lat'><strong>28</strong></span> <span class='ocrx_word' id='word_1_291' title='bbox 1516 2886 1687 2926; x_wconf 82' lang='lat' dir='ltr'><strong>nimiae</strong></span> <span class='ocrx_word' id='word_1_292' title='bbox 1707 2885 1765 2937; x_wconf 89' lang='lat' dir='ltr'><strong>B,</strong></span> <span class='ocrx_word' id='word_1_293' title='bbox 1787 2898 1862 2929; x_wconf 87' lang='lat' dir='ltr'><strong>em.</strong></span> 
     </span>
     <span class='ocr_line' id='line_1_41' title="bbox 259 2945 429 2997; baseline 0 -13"><span class='ocrx_word' id='word_1_294' title='bbox 259 2945 429 2997; x_wconf 79' lang='lat' dir='ltr'><strong>Kempf</strong></span> 
     </span>
    </p>
   </div>
   <div class='ocr_carea' id='block_1_9' title="bbox 472 2889 586 2895">
    <p class='ocr_par' dir='ltr' id='par_1_16' title="bbox 472 2889 586 2895">
     <span class='ocr_line' id='line_1_42' title="bbox 472 2889 586 2895; baseline 0 0"><span class='ocrx_word' id='word_1_295' title='bbox 472 2889 586 2895; x_wconf 95' lang='lat' dir='ltr'><strong> </strong></span> 
     </span>
    </p>
   </div>
  </div>
 </body>
</html>
