1924 3152
231 128 337 180 :222
383 187 385 189 ‚
953 133 1054 179 LlB.
1091 134 1140 180 V.

231 258 501 311 nusquam
536 239 850 310 sepulturae
883 240 1063 293 locum
1106 240 1327 309 habuit,
1374 242 1472 296 sed
1515 240 1791 298 abscisum
1818 265 1854 300 a

233 329 461 382 corpore
497 311 654 380 inops
682 309 803 379 rogi
822 309 1095 363 nefarium
1116 312 1426 383 Aegyptiae
1445 312 1708 394 perfidiae
1733 335 1853 369 mu·
1888 369 1893 373 ,

231 400 334 434 nus
361 388 640 452 portatum
676 388 785 447 est,
821 382 988 435 etiam
1022 382 1041 433 i
1085 382 1130 434 si
1165 383 1363 436 uictori
1399 384 1726 438 miserabile.
1788 394 1855 439 ut

229 453 374 503 enim
397 451 455 503 id
483 451 686 504 Caesar
711 452 945 522 aspexit,
983 400 1187 506 obditus
1222 452 1397 506 hostis
1435 454 1611 508 soceri
1634 454 1851 509 uultum

186 537 206 568 5
228 522 409 575 induit
443 540 507 575 ac
540 521 678 575 Pom
721 522 803 574 eio
841 541 962 576 cum
996 523 1248 594 proprias
1284 531 1402 576 tum
1445 533 1500 578 et
1535 524 1681 578 filiae
1716 545 1854 579 suae

225 593 480 646 lacrimas
507 591 667 645 reddi
710 593 777 659 it,
805 601 972 664 caput
997 602 1179 647 autem
1204 592 1452 665 plurimis
1490 602 1544 648 et
1565 596 1847 665 pretiosis-

227 665 378 716 simis
406 663 666 717 odoribus
693 663 1048 716 cremandum
1075 665 1309 717 curauit.
1358 666 1505 736 quod
1531 666 1579 717 si
1601 685 1711 720 non
1735 674 1848 720 tam

226 741 545 787 mansuetus
583 734 797 789 animus
834 734 1006 786 diuini
1041 734 1303 805 principis
1341 736 1644 803 extitisset,
1678 737 1850 808 paulo

226 812 353 858 ante
390 805 623 857 Romani
658 804 877 875 imperii
912 804 1163 857 columen
1195 804 1448 858 habitum
1482 837 1554 844 ——
1589 807 1670 859 sic
1702 825 1844 860 mor-

162 891 203 921 10
225 875 418 929 talium
450 875 675 945 negotia
709 874 932 928 fortuna
963 883 1150 928 uersat
1177 907 1245 913 —-
1270 875 1612 928 inhumatum
1647 877 1845 930 iacuis-

226 956 327 1000 set.
391 945 619 999 Catonis
648 962 861 1016 quoque
886 954 1061 999 morte
1084 945 1291 1000 Caesar
1315 946 1508 1017 audita
1533 954 1588 999 et
1615 965 1673 1000 se
1697 946 1845 999 illius

224 1016 434 1086 gloriae
458 1016 705 1069 inuidere
741 1026 795 1069 et
820 1014 976 1068 illum
1001 1035 1133 1069 suae
1167 1016 1435 1070 inuidisse
1470 1017 1642 1084 dixit,
1678 1020 1849 1088 patri-

225 1088 470 1141 monium
509 1106 577 1139 ue
604 1087 720 1139 eius
753 1087 942 1139 liberis
968 1087 1142 1158 ipsius
1168 1086 1439 1140 incolume
1467 1088 1728 1142 seruauit.
1792 1097 1851 1143 et-

222 1157 442 1211 hercule
474 1107 803 1210 (diuinorum
830 1157 1082 1211 Caesaris
1121 1176 1345 1229 operum
1381 1176 1492 1211 non
1515 1177 1690 1231 parua
1713 1177 1847 1230 pars

159 1242 200 1275 15
224 1228 452 1283 Catonis
481 1229 629 1281 salus
656 1228 871 1281 fuisset.

334 1301 417 1351 1⁴1.
456 1299 532 1351 Μ.
562 1300 727 1351 etiam
747 1299 958 1351 Antoni
985 1299 1198 1351 animus
1223 1298 1348 1351 talis
1376 1299 1733 1352 humanitatis
1760 1300 1839 1351 in-

221 1369 445 1423 tellectu
478 1388 588 1422 non
623 1370 818 1422 caruit.
889 1368 966 1422 M.
1006 1369 1148 1422 enim
1189 1370 1350 1423 Bruti
1395 1387 1591 1440 corpus
1639 1368 1843 1423 liberto

224 1459 321 1494 suo
350 1439 722 1511 sepeliendum
747 1439 1000 1506 tradidit,
1039 1457 1253 1510 quoque
1288 1439 1608 1493 honoratius
1636 1458 1839 1492 crema-

221 1519 402 1577 retur,
438 1510 569 1563 inici
595 1510 646 1562 ei
673 1528 830 1562 suum
856 1509 1307 1580 paludamentum
1340 1512 1527 1577 iussit,
1568 1511 1838 1563 iacentem

156 1596 198 1628 20
219 1581 437 1635 hostem
472 1580 722 1651 deposito
760 1581 1057 1633 aestimans
1092 1580 1237 1633 odie.
1299 1597 1530 1652 cumque
1574 1581 1840 1652 intercep-

217 1660 337 1705 tum
362 1670 395 1703 a
419 1651 617 1705 liberto
637 1650 1085 1722 paludamentum
1110 1652 1464 1722 conperisset,
1491 1653 1575 1704 ira
1598 1652 1841 1722 percitus

218 1723 472 1794 protinus
509 1723 566 1774 in
593 1740 717 1774 eum
750 1722 1155 1789 animaduertit,
1192 1722 1295 1775 hac
1331 1730 1460 1775 ante
1493 1721 1839 1794 praefatione

217 1812 374 1846 usus:
415 1792 605 1864 ‘quid‘?
642 1801 701 1844 tu
735 1792 1005 1862 ignorasti
1042 1793 1198 1845 cuius
1235 1793 1339 1846 tibi
1363 1792 1472 1845 uiri
1499 1793 1838 1863 sepulturam

219 1864 659 1918 conmisissem’?
707 1862 908 1916 fortem
941 1864 1198 1934 piamque
1234 1864 1349 1916 eius
1385 1864 1676 1919 uictoriam
1713 1863 1840 1915 Phi-

155 1949 197 1981 25
218 1935 377 2006 lippii
403 1935 583 2004 campi
618 1934 854 1987 libenter
896 1934 1177 2000 uiderunt,
1225 1934 1321 1987 sed
1360 1953 1429 1986 ne
1472 1935 1581 1987 ista
1615 1933 1837 2015 quidem

218 2006 677 2075 generosissimae
710 2005 1107 2074 indignationis
1141 2005 1314 2058 uerba
1338 2004 1500 2057 inuiti
1525 2003 1837 2057 audierunt.

103 2159 195 2192 Par·
221 2158 367 2202 cerat,
403 2151 542 2211 capiti
568 2152 791 2211 reposuit.
852 2153 919 2196 10.
957 2151 1004 2196 C.
1033 2151 1193 2196 Caesar
1218 2151 1403 2202 Catonis
1430 2157 1579 2196 morte
1614 2150 1765 2195 audita
1792 2158 1838 2195 et

218 2236 267 2268 se
301 2220 425 2267 illius
452 2221 633 2281 ‘gloriae
659 2221 863 2267 inuidere
899 2227 943 2265 et
969 2220 1097 2266 illum
1125 2234 1232 2266 suae
1269 2220 1486 2267 inuidisse
1511 2220 1634 2266 dixit.
1696 2222 1838 2281 patri·

217 2293 420 2338 monium
457 2293 554 2337 eius
593 2291 749 2337 liberis
784 2291 1013 2338 incolume
1050 2292 1268 2338 seruauit.
1330 2294 1398 2337 ll.
1436 2291 1490 2337 M.
1519 2290 1745 2337 Antonius
1779 2291 1835 2335 Μ.

152 2372 195 2405 30
217 2364 344 2408 Bruti
370 2376 540 2424 corpus
574 2362 740 2408 liberto
769 2377 852 2408 suo
891 2361 1200 2423 sepeliendum
1236 2362 1381 2415 dedit,
1421 2375 1606 2423 quoque
1639 2361 1838 2407 honora-

219 2436 312 2480 tius
339 2440 631 2484 cremaretur,
659 2432 1026 2494 paludamentum
1046 2447 1178 2478 suum
1198 2433 1306 2480 inici
1322 2447 1437 2494 rogo
1457 2434 1615 2478 iussit:
1642 2445 1837 2493 cumque

215 2507 521 2566 interceptum
548 2504 916 2566 paludamentum
944 2519 966 2550 a
986 2504 1153 2550 liberto
1180 2506 1489 2565 conperisset,
1515 2502 1834 2550 animaduertit

214 2590 260 2620 m
287 2590 405 2622 eum.

331 2716 352 2752 1
383 2726 631 2766 numquam
659 2714 701 2753 B
769 2715 794 2754 2
815 2714 978 2767 rogina
999 2713 1170 2754 sarium
1191 2706 1246 2753 B'
1313 2714 1339 2753 5
1359 2723 1580 2766 properas
1598 2711 1654 2758 B,
1685 2710 1766 2750 sed
1785 2721 1835 2749 er

215 2783 274 2810 ex
293 2783 406 2810 corr.
438 2767 456 2823 Η
485 2774 532 2810 et
553 2784 630 2811 om.
653 2771 697 2810 B
725 2773 768 2811 in
788 2784 877 2811 ras.
947 2773 971 2810 7
1003 2773 1136 2810 curat
1162 2769 1205 2810 B
1275 2770 1326 2810 17
1355 2781 1447 2810 non
1467 2781 1543 2809 om.
1566 2766 1609 2806 B
1628 2768 1672 2806 in
1692 2778 1780 2805 ras.
1808 2763 1829 2817 ἐξ

217 2826 388 2867 claruit
409 2825 433 2866 b
503 2827 555 2867 19
588 2824 650 2879 ei]
670 2839 782 2880 rogo
804 2827 855 2876 P,
883 2827 989 2877 fort.
1012 2826 1109 2879 igni
1176 2827 1230 2867 20
1250 2826 1510 2877 intercepto
1532 2823 1574 2862 B
1641 2823 1692 2862 21
1724 2834 1829 2863 con-

214 2883 391 2936 perisse
413 2875 469 2922 B'
537 2884 590 2922 22
619 2884 829 2935 protinus
851 2882 894 2923 B
923 2896 1036 2926 corr.
1066 2896 1088 2923 e
1110 2894 1279 2936 pronus
1338 2883 1393 2922 24
1421 2879 1619 2934 philippi
1647 2878 1710 2926 B,
1751 2891 1828 2922 em,

214 2940 388 2993 Kempf,
411 2939 468 2990 ef.
492 2938 532 2987 I,
558 2943 595 2987 7,
619 2942 643 2979 1
