1924 3152
388 115 506 188 cip.
533 141 584 192 x,
626 141 718 186 Ext.
749 140 777 200 3
805 145 846 184 2.
874 143 914 185 3.
952 120 1405 197 Lm.V1.cAP.1,g
1435 141 1474 183 1.
1501 143 1542 183 2.
1670 132 1774 184 271
1825 117 1827 119 ’

678 317 910 370 LIBER
940 316 1254 370 SEXTVS.
1322 352 1332 360 -

642 432 687 483 I.
762 435 861 483 DE
911 433 1294 483 PVDICITIA.

268 532 430 586 Vnde
465 539 518 584 te
553 531 800 583 uirorum
842 529 1049 599 pariter
1092 546 1157 580 ac
1200 528 1532 582 feminarum
1575 529 1780 599 praeci—

159 623 329 678 puum
362 603 791 667 firmamentum,
839 599 1141 665 Pudicitia,
1187 600 1476 652 inuocem?
1542 607 1602 651 tu
1638 599 1782 651 enim

199 678 343 729 risca
367 673 631 743 religione
670 679 1013 726 consecratos
1041 669 1246 722 Vestae
1282 670 1434 723 focos
1466 669 1684 735 incoliS,
1722 677 1782 722 tu
1805 684 1824 716 5

161 696 508 818 gapitolinae
534 743 762 797 Iunonis
789 741 1170 813 puluinaribus
1198 741 1429 794 incubas
1446 783 1459 809 ,
1498 751 1558 794 tu
1583 740 1786 794 Palatii

157 817 414 871 'columen
467 822 730 884 augustos
783 821 1008 884 penates
1062 812 1575 883 sanctissimumque
1610 812 1784 864 Iuliae

164 887 437 959 genialem
461 893 642 939 torum
669 884 905 936 adsidua
933 883 1169 936 statione
1195 882 1472 950 celebras,
1509 891 1603 935 tuo
1631 901 1781 954 prae·

166 959 305 1013 sidio
331 955 559 1029 puerilis
588 957 782 1008 aetatis
809 955 1049 1024 insignia
1074 954 1286 1006 munita
1313 962 1468 1021 sunt,
1507 955 1587 1006 tui
1612 954 1785 1005 numi-

165 1031 249 1083 nis
283 1035 537 1101 respectu
573 1027 817 1079 sincerus
856 1026 1111 1077 iuuentae
1138 1023 1236 1076 flos
1265 1033 1574 1095 permanet,
1612 1033 1666 1077 te
1694 1042 1784 1077 cu·
1810 1041 1850 1072 10

168 1101 323 1154 stode
359 1096 680 1151 matronalis
718 1096 859 1150 stola
894 1103 1170 1148 censetur:
1225 1096 1356 1148 ades
1383 1096 1555 1165 igitur
1582 1105 1636 1148 et
1661 1113 1784 1165 cog-

166 1189 330 1224 nosce
358 1188 496 1240 quae
524 1168 643 1220 fieri
667 1169 791 1238 ipsa
817 1166 1055 1220 uoluisti.

276 1243 322 1293 1..
341 1240 497 1293 ..Dux
523 1239 803 1292 Romanae
828 1238 1128 1309 pudicitiae
1153 1236 1439 1303 Lucretia,
1476 1238 1630 1289 cuius
1659 1236 1787 1288 uiri-

164 1311 230 1364 lis
260 1311 471 1364 animus
505 1309 747 1379 maligno
785 1328 966 1362 errore
1002 1308 1256 1360 fortunae
1291 1306 1556 1361 muliebre
1591 1325 1788 1379 corpus

167 1382 392 1436 sortitus
421 1389 531 1447 est,
569 1399 600 1432 a
626 1380 754 1434 Sex.
783 1378 1079 1449 Tarquinio
1106 1378 1252 1447 regis
1281 1377 1517 1448 Superbi
1553 1378 1664 1431 filio
1691 1396 1790 1449 per
1814 1394 1854 1426 15

165 1455 280 1506 uim
306 1460 558 1523 stuprum
583 1451 699 1533 pati
725 1458 939 1517 coacta,
980 1469 1103 1502 cum
1128 1450 1472 1519 grauissimis
1499 1450 1683 1503 uerbis
1711 1450 1789 1501 in—

166 1525 366 1577 iuriam
401 1541 556 1575 suam
591 1541 649 1573 ln
694 1522 922 1575 concilio
959 1521 1390 1574 necessariorum
1427 1519 1789 1591 deplorasset,

169 1595 316 1647 ferro
345 1612 418 1659 se,
447 1593 592 1663 quod
617 1601 772 1644 ueste
793 1600 1001 1645 tectum
1022 1592 1316 1657 adtulerat,
1343 1591 1636 1658 interemit,
1666 1610 1790 1643 cau-

172 1682 395 1735 samque
443 1673 557 1716 tam
606 1663 850 1716 animoso
901 1663 1127 1714 interitu
1170 1663 1460 1732 imperium
1507 1661 1792 1714 consulare

170 1753 268 1806 pro
296 1735 447 1803 regio
475 1733 825 1804 permutandi
851 1732 1052 1803 populo
1081 1732 1327 1785 Romano
1354 1732 1629 1802 praebuit.
1814 1750 1856 1780 20

279 1804 329 1856 2.
369 1804 552 1875 Atque
576 1803 712 1855 haec
735 1803 967 1855 inlatam
992 1803 1250 1854 iniuriam
1270 1821 1379 1855 non
1405 1802 1555 1854 tulit:
1597 1802 1791 1871 Vergi-

173 1876 316 1942 niuS,
343 1874 524 1946 plebei
548 1874 790 1943 generis,
821 1874 916 1926 sed
941 1873 1161 1944 patricii
1186 1874 1274 1925 uir
1299 1873 1548 1943 spirituS,
1576 1892 1645 1925 ne
1671 1890 1791 1943 pro-

171 1947 272 2000 bro
301 1945 765 1999 contaminaretur
791 1944 983 1997 domus
1011 1963 1130 2011 sua,
1157 1945 1379 2014 proprio
1408 1944 1666 2013 sanguini
1683 1962 1795 1997 non

172 2017 435 2089 pepercit.
497 2034 626 2068 nam
664 2034 788 2067 cum
825 2016 969 2086 App.
1016 2014 1280 2067 Claudius
1327 2014 1604 2067 decemuir
1650 2013 1794 2067 filiae

175 2088 290 2141 eius
331 2087 596 2156 [Virgini]
638 2094 886 2158 stuprum
909 2087 1199 2157 potestatis
1226 2085 1439 2139 uiribus
1468 2085 1642 2140 fretus
1670 2104 1791 2156 per·
1815 2102 1857 2134 25

174 2159 408 2211 tinacius
436 2164 744 2227 expeteret,
783 2157 1076 2210 deductam
1101 2157 1159 2209 in
1184 2156 1363 2210 forum
1388 2155 1628 2228 puellam
1654 2156 1793 2210 occi-

281 2277 376 2322 DE
398 2276 760 2322 PVDICITIA.
823 2280 861 2320 l.
901 2276 1111 2322 Lucretia
1137 2291 1237 2322 cum
1266 2291 1290 2322 a
1317 2276 1418 2321 Sex.
1446 2277 1692 2336 Tarquinio
1721 2290 1791 2321 re·
1816 2284 1908 2319 Par.

177 2349 248 2407 gis
274 2348 367 2393 filio
408 2362 488 2407 per
514 2347 604 2391 uim
635 2355 842 2407 stuprum
870 2349 962 2407 pati
990 2355 1144 2393 coacta
1180 2348 1464 2406 grauissimis
1491 2347 1644 2392 uerbis
1680 2349 1796 2391 iniu—

179 2419 290 2462 riam
317 2431 442 2462 suam
471 2418 515 2461 in
544 2418 737 2462 concilio
766 2418 998 2463 docuisset
1023 2420 1400 2467 necessariorum,
1428 2418 1553 2462 ferro
1582 2430 1644 2468 se,
1673 2417 1795 2477 quod

179 2494 308 2532 ueste
347 2493 511 2532 tectum
550 2486 799 2537 adtulerat,
841 2490 1084 2532 interemit.
1159 2492 1198 2532 2.
1239 2488 1348 2532 Cum
1382 2489 1557 2547 Appius
1584 2487 1794 2532 Claudius
1818 2499 1860 2531 30

181 2557 410 2602 decemuir
447 2556 565 2601 filiae
616 2556 789 2615 Virgini
836 2564 1044 2616 stuprum
1090 2558 1368 2617 pertinacius
1414 2564 1670 2616 expeteret,
1719 2557 1796 2603 de-

294 2667 322 2706 4
343 2668 683 2717 ornamentum,
714 2679 773 2718 p.,
808 2678 996 2706 euocem
1026 2666 1148 2718 Lips.
1171 2662 1194 2722 ss
1220 2664 1470 2718 pudicitia*
1490 2665 1533 2706 B
1597 2667 1620 2706 7
1641 2665 1794 2706 Iuliae

181 2723 334 2776 gentis
357 2724 482 2764 codd.
505 2722 645 2774 Piyhz'i
696 2723 746 2762 10
767 2722 1007 2762 iuuentute
1033 2720 1106 2773 (—
1127 2723 1165 2762 ti
1185 2725 1322 2770 corr.)
1345 2721 1403 2774 B,
1428 2723 1484 2775 cf.
1508 2737 1601 2762 uar.
1624 2725 1653 2765 l.
1676 2724 1736 2764 ad
1755 2725 1795 2771 6,

148 2819 166 2835 f
182 2781 223 2828 2,
249 2780 277 2818 8
356 2781 407 2820 15
431 2773 534 2819 S‘ex.
559 2778 645 2818 Pb:
678 2791 756 2820 om.
778 2778 820 2818 B
898 2780 949 2818 21
974 2779 1094 2818 hanc
1116 2779 1139 2819 b
1219 2780 1273 2818 22
1296 2791 1352 2819 ne
1376 2779 1438 2819 B:
1464 2780 1621 2831 quine
1645 2779 1668 2819 b
1739 2782 1794 2821 23

183 2836 365 2888 propria
386 2828 442 2875 B'
486 2837 541 2875 24
565 2835 741 2874 eladius
764 2829 822 2873 B'
859 2835 913 2874 25
935 2836 1170 2888 uirginiB‚
1193 2837 1306 2889 quod
1326 2849 1401 2876 nos
1416 2837 1681 2876 inclusimus:
1704 2837 1795 2875 uir-

183 2891 302 2942 ginis
325 2891 393 2943 ὂς,
416 2892 666 2944 Verginiae
691 2891 975 2932 Kellerbauer
1033 2893 1086 2932 26
1109 2891 1346 2933 seductam
1366 2893 1415 2932 in
1437 2893 1537 2933 foro
1559 2893 1683 2946 Lips.

298 2949 349 2988 31
373 2948 567 3000 uirginis
595 2949 638 2988 V
1707 2940 1727 2955 ⁴
