1936 3120
269 148 375 202 462
619 125 622 131 ’
946 154 1047 200 Lm.
1083 154 1204 201 vnn.

274 261 581 333 spectaculo
626 260 888 314 attonitus
905 301 920 328 ,
978 260 1173 314 deinde
1215 262 1470 332 profusus
1515 263 1572 315 in
1622 262 1873 319 lacrimas

273 333 395 385 ‘etsi
421 330 762 401 inprudens'‚
799 331 974 402 inquit
1001 332 1342 403 ‘imperator,
1371 351 1536 386 causa
1561 333 1664 388 tibi
1683 335 1876 388 mortis

270 403 370 468 sui,
396 409 580 454 tamen
606 420 674 454 ne
698 402 757 454 id
781 402 963 473 ipsum
988 403 1297 473 inpunitum
1323 404 1421 472 sit,
1450 405 1636 475 accipe
1661 423 1747 458 me
1772 404 1877 458 fati

271 473 353 526 tui
389 472 680 540 comitem',
717 491 987 544 superque
1021 474 1271 526 exanime
1306 493 1501 546 corpus
1540 476 1656 528 eius
1691 474 1877 546 iugulo

227 560 247 592 5
272 562 369 597 suo
404 542 649 612 gladium
685 542 877 614 capulo
907 551 1062 596 tenus
1099 544 1316 598 demisit
1349 563 1414 597 ac
1446 547 1718 616 permixto
1745 547 1877 598 utri-

269 632 440 685 usque
469 614 734 683 sanguine
764 613 968 685 duplex
992 615 1215 667 uictima
1240 616 1435 683 iacuit,
1475 616 1695 687 pietatis
1721 615 1876 684 haec,

271 684 468 738 erroris
494 684 606 736 illa.

374 756 425 807 3.
466 754 719 808 Ceterum
753 754 897 807 falsa
932 755 1173 826 opinatio
1207 756 1392 810 nescio
1430 774 1501 808 an
1524 756 1876 826 praecipuam

269 826 523 878 iniuriam
548 826 731 879 Lartis
755 825 1026 892 Tolumni,
1053 826 1369 879 Veientium
1395 826 1558 898 regiS,
1586 827 1874 898 penatibus

209 915 249 947 10
269 896 527 950 intulerit.
579 915 708 948 nam
733 915 856 949 cum
880 897 939 948 in
965 904 1294 949 tesserarum
1318 916 1445 968 pros
1489 915 1579 950 ero
1605 897 1752 951 iactu
1777 915 1876 968 per

270 968 451 1021 iocum
488 966 763 1020 conlusori
800 967 1031 1021 dixisset
1068 967 1318 1035 ‘occide'7
1357 976 1413 1021 et
1464 975 1580 1021 orte
1605 968 1874 1021 Romano-

267 1058 389 1091 rum
414 1037 582 1108 legati
607 1038 1047 1105 interuenissent‚
1078 1037 1340 1092 satellites
1368 1039 1484 1091 eius
1513 1056 1695 1093 errore
1719 1038 1872 1090 uocis

268 1109 471 1180 inpulsi
493 1149 507 1175 ‚
566 1109 940 1162 interficiendo
1001 1107 1210 1179 legatos
1260 1109 1438 1162 lusum
1487 1109 1559 1162 ad
1607 1110 1875 1180 inperium

268 1179 684 1234 transtulerunt.

205 1340 246 1372 15
777 1321 851 1375 X.
897 1325 995 1373 DE
1039 1324 1358 1374 VLTIONE.

374 1419 614 1473 Vltionis
654 1428 837 1472 autem
873 1438 1032 1490 quem
1070 1419 1141 1472 ad
1166 1419 1388 1472 modum
1423 1437 1602 1486 acreS,
1639 1419 1720 1471 ita
1742 1419 1874 1471 iusti

269 1489 443 1542 aculei
469 1498 610 1558 sunt⁷
639 1491 732 1561 qui
756 1489 998 1543 lacessiti
1024 1490 1380 1556 concitantur,
1413 1498 1699 1560 acceptum
1726 1487 1873 1543 dolo·

268 1580 384 1684 reim
427 1580 657 1631 pensare
702 1561 1005 1631 cupientes:
1071 1579 1204 1632 quos
1249 1561 1412 1614 latius
1456 1559 1723 1631 conplecti
1767 1577 1876 1611 11011

269 1651 301 1684 a
344 1632 495 1685 tinet.

203 1721 246 1754 20
378 1705 425 1754 1.
466 1702 743 1755 Tribunus
779 1701 851 1772 pl.
887 1702 964 1753 M.
990 1701 1213 1754 Flauius
1252 1701 1323 1754 ad
1357 1701 1620 1772 populum
1647 1699 1715 1752 de'
1740 1699 1874 1752 Tus-

268 1773 476 1826 culanis
503 1772 742 1839 rettulit,
818 1772 928 1825 uod
955 1791 1142 1826 eorum
1169 1771 1396 1826 consilio
1422 1770 1733 1824 Veliternos
1759 1770 1872 1823 Pri-

266 1852 632 1915 uernatesque
657 1844 787 1896 rebe
811 1844 948 1896 latos
985 1843 1207 1896 diceret.
1269 1844 1361 1914 qui
1393 1861 1516 1896 cum
1552 1841 1871 1911 coniugibus

268 1934 332 1968 ac
365 1914 551 1968 liberis
590 1913 840 1985 squalore
877 1914 1040 1968 obsiti
1074 1932 1186 1968 cum
1223 1913 1493 1984 supplices
1520 1913 1748 1966 Romam
1783 1929 1872 1964 ue·

266 1987 505 2053 nissent7
545 1985 745 2038 accidit
779 1994 842 2038 ut
877 1984 1099 2056 reliquis
1137 1985 1389 2038 tribubus
1428 1982 1720 2037 salutarem
1755 2000 1872 2034 sen-

205 2147 247 2179 25
270 2133 403 2194 plena
429 2135 657 2178 uictorum
686 2146 733 2178 se
760 2133 934 2178 occidit.
987 2135 1026 2177 3.
1068 2132 1346 2182 Tolumnius,
1374 2144 1452 2176 rex
1477 2130 1744 2180 Veientium,
1771 2142 1871 2174 cum

158 2187 191 2222 P
187 2199 247 2221 ‘¹²⁴‘
271 2211 546 2249 tesserarum
566 2217 787 2264 prospero
804 2205 924 2248 iactu
942 2216 1023 2262 per
1042 2204 1188 2247 iocum
1210 2200 1427 2248 collusori
1445 2200 1632 2245 dixisset
1659 2199 1870 2250 ‘occide’,

270 2282 315 2319 et
349 2274 469 2319 forte
505 2274 809 2319 Romanorum
851 2273 990 2333 legati
1035 2274 1409 2322 interuenissent,
1455 2270 1676 2316 satellites
1717 2283 1871 2315 errore

270 2346 400 2391 uocis
428 2345 599 2405 inpulsi
626 2344 804 2404 legatos
830 2344 1106 2389 occiderunt.

375 2415 468 2460 DE
503 2414 822 2460 VLTIONE.⁴
857 2418 892 2460 1.
921 2414 973 2460 M.
1002 2414 1185 2460 Flauius
1212 2413 1315 2459 trib.
1344 2411 1463 2474 pleb.
1492 2411 1544 2457 ad
1570 2410 1790 2472 populum
1817 2410 1870 2455 de

207 2504 248 2537 30
271 2485 537 2533 Tusculanis
563 2483 756 2538 rettulit,
785 2485 906 2546 quod
932 2499 1090 2532 eorum
1117 2484 1311 2533 consilio
1333 2482 1546 2529 Veliterni
1573 2489 1618 2527 61
1636 2480 1872 2527 Priuerna-

383 2625 411 2663 4
436 2621 539 2678 [pus
562 2646 617 2652 —
637 2622 739 2676 suo]
761 2630 802 2664 et
825 2621 1026 2676 [demisit
1044 2645 1101 2652 —
1120 2619 1331 2675 utriusq]
1354 2621 1396 2662 B
1454 2621 1480 2661 8
1502 2619 1626 2661 falsa
1645 2617 1871 2672 opinatio-

270 2693 374 2721 nem
396 2682 492 2722 seio
513 2674 568 2721 B'
647 2683 672 2722 9
693 2680 828 2720 lartis
850 2681 930 2720 del.
955 2680 979 2720 b
998 2677 1018 2734 Ι]
1039 2679 1249 2720 tolumnii
1268 2677 1521 2720 ueientium
1542 2676 1584 2717 B
1605 2678 1649 2716 in
1668 2687 1757 2715 ras.
1817 2673 1869 2712 16

271 2737 433 2777 iniusti
454 2737 477 2778 b
538 2739 592 2778 20
613 2737 672 2776 Μ.
695 2737 888 2777 Flauius
910 2739 965 2777 tr.
990 2736 1051 2790 pl.
1073 2736 1096 2776 b
1136 2733 1155 2789 ΙΙ
1193 2735 1390 2776 Flauius
1413 2731 1492 2786 (fla
1513 2735 1555 2773 in
1574 2730 1684 2782 ras.)
1705 2730 1748 2770 B
1814 2730 1867 2768 21

270 2793 432 2835 retulit
450 2793 505 2842 B,
528 2793 637 2834 tulit
656 2794 797 2836 Periz.
877 2794 930 2833 22
961 2792 1266 2834 rebellaturos
1286 2791 1343 2842 B,
1369 2804 1444 2831 em.
1466 2789 1684 2830 Manutius
1702 2787 1761 2827 ad
1781 2785 1865 2825 Cic.

271 2863 340 2903 ep.
371 2852 431 2891 ad
451 2851 554 2901 fam.
583 2852 631 2898 8,
662 2852 712 2896 9;
743 2850 798 2902 cf.
829 2849 1002 2902 Kempf.
1081 2850 1134 2890 23
1176 2861 1277 2888 cum
1306 2848 1406 2888 add.
1439 2846 1463 2887 b
1493 2845 1591 2898 (qui
1611 2854 1746 2907 quoin
1769 2853 1868 2882 cum

270 2906 478 2960 Kempf);
508 2908 599 2959 ipse
618 2907 756 2947 malim
777 2906 966 2947 Romam
990 2918 1091 2947 cum
1111 2905 1351 2947 uenissent
1409 2904 1464 2944 24
1482 2901 1672 2954 reliqui*
1691 2898 1733 2939 B

385 2965 439 3006 26
462 2962 612 3004 occidi
639 2963 683 3003 V
687 2957 698 2973 '
