1924 3152
592 142 710 188 CAP.
738 143 786 193 11,
817 141 855 200 g
876 144 944 186 11.
972 143 1040 185 12.
1081 141 1175 186 Ext.
1204 140 1234 199 g
1262 143 1302 213 i.
1330 145 1370 186 2.
1684 133 1792 186 285

165 253 336 307 animi
385 251 598 306 ebrium
647 250 972 320 resipiscere
1023 246 1300 320 causaque
1346 247 1664 317 diligentius
1711 247 1790 298 in-

166 334 354 396 specta
378 322 664 375 iustiorem
692 321 1022 373 sententiam
1056 321 1201 372 ferre
1236 319 1430 389 coegit.
1506 318 1678 388 igitur
1703 335 1790 370 ae—

166 396 453 468 quitatem,
518 411 646 444 uam
671 392 967 462 impetrare
992 410 1103 444 non
1125 400 1393 462 potuerat,
1422 388 1670 455 extorsit,
1698 407 1790 459 po-

165 468 275 520 tius
308 413 641 536 praesidium
676 481 708 515 a
741 462 1000 516 libertate
1039 482 1205 533 quam
1242 463 1311 515 ab
1338 460 1650 514 innocentia
1677 478 1792 511 mu-

167 546 342 593 tuata.
1815 549 1836 580 5

274 607 325 660 2.
365 606 486 658 Iam
509 604 607 657 illa
632 624 742 658 non
765 604 940 658 solum
965 603 1147 670 fortis,
1177 603 1274 656 sed
1301 605 1466 656 etiam
1492 603 1706 655 urbana
1731 599 1792 653 li-

166 678 373 733 bertas,
426 677 722 730 senectutis
758 674 986 727 ultimae
1021 675 1293 745 quaedam
1323 674 1642 744 SyracusiS,
1682 681 1792 725 om-

167 749 333 804 nibus
361 749 624 820 Dionysii
651 748 875 818 tyranni
912 747 1141 799 exitium
1177 756 1402 817 propter
1427 745 1656 797 nimiam
1683 762 1794 796 mo-

169 839 292 873 rum
318 819 678 872 acerbitatem
709 826 762 870 et
786 816 1159 870 intolerabilia
1187 836 1352 870 onera
1377 818 1522 870 uotis
1537 824 1795 886 expeten-

170 891 340 959 tibus,
370 890 488 944 sola
510 889 713 943 cotidie
732 890 1002 942 matutino
1024 898 1267 959 tempore
1290 888 1421 941 deos
1436 898 1496 939 ut
1506 886 1794 939 incolumis
1821 904 1862 935 10

172 981 238 1015 ac
264 963 371 1016 sibi
399 970 678 1032 superstes
710 969 854 1012 esset
882 960 1095 1013 orabat.
1149 960 1294 1030 quod
1320 959 1418 1013 ubi
1443 959 1490 1010 is
1519 957 1796 1027 cognouit,

171 1051 280 1086 non
308 1033 553 1087 debitam
579 1033 687 1086 sibi
714 1030 1016 1084 admiratus
1034 1031 1483 1097 beniuolentiam,
1511 1027 1800 1081 arcessiuit

174 1123 294 1158 eam
321 1113 375 1157 et
399 1103 533 1175 quid
559 1104 636 1154 ita
660 1103 764 1155 hoc
791 1112 887 1155 aut
913 1121 1020 1173 quo
1048 1103 1242 1173 merito
1273 1121 1370 1155 suo
1397 1102 1607 1154 faceret
1633 1100 1798 1152 inter-

173 1177 407 1244 rogauit.
483 1184 601 1228 tum
641 1173 737 1226 illa
775 1178 947 1226 ‘certa
984 1181 1086 1225 est’
1125 1174 1303 1245 inquit
1340 1173 1502 1225 <ratio
1528 1169 1800 1242 propositi

172 1246 297 1300 mei.
347 1244 533 1317 puella
559 1247 722 1312 enim,
751 1264 872 1297 cum
888 1263 1113 1314 grauem
1135 1253 1430 1316 tyrannum
1448 1243 1796 1310 haberemus,
1822 1259 1865 1292 15

174 1336 360 1371 carere
388 1334 450 1369 eo
478 1316 786 1387 cupiebam.
827 1334 933 1387 quo
955 1316 1242 1369 interfecto
1265 1315 1544 1386 aliquanto
1572 1313 1801 1366 taetrior

175 1407 356 1442 arcem
394 1389 698 1458 occupauit.
771 1388 886 1439 eius
923 1405 1139 1458 quoque
1176 1387 1322 1439 finiri
1369 1385 1802 1439 dominationem

119 1519 122 1522 Δ
174 1461 360 1529 magni
387 1460 766 1513 aestimabam.
820 1459 1045 1511 tertium
1072 1467 1125 1511 te
1152 1457 1529 1528 superioribus
1555 1458 1801 1526 inportu-

175 1531 389 1584 niorem
411 1529 617 1583 habere
645 1531 922 1601 coepimus
950 1538 1239 1582 rectorem.
1316 1530 1502 1599 itaque
1529 1545 1627 1593 ne,
1667 1528 1715 1578 si
1741 1534 1802 1579 tu

176 1601 349 1654 fueris
378 1601 731 1672 absumptuS,
770 1600 1012 1653 deterior
1038 1602 1096 1652 in
1131 1601 1314 1652 locum
1339 1607 1497 1651 tuum
1525 1597 1801 1663 succedat,
1826 1617 1867 1648 20
1880 1651 1891 1653 „

179 1679 347 1742 caput
370 1690 551 1723 meum
576 1691 675 1742 pro
703 1681 798 1724 tua
834 1670 1010 1723 salute
1047 1671 1337 1725 deuoueo'.
1411 1679 1528 1722 tam
1563 1668 1804 1721 facetam

179 1743 470 1795 audaciam
494 1742 801 1812 Dionysius
829 1742 1023 1812 punire
1052 1742 1287 1795 erubuit.

180 1904 437 1952 prouocare
477 1903 525 1935 se
561 1890 777 1935 iudicium
815 1890 1067 1936 uociferata
1095 1896 1189 1935 est:
1230 1903 1378 1948 eoque
1405 1890 1722 1947 interrogante
1749 1886 1804 1931 ad
1827 1899 1918 1933 Par.

181 1975 315 2022 quem
351 1969 652 2022 prouocaret‚
691 1961 764 2007 e‘ad
799 1961 1079 2021 Philippum’
1116 1960 1283 2021 inquit,
1321 1959 1399 2005 sed
1426 1959 1668 2005 sobr1um’.
1731 1971 1804 2003 ex-

179 2034 326 2078 cussit
374 2031 606 2092 crapulam
658 2045 733 2078 rex
782 2041 830 2094 et
878 2034 1082 2092 inspecta
1126 2046 1262 2078 causa
1305 2031 1542 2076 mulierem
1587 2030 1802 2076 absoluit.
1827 2044 1869 2076 25

180 2107 222 2149 2.
263 2103 522 2149 Senectutis
566 2104 754 2150 ultimae
789 2095 1020 2164 'quaedam
1057 2102 1294 2164 Syracusis
1332 2102 1430 2148 sola
1467 2102 1635 2148 cotidie
1674 2116 1804 2149 mane

181 2175 293 2221 deos
320 2174 503 2225 orabat,
543 2182 594 2220 ut
620 2175 706 2220 sibi
744 2183 977 2235 superstes
1005 2182 1125 2220 esset
1150 2175 1407 2235 Dionysius.
1462 2173 1519 2219 ob
1548 2187 1682 2234 quam
1710 2188 1804 2219 rem

179 2246 228 2291 in
255 2259 404 2292 arcem
441 2246 684 2305 perducta,
723 2260 902 2291 causam
941 2253 1136 2306 tyranno
1176 2248 1516 2307 interrogante,
1557 2245 1702 2291 ‘cum’
1739 2248 1808 2290 in-

182 2317 283 2376 quit
319 2316 491 2377 ‘puella
518 2330 662 2362 essem
690 2324 734 2362 et
762 2325 1003 2378 tyrannum
1042 2317 1331 2368 haberemus,
1369 2330 1524 2363 carere
1562 2332 1614 2362 eo
1652 2317 1806 2377 cupie-

181 2387 314 2432 bam:
354 2401 445 2447 quo
471 2387 716 2433 interfecto
743 2387 859 2433 alter
885 2388 1118 2448 aliquanto
1147 2390 1341 2433 taetrior
1367 2402 1517 2434 arcem
1546 2389 1803 2448 occupauit.
1831 2400 1873 2431 30

185 2459 284 2503 eius
312 2471 499 2517 quoque
525 2456 646 2502 finiri
677 2458 1032 2504 dominationem
1060 2457 1213 2517 magni
1252 2459 1568 2504 aestimabam:
1619 2460 1808 2504 tertium

185 2535 231 2574 te
265 2529 646 2588 importuniorem
688 2529 1003 2588 superioribus
1039 2528 1206 2573 habere
1243 2530 1493 2589 coepimus.
1556 2531 1713 2589 itaque
1749 2543 1806 2574 ne

186 2607 379 2660 quartus
406 2598 637 2644 crudelior
664 2600 981 2659 superueniat,
1018 2606 1155 2659 caput
1181 2613 1331 2644 meum
1368 2614 1451 2660 pro
1482 2607 1525 2644 te
1561 2599 1806 2645 deuoueo'.

225 2735 227 2737 ’
301 2739 326 2777 2
350 2736 688 2789 aequalitatem
710 2736 765 2784 B,
788 2739 869 2777 sed
888 2749 1001 2777 corr.
1027 2738 1051 2775 1
1073 2750 1122 2776 m.
1203 2738 1230 2775 4
1252 2736 1463 2778 mutuata
1481 2737 1575 2778 iam
1596 2737 1728 2778 illam
1751 2730 1807 2777 B'

187 2797 211 2835 ⁷
232 2795 457 2847 syricusis
479 2794 521 2833 B
584 2795 636 2834 10
658 2793 885 2834 matutino
909 2815 962 2821 —
987 2806 1090 2833 cum
1111 2805 1299 2846 grauem
1322 2798 1373 2845 ty
1403 2792 1463 2847 (u.
1488 2795 1562 2846 15)
1584 2794 1627 2834 B
1651 2796 1693 2834 in
1714 2808 1803 2837 raS.

186 2850 312 2892 habet
393 2853 445 2891 12
475 2851 675 2891 arcessit
696 2850 739 2889 B
760 2862 875 2890 corr.
899 2851 996 2890 ead.
1020 2863 1071 2889 m.
1095 2863 1153 2890 eae
1175 2851 1378 2891 accersit
1458 2853 1510 2892 13
1540 2851 1628 2892 hoc
1651 2851 1707 2898 B,
1730 2852 1810 2892 sed

189 2914 445 2959 expunctum
506 2909 558 2948 19
582 2906 788 2959 cupimus
810 2899 870 2946 B'
1692 2915 1710 2931 ·

301 2965 355 3004 29
379 2964 678 3016 cupiebamus
708 2964 754 3003 V
805 2965 857 3004 31
883 2963 1244 3005 aestimabamus
1266 2964 1363 3005 Mai
