1872 3132
226 127 292 178 14
934 130 1033 176 LIB.
1073 131 1104 176 l.

114 252 201 286 Par.
333 246 375 289 6.
410 243 596 292 Persae,
624 243 744 287 mille
773 242 952 287 nauium
980 251 1170 287 numero
1198 241 1352 287 Delum
1379 232 1626 304 compulsi,
1656 247 1825 306 templo

223 314 445 373 Apollinis
471 313 708 371 religiosas
733 315 887 372 potius
908 327 1067 358 manus
1095 326 1226 372 quam
1253 326 1439 372 rapaces
1467 313 1776 362 adhibuerunt.

326 387 364 427 7.
402 383 698 428 Athenienses
723 383 1017 441 Protagoram
1045 383 1367 442 philosophum
1395 383 1692 444 pepulerunt,
1722 388 1825 446 quia

221 452 416 498 scribere
437 467 574 497 ausus
595 452 757 503 suerat,
784 455 979 512 primum
1005 454 1215 512 ignorare
1238 466 1285 497 se
1307 467 1362 498 an
1382 453 1425 498 di
1451 461 1620 506 essent,
1648 456 1823 507 deinde,

177 533 197 566 5
222 524 259 567 si
296 524 409 572 sint,
449 522 619 582 quales.
683 523 815 567 iidem
844 522 1071 568 Socratem
1110 523 1458 575 damnauerunt,
1498 525 1619 584 quod
1658 540 1822 572 nouam

220 592 482 651 religionem
528 583 1109 638 introd‘tsc'ffi'iii‘deffit'iir.
1180 578 1821 647 lide-mmmm,

219 652 1220 722 qunffiffiffiffiffiorespotmswquffiffe‘hore
1247 663 1490 709 Mineruam
1526 663 1624 710 fieri
1659 665 1823 712 dehere

217 732 415 782 dicebat,
445 733 568 792 quod
593 733 760 778 diutius
788 735 910 777 nitor
936 740 1057 778 esset
1083 747 1346 783 mansurus,
1376 734 1454 779 sed
1479 741 1530 780 ut
1555 735 1718 781 adiecit
1746 737 1759 758 ‘
1778 743 1823 781 et

217 801 399 853 uilius',
441 809 586 848 tacere
612 804 856 848 iusserunt.

154 883 194 915 10
323 875 364 916 8.
402 872 646 917 Diomedon
682 887 799 918 unus
836 887 858 918 e
885 873 1038 918 decem
1074 872 1286 923 ducibus,
1326 874 1490 934 quibus
1528 875 1823 933 Argennusae

216 942 369 986 eadem
406 956 556 1002 pugna
593 949 636 987 et
674 944 910 987 uictoriam
947 951 991 988 et
1027 943 1359 988 damnationem
1386 952 1683 1004 pepererunt,
1719 959 1821 991 cum

204 1012 270 1059 tad
304 1012 576 1057 immeritum
613 1012 883 1072 supplicium
921 1013 1184 1062 duceretur,
1227 1014 1337 1058 nihil
1374 1014 1506 1059 aliudv
1531 1014 1714 1060 locutus
1753 1023 1824 1061 est

217 1095 347 1140 quam
385 1089 435 1127 ut
468 1088 576 1127 uota
603 1097 686 1141 pro
726 1082 1035 1128 incolumitate
1074 1084 1299 1128 exercitus
1336 1083 1389 1128 ab
1427 1085 1527 1143 ipso
1564 1092 1820 1145 nuncupata

215 1151 515 1196 soluerentur.

150 1233 191 1265 15
319 1223 358 1265 9.
396 1222 598 1267 Brennus
596 1221 857 1281 ψ(ιῖιὲιδΙᾸ-ρζήιιῐη
884 1222 993 1272 dux,
1027 1222 1464 1294 99¹.P¹“¹i.{.52l?9„¹¹³¹¹i⁸
1503 1223 1717 1285 templum
1755 1225 1820 1270 in-

390 1283 409 1288 ..
416 1273 592 1288 „munaum-*⁶⁶¹⁴
795 1271 1019 1286 '“W'W⁴²w·¹⁴wk

214 1305 423 1350 gressus,
452 1290 862 1356 dei.-991.t¹ntete..j.n.
879 1306 935 1350 se..
947 1287 1323 1356 .¹11.anus“uertits

100 1414 190 1458 Nep.
323 1405 362 1446 6.
407 1403 570 1449 Persae
597 1402 718 1447 mille
744 1403 936 1448 nauibus
963 1403 1194 1463 inpleuere
1222 1404 1398 1455 Delum,
1436 1413 1480 1450 et
1506 1419 1606 1451 cum
1634 1406 1819 1452 diuitiae

212 1471 258 1515 in
284 1473 473 1531 praedas
500 1480 688 1533 possent
715 1473 893 1518 allicere
922 1474 1143 1524 uictores,
1173 1474 1380 1519 omnibus
1409 1475 1568 1535 spoliis
1598 1483 1819 1536 tempera-

174 1576 178 1580 .
212 1547 308 1587 tum
336 1549 404 1587 est
432 1543 474 1586 in
502 1543 572 1588 dei
601 1544 838 1588 honorem.

147 1619 190 1652 20
318 1616 356 1657 7.
408 1613 680 1673 Protagoras
716 1612 1017 1673 philosophus
1062 1614 1116 1659 ab
1151 1614 1502 1660 Atheniensibus
1541 1616 1701 1676 pulsus
1748 1624 1819 1662 est

211 1680 408 1740 librique
445 1683 541 1728 eius
576 1683 756 1743 publice
793 1684 960 1734 exusti,
1008 1685 1126 1743 quod
1170 1686 1415 1744 scripserat
1452 1687 1654 1744 ignorari
1693 1687 1818 1732 andi

211 1759 386 1802 essent,
415 1767 465 1798 ac
493 1755 529 1797 si
557 1761 732 1803 essent,
773 1753 926 1812 quales
955 1762 1109 1799 essent
1135 1769 1223 1800 non
1250 1768 1388 1814 posse
1416 1758 1534 1801 sciri.
1567 1781 1627 1789 -
1657 1756 1818 1803 Socra-

213 1827 278 1865 tes
305 1822 350 1866 in
377 1823 529 1867 eadem
556 1822 667 1868 urhe
695 1823 928 1868 damnatus
957 1831 1048 1874 est,
1097 1826 1217 1884 quod
1244 1832 1403 1871 contra
1430 1825 1676 1885 religiones
1704 1841 1818 1873 non-

209 1905 438 1951 nunquam
465 1893 729 1953 disputaret.
775 1906 859 1924 ——‘
886 1894 1065 1939 Phidias
1094 1895 1279 1944 ibidem,
1318 1895 1468 1940 eboris
1497 1896 1699 1957 scalptor
1717 1933 1727 1948 ,
1755 1899 1818 1942 ait

81 2012 83 2014 μ
148 1969 189 2001 25
212 1967 395 2020 sumptu
415 1964 590 2007 minore
617 1977 838 2008 marmore
862 1978 992 2022 quam
1021 1964 1156 2009 ebore
1184 1966 1266 2010 diis
1287 1966 1524 2012 simulacra
1552 1966 1664 2017 lieri,
1695 1968 1816 2027 quod

209 2033 439 2090 aspernati
465 2045 518 2076 ex
545 2031 682 2077 ebore
707 2033 1004 2078 Athenienses
1031 2035 1273 2079 iusserunt.

315 2103 355 2144 8.
406 2102 536 2161 Apud
573 2102 754 2147 eosdem
780 2103 1021 2147 Diomedon
1052 2118 1167 2148 unus
1194 2105 1246 2148 de
1274 2105 1421 2150 decem
1460 2106 1674 2157 ducibus,
1714 2121 1815 2153 cum

208 2177 315 2229 post
340 2170 578 2216 uictoriam
615 2172 667 2216 ad
696 2172 962 2233 supplicium
990 2181 1224 2232 pergeret,
1263 2178 1446 2234 rogauit
1480 2183 1530 2221 ut
1556 2184 1816 2237 nuncupata

208 2245 317 2284 uota
343 2235 438 2300 prov
453 2243 651 2287 exercitu
679 2242 980 2288 soluerentur.

145 2318 186 2350 30
314 2311 354 2355 9.
381 2311 583 2357 Brennus
611 2326 687 2357 rex
715 2312 941 2357 Gallorum
969 2313 1174 2359 uictoriis
1202 2314 1396 2374 Delphos
1422 2330 1568 2376 usque
1593 2330 1815 2377 peruene-

323 2407 343 2443 1
367 2404 567 2446 Prensae
597 2407 647 2452 V,
670 2407 868 2447 Prensa*
888 2407 931 2446 B
952 2405 969 2458 Η
991 2407 1166 2459 copulsi
1186 2408 1252 2447 B:
1286 2410 1496 2462 conpulsi
1519 2411 1748 2463 complexi
1776 2414 1821 2452 V

208 2461 233 2501 5
254 2474 309 2501 an
331 2462 370 2500 si
393 2464 575 2502 essent?
636 2464 659 2501 7
684 2464 892 2513 quamuis
922 2459 977 2503 V'
1032 2465 1056 2503 8
1078 2465 1269 2504 nitorem
1294 2478 1554 2506 mansurum
1583 2467 1628 2505 V
1681 2469 1731 2507 12
1757 2469 1814 2508 ad

206 2517 299 2556 iam
319 2517 528 2557 meritum
557 2519 614 2564 V,
638 2531 712 2560 em.
734 2519 899 2571 Kempf
953 2521 1003 2559 15
1026 2517 1255 2574 Brennus]
1282 2536 1320 2560 u.
1345 2523 1402 2561 ad
1419 2535 1463 2573 p.
1489 2524 1554 2570 10,
1580 2525 1606 2562 2

322 2572 372 2614 17
402 2586 546 2614 naues
570 2574 789 2626 appulere
814 2576 926 2626 Μαί,
958 2575 1154 2615 nauibus
1178 2577 1398 2630 appulere
1421 2578 1590 2630 Kempf
1640 2580 1694 2619 20
1722 2579 1814 2630 Py-

207 2628 425 2681 thagoras
452 2631 484 2669 G
503 2631 575 2680 (Ξ
591 2631 684 2670 cod.
708 2631 827 2681 Vat.)
889 2633 940 2670 21
968 2644 1079 2683 quos
1106 2633 1146 2679 C,
1173 2634 1281 2684 quia
1303 2633 1400 2673 Mai
1417 2629 1436 2687 Ι]
1457 2633 1662 2685 ignorari
1685 2647 1743 2674 an
1766 2635 1813 2675 di

206 2686 388 2736 scripsi:
419 2686 661 2738 ignorandi
686 2687 727 2733 C,
762 2688 975 2740 ignorare
998 2701 1044 2728 se
1070 2701 1127 2728 an
1150 2689 1212 2728 dii
1234 2689 1331 2729 Mai
1386 2691 1439 2729 22
1457 2702 1547 2730 non
1568 2694 1758 2742 possent
1782 2691 1815 2731 O

207 2742 261 2780 24
289 2740 449 2780 Fidias
482 2742 514 2781 0
579 2744 632 2782 25
663 2755 797 2793 quam
830 2744 963 2783 ebore
990 2745 1197 2785 Foertselz
1226 2743 1316 2797 (II,
1330 2745 1403 2797 4ss
1429 2747 1634 2798 incipere
1669 2747 1702 2786 C
1757 2748 1811 2787 26

209 2798 446 2848 aspernati
477 2798 641 2838 Christ:
680 2798 886 2850 ipseratii
925 2800 973 2845 0,
1014 2802 1106 2852 ipsi
1138 2801 1246 2840 irati
1275 2801 1370 2841 Mai
1395 2798 1413 2852 ΙΙ
1451 2802 1689 2842 ateniense
1726 2803 1759 2842 C

207 2854 262 2893 2⁷
282 2852 516 2894 diomedes
533 2854 653 2905 imus
678 2854 711 2894 C
768 2857 820 2894 29
838 2853 936 2908 pro]
965 2870 990 2908 p
1017 2857 1049 2896 C
1106 2859 1159 2897 30
1177 2859 1291 2897 immo
1314 2857 1404 2897 dux
1423 2855 1445 2910 Π
1463 2856 1594 2898 defos
1621 2855 1690 2912 ΟΠ
1712 2871 1812 2911 per-

206 2909 367 2950 ueniat
390 2909 434 2960 C,
467 2910 677 2962 peruenit
698 2911 763 2949 Du
786 2912 890 2951 Rieu
