1924 3152
484 6 490 14 ,
535 0 614 20 ,ηπ
630 0 726 38 may·
746 0 886 30 assa-5:31«
902 0 965 27 ,ξι-’τί
998 0 1142 42 '⁴1:332'
1171 14 1175 18 >
1241 12 1243 15 ¹
1264 0 1268 3 ⁷
1404 16 1406 18 ·
1584 0 1590 7 ”
1623 12 1640 42 μ
1693 0 1742 43 Ὗ

499 110 1318 211 CAP.V,Ext.§i.2.⁴V1,§1.2W.
1448 116 1452 121 ’
1616 136 1717 191 197

90 261 213 309 rum
229 253 520 326 'aliquanto
548 253 918 308 ardentiorem
953 260 1008 307 et
1033 251 1440 307 concitatiorem
1469 270 1718 324 pergam,

87 325 426 397 legitimique
451 325 662 379 'amoris
690 324 845 396 quasi
868 322 1138 396 quasdam
1171 323 1440 394 imagines
1466 341 1578 377 non
1602 325 1720 378 sine

86 396 332 451 maxima
378 395 733 450 ueneratione
783 393 1235 466 contemplandas
1282 394 1502 449 lectoris
1548 394 1719 448 oculis

90 467 390 534 subiciam,
448 465 700 520 ualenter
755 466 900 519 inter
949 466 1209 536 coniuges
1261 464 1541 520 stabilitae
1590 465 1720 519 fidei

91 556 259 610 opera
290 554 615 610 percurrens
630 576 645 604 ,
686 537 860 590 ardua
893 536 1136 602 imitatu,
1180 544 1424 591 ceterum
1458 537 1718 607 cognosci
1741 557 1764 590 5

88 609 264 676 utilia,
291 608 421 691 quia
446 607 908 661 excellentissima
933 607 1397 662 animaduertenti
1418 626 1487 661 ne
1513 607 1719 661 medio·

87 681 203 734 cria
228 679 450 751 quldem
473 687 756 750 praestare
780 678 969 732 rubori
996 686 1211 749 oportet
1237 697 1376 732 esse.

198 779 246 831 1.
311 778 399 831 Ti.
446 777 732 832 Gracchus
779 777 1051 847 anguibus
1094 778 1255 832 domi.
1287 795 1419 830 suae
1461 794 1613 831 mare
1657 780 1727 830 ac.

88 850 293 903 femina
328 849 711 921 adprehensis,
750 849 950 902 certior
973 848 1153 903 factus
1182 848 1252 902 ab
1290 866 1415 902 arus
1459 848 1542 902 ice
1568 865 1728 901 mare*

91 921 316 974 dimisso
350 920 511 973 uxori
547 920 690 987 eius,
739 919 948 972 femina
984 920 1092 991 ipsi
1126 919 1357 974 celerem
1394 867 1604 973 obitum
1639 919 1718 971 in·
1743 940 1785 972 10

91 1000 265 1059 stare,
330 990 627 1044 salutarem
667 991 890 1060 coniugi
937 991 1124 1062 potius
1163 1008 1330 1063 quam
1366 989 1471 1044 sibi
1506 999 1722 1061 partem

91 1061 310 1132 augurii
336 1068 584 1129 secutus,
611 1079 819 1114 marem
843 1061 1060 1128 necari,
1088 1061 1352 1115 feminam
1381 1059 1585 1114 dimitti
1609 1062 1719 1114 ius-

92 1134 189 1200 sit,
232 1131 599 1203 sustinuitque
638 1132 695 1184 in
722 1139 1017 1203 conspectu
1043 1151 1143 1186 suo
1182 1150 1239 1185 se
1273 1132 1457 1202 ipsum
1490 1130 1721 1186 interitu

91 1202 361 1275 serpentis
399 1201 592 1256 occidi.
657 1203 844 1273 itaque
873 1201 1186 1257 Corneliam
1211 1203 1394 1256 nescio
1432 1209 1616 1264 utrum
1642 1201 1720 1255 fe-

89 1274 334 1328 liciorem
361 1273 612 1341 dixerim,
644 1273 790 1344 quod
816 1272 984 1327 talem
1007 1273 1189 1326 uirum
1213 1273 1495 1342 habuerit,
1524 1291 1596 1326 an
1621 1272 1718 1325 mi·
1743 1291 1786 1326 15

92 1344 383 1413 seriorem,
425 1343 572 1416 quod
609 1344 872 1397 amiserit.
934 1363 965 1398 o
1002 1350 1084 1411 te,
1122 1342 1444 1397 Thessaliae
1481 1362 1583 1397 rex
1609 1342 1721 1397 Ad-

90 1424 253 1485 mete,
282 1413 521 1469 crudelis
550 1422 604 1469 et
632 1415 756 1468 duri
775 1415 909 1468 facti
937 1415 1163 1468 crimine
1185 1414 1288 1468 sub
1309 1432 1510 1485 magno
1539 1414 1722 1468 iudice

92 1487 433 1555 damnatum,
462 1486 556 1558 qui
584 1486 830 1556 coniugis
858 1493 987 1539 tuae
1013 1486 1132 1540 fata
1156 1504 1256 1558 pro
1284 1485 1392 1539 tuis
1420 1485 1722 1557 permutari

90 1575 288 1630 passus
307 1575 383 1625 es,
411 1575 599 1628 eaque,
626 1575 694 1610 ne
714 1565 776 1610 tu
796 1557 1198 1627 extinguerem,
1224 1556 1539 1611 uoluntario
1568 1556 1723 1611 obitu

94 1635 418 1699 consumpta
450 1626 628 1681 lucem
653 1628 856 1682 intueri
880 1627 1139 1699 potuisti,
1179 1635 1232 1683 et
1259 1634 1405 1682 certe
1429 1636 1720 1698 parentum
1741 1645 1786 1678 20

93 1699 247 1771 prius
269 1696 673 1769 indulgentiam
699 1700 1099 1770 temptaueras!

199 1797 251 1851 2.
281 1796 460 1850 Vilior
481 1797 732 1850 Graccho
754 1797 974 1867 iniquae
992 1797 1250 1850 fortunae
1267 1797 1508 1864 uictima,
1536 1816 1723 1867 quam-

93 1869 179 1922 uis
208 1867 472 1922 senatorii
498 1867 586 1920 uir
606 1867 843 1935 ordiniS,
872 1867 935 1920 O.
962 1866 1211 1920 Plautius
1237 1867 1503 1934 Numida,
1542 1866 1641 1919 sed
1666 1867 1724 1918 in

94 1937 366 1994 consimili
401 1957 587 1992 amore
612 1957 713 2009 par
748 1936 1077 2009 exemplum.
1137 1945 1316 1991 morte
1351 1937 1497 1990 enim
1530 1938 1723 1991 uxoris

94 2010 313 2076 audita,
351 2007 556 2063 doloris
591 2010 844 2079 inpotens
871 2016 1061 2079 pectus
1097 2026 1254 2061 suum
1279 2007 1465 2077 gladio
1500 2026 1719 2079 percus·
1743 2023 1788 2057 25

96 2082 185 2135 sit.
244 2081 559 2133 interuentu
597 2079 796 2133 deinde
823 2079 1247 2133 domesticorum
1281 2079 1563 2150 inceptum
1597 2097 1721 2132 exe-

95 2151 189 2223 qui
212 2150 524 2222 prohibitus
552 2149 840 2221 colligatus
883 2169 971 2219 ue,
997 2158 1059 2203 ut
1082 2150 1323 2220 primum
1348 2150 1563 2205 occasio
1591 2151 1725 2204 data

95 2231 204 2290 est,
243 2221 431 2275 scissis
457 2220 660 2274 fasceis
686 2240 752 2275 ac
776 2240 850 2274 uu
874 2239 1005 2274 nere
1031 2220 1264 2289 diuols0,
1292 2222 1565 2277 constanti
1592 2220 1723 2274 dex-

203 2371 244 2415 1.
279 2368 374 2415 DE
396 2367 635 2414 AMORE
661 2364 1036 2416 CONIVGALI.
1086 2369 1151 2414 Ti.
1180 2367 1406 2415 Gracchus
1433 2368 1587 2414 domui
1613 2380 1721 2414 suae
1743 2374 1838 2410 Par·

99 2438 327 2500 anguibus
362 2439 477 2484 mari
505 2453 555 2485 ac
582 2438 752 2486 femina
776 2439 1039 2500 deprensis,
1078 2453 1180 2486 cum
1206 2440 1433 2499 haruspex
1460 2439 1720 2499 respondis·
1745 2447 1786 2480 30

100 2517 170 2555 set
197 2508 298 2555 sore
322 2515 400 2560 ut,
428 2510 463 2554 si
492 2508 736 2555 occidisset
762 2523 952 2561 marem,
981 2511 1078 2569 ipse
1103 2515 1388 2562 moreretur,
1427 2509 1466 2554 si
1492 2509 1720 2558 feminam,

99 2594 215 2626 uxor
242 2581 364 2629 eius,
392 2592 563 2624 marem
590 2579 770 2626 occidit.
831 2585 871 2625 2.
909 2580 956 2626 C.
981 2579 1188 2625 Plautius
1213 2578 1405 2625 Numida
1430 2579 1585 2624 uxoris
1613 2591 1723 2624 suae

99 2659 248 2697 morte
276 2650 428 2696 audita
455 2649 605 2709 gladio
634 2663 682 2695 se
709 2651 951 2709 percussit.
1004 2651 1267 2695 interuentu
1294 2649 1453 2694 deinde
1479 2662 1723 2694 seruorum

214 2791 243 2830 4
271 2787 538 2830 stabilitate
560 2786 602 2827 B
662 2787 687 2826 5
719 2786 928 2828 imitatu*
948 2785 990 2827 B
1016 2783 1036 2840 Η
1064 2790 1267 2827 ceterum
1286 2785 1330 2826 B
1350 2787 1394 2827 in
1412 2799 1502 2827 ras.
1563 2786 1588 2826 6
1616 2785 1724 2838 quia

101 2845 148 2887 b.-
172 2844 250 2899 qui
270 2845 312 2886 B
371 2844 396 2886 8
418 2843 470 2885 Τ.
492 2842 535 2884 Β
555 2839 575 2897 1]
594 2839 814 2898 mariPss
831 2855 887 2884 ac
909 2842 968 2883 P:
991 2855 1068 2884 om.
1092 2842 1135 2883 B
1193 2843 1219 2885 9
1241 2841 1481 2896 deprensis
1501 2839 1578 2897 Pl}
1598 2854 1725 2882 mare

100 2900 289 2943 dimisso
311 2901 353 2942 B
380 2903 424 2942 in
452 2913 541 2942 ras.
612 2901 665 2941 10
692 2898 892 2941 femina*
911 2898 954 2940 B
1024 2900 1075 2940 17
1107 2898 1206 2940 duri
1227 2899 1294 2940 B:
1326 2898 1412 2940 diri
1440 2900 1544 2941 dett.
1577 2904 1619 2940 et
1639 2908 1666 2944 ς
1698 2895 1723 2950 ΙΙ

103 2958 194 2999 fati
216 2958 239 2998 b
301 2960 354 3000 19
376 2957 644 3011 extinguere
667 2950 720 2996 B'
784 2958 838 2998 23
859 2955 1075 3009 plaucius
1098 2955 1140 2995 B
1199 2957 1253 2998 28
1275 2955 1456 2999 diuolsa
1480 2950 1535 2996 B'
