1936 3120
483 112 916 203 cAP.x111,Ext.§
945 147 1086 188 2-7.
1125 140 1251 196 xlm,
1279 143 1308 203 5
1338 147 1377 191 1.
1632 122 1747 193 417'
1788 96 1823 115 --

114 251 276 323 eique
317 250 579 305 suscribit
621 251 916 304 Damastes
932 291 946 318 ‚
990 251 1094 304 hoc
1141 249 1375 322 amplius
1420 251 1736 320 adfirmanS‚

113 322 388 376 Litorium
424 320 701 393 quendam
736 322 899 374 exiis
927 322 1295 374 maximarum
1327 322 1528 374 uirium
1566 331 1737 377 statu-

113 411 316 464 raeque
340 392 668 464 praecipuae
693 392 1134 446 trecentesimum
1161 410 1360 444 annum
1388 393 1710 447 cumulasse.

223 465 273 517 7.
314 461 634 516 Alexander
659 482 790 516 uero
818 464 874 515 in
903 481 965 516 eo
992 461 1300 529 uolumine,
1321 463 1486 534 ‘quod
1514 463 1581 516 de
1608 463 1737 536 Illy-

113 534 228 589 rico
253 541 439 587 tractu
463 534 777 604 conposuit,
814 533 1072 586 adfirmat
1098 533 1426 586 Dandonem
1463 534 1737 606 quendam
1759 553 1781 586 5

114 605 188 658 ad
212 604 714 676 quingentesimum
749 623 923 675 usque
959 623 1163 656 annum
1198 603 1350 656 nulla
1377 623 1446 657 ex
1471 615 1627 676 parte
1655 624 1735 658 se-

114 683 429 729 nescentem
464 676 815 745 processisse.
891 674 990 727 sed
1023 674 1193 728 multo
1233 673 1515 728 liberalius
1554 676 1736 730 Xeno·

113 745 280 818 phon,
309 746 464 798 cuius
492 747 803 813 περίπλους
827 744 1051 815 legitur:
1093 745 1305 798 insulae
1332 747 1476 799 enim
1494 746 1736 800 Latmio-

41 861 44 863 ,
113 836 237 870 rum
271 834 458 886 regem
493 817 827 886 octingentis
869 817 1018 869 uitae
1054 817 1211 870 annis
1249 816 1492 870 donauit.
1569 836 1633 871 ac
1668 836 1736 870 ne

112 894 273 959 pater
299 889 415 940 eius
442 905 636 958 parum
662 888 899 957 benigne
927 896 1181 958 acceptus
1209 887 1504 956 uideretur,
1535 890 1584 941 ei
1604 907 1734 960 quo·
1759 909 1800 941 ιο

113 977 219 1030 que
244 966 524 1012 sescentos
554 958 873 1028 adsignauit
898 977 1086 1011 annos.

337 1099 534 1153 XIIII.
585 1103 684 1152 DE
719 1064 1155 1152 CVPIDITATE
1189 1103 1509 1153 GLORIAE.

223 1197 417 1253 Gloria
441 1217 572 1252 uero
601 1206 695 1251 aut
720 1198 868 1251 unde
894 1198 1101 1251 oriatur
1127 1206 1222 1251 aut
1248 1199 1400 1251 cuius
1426 1200 1496 1251 sit
1514 1198 1733 1252 habitus

112 1276 212 1322 aut
237 1287 346 1340 qua
371 1268 586 1323 ratione
623 1270 822 1322 debeat
858 1269 1147 1339 conparari
1174 1278 1227 1322 et
1254 1288 1324 1321 an
1350 1269 1542 1322 melius
1571 1287 1602 1321 a
1626 1269 1736 1321 uir·
1806 1278 1810 1282 ’

110 1347 231 1393 tute
254 1339 409 1393 uelut
433 1359 544 1394 non
568 1340 878 1392 necessaria
903 1339 1242 1409 neglegatur,
1265 1339 1504 1392 uiderint
1522 1340 1576 1407 ii,
1606 1359 1733 1411 quo·
1758 1351 1799 1384 15

111 1429 236 1463 rum
268 1411 327 1463 in
364 1410 799 1481 contemplandis
836 1410 952 1463 eius
989 1410 1142 1463 modi
1176 1411 1340 1464 rebus
1376 1429 1507 1463 cura
1542 1412 1735 1463 teritur

113 1481 421 1553 quibusque
458 1500 597 1553 quae
630 1482 930 1553 prudenter
963 1480 1474 1534 animaduerterunt
1498 1481 1734 1534 facunde

113 1552 345 1621 contigit
379 1551 579 1623 eloqui.
655 1571 754 1622 ego
789 1553 846 1603 in
880 1551 984 1604 hoc
1021 1570 1184 1622 opere
1210 1552 1372 1605 factis
1402 1560 1651 1605 auctores
1681 1559 1735 1603 et

114 1622 432 1675 auctoribus
460 1622 611 1675 facta
637 1641 737 1675 sua
762 1621 994 1675 reddere
1021 1630 1325 1689 contentUS‚
1354 1631 1558 1693 quanta
1584 1623 1733 1692 cupi-

115 1692 258 1745 ditas
287 1693 403 1746 eius
431 1711 552 1745 esse
580 1693 751 1747 soleat
786 1692 1021 1764 propriis
1058 1692 1324 1763 exemplis
1358 1694 1732 1746 demonstrare
1755 1706 1797 1738 20

114 1763 374 1818 conabor.

226 1836 272 1887 1.
313 1833 574 1905 Superior
620 1833 918 1886 Africanus
963 1833 1109 1885 Enni
1193 1840 1346 1885 oetae
1392 1831 1632 1901 effigiem
1675 1833 1733 1883 in

114 1905 479 1958 monumentis
508 1903 794 1958 Corneliae
827 1904 1006 1973 gentis
1044 1921 1145 1956 con
1172 1904 1320 1955 ocari
1352 1903 1549 1968 uoluit,
1587 1901 1733 1973 quod

114 1975 334 2047 ingenio
363 1976 480 2029 eius
506 1993 673 2047 opera
698 1993 798 2028 sua
823 1974 1117 2027 inlustrata
1151 1972 1445 2039 iudicaret,
1482 1991 1592 2026 non
1619 1972 1732 2042 qui-

116 2130 254 2186 gente
279 2123 513 2170 Heliorum
541 2136 637 2170 000
664 2123 794 2169 annis
820 2122 1006 2168 uixisse.
1061 2125 1101 2166 7.
1130 2121 1381 2167 Alexander
1406 2122 1452 2165 in
1479 2119 1729 2178 uolumine⁷
1755 2125 1796 2200 ξοδ

118 2195 243 2256 quod
282 2195 337 2241 de
362 2195 543 2257 Illyrico
583 2201 732 2240 tractu
769 2194 1039 2254 conposuit,
1076 2191 1281 2238 adfirmat
1305 2191 1562 2237 Dandonem
1591 2204 1731 2250 quen·
1787 2177 1848 2201 α’·

118 2266 219 2311 dam
246 2265 376 2310 annis
402 2280 438 2311 D
465 2267 648 2311 uixisse.
701 2265 969 2325 Xenophon,
999 2263 1126 2310 cuius
1154 2262 1358 2324 periplus
1386 2262 1583 2323 legitur,
1612 2263 1734 2306 insu-

117 2334 191 2382 lae
216 2335 476 2381 Lamiorum
503 2350 660 2396 regem
679 2348 816 2382 Doce
838 2336 965 2381 annis
993 2335 1160 2380 uixisse
1183 2334 1306 2384 dicit,
1334 2340 1507 2392 patrem
1532 2333 1628 2377 eius
1650 2344 1730 2376 Dc.

224 2404 321 2452 DE
344 2405 638 2451 GLORIAE
673 2405 1095 2451 CVPIDITATE.
1174 2406 1210 2448 1.
1254 2404 1471 2462 Superior
1495 2402 1732 2447 Africanus

117 2475 250 2522 Ennii
275 2482 440 2536 poetae
468 2475 666 2536 effigiem
704 2478 750 2521 in
785 2475 1091 2521 monumentis
1119 2473 1350 2519 Corneliae
1392 2474 1542 2531 gentis
1580 2469 1735 2517 conlo·
1759 2479 1799 2511 30

237 2615 258 2654 l
282 2612 548 2655 damasthes
571 2614 613 2654 B
672 2615 697 2653 2
719 2613 775 2653 iis
801 2613 864 2652 E:
884 2612 958 2652 his
980 2612 1022 2652 B
1082 2612 1107 2652 5
1130 2610 1387 2652 dandonem
1409 2610 1471 2649 Pb
1495 2608 1609 2657 (item
1626 2608 1737 2648 Plin.

120 2674 147 2712 l.
171 2671 254 2721 e.⁶§
279 2668 409 2722 155).-
442 2671 554 2711 dant
575 2668 694 2710 dona
715 2670 757 2710 B
837 2670 861 2710 7
882 2668 1130 2710 liberarius
1152 2667 1195 2708 B
1274 2669 1299 2709 8
1321 2662 1665 2707 ΠΕΡΙΠΛΟΣ
1682 2664 1737 2711 Β,

118 2727 323 2782 periplus
345 2728 387 2767 P
407 2734 448 2768 et
469 2727 512 2767 B
533 2740 599 2780 mg]
618 2723 637 2780 [Ι
665 2726 929 2767 latmiorum
950 2725 1017 2765 B:
1048 2725 1287 2765 lamiorum
1310 2723 1372 2768 P:
1412 2735 1544 2776 aeque
1573 2723 1740 2761 ineerta

120 2790 187 2826 est
207 2786 329 2826 lectio
353 2786 396 2824 in
417 2784 536 2826 libris
560 2783 690 2824 Plinii
709 2785 735 2825 l.
760 2797 795 2827 c.
819 2783 843 2833 ἓ
867 2785 950 2822 155
1031 2783 1081 2822 15
1122 2781 1155 2821 ii
1178 2781 1243 2820 E:
1275 2779 1324 2819 hi
1346 2778 1386 2819 B
1468 2780 1519 2819 10
1552 2779 1650 2819 eius
1671 2776 1739 2817 B:

119 2840 257 2882 huius
278 2843 383 2883 dett.
465 2842 516 2882 17
547 2838 1027 2881 animaduerterentur
1047 2830 1101 2877 B'
1185 2837 1236 2877 18
1269 2839 1482 2877 auctores
1505 2834 1558 2882 B,
1590 2834 1669 2874 sed
1691 2844 1741 2872 es

120 2899 166 2938 in
185 2911 274 2940 ras.

236 2956 292 2997 28
312 2951 416 3010 DC]
444 2967 500 2996 ac
529 2949 587 2994 V'

208 3036 318 3067 vu„
331 3037 455 3080 iux.
1420 3016 1486 3068 27
