1936 3120
197 141 304 193 390
383 110 385 112 ι
885 147 983 191 LlB.
1027 148 1127 192 vm.

199 253 369 318 deret,
398 252 514 321 ipse
540 250 687 303 mille
716 253 1037 323 conparauit
1057 253 1545 326 dissimulandique
1566 255 1810 308 criminis

197 323 377 391 gratia
405 321 688 374 dimidiam
714 333 926 391 partem
953 323 1063 376 filio
1091 325 1477 394 emancipauit.
1552 343 1712 396 quam
1740 325 1809 380 ob

198 411 420 444 causam
447 411 480 443 a
506 392 580 444 M;
609 392 821 462 Popilio
848 394 1090 447 Laenate
1118 402 1439 461 accusatus,
1478 396 1684 465 primus
1713 414 1812 448 sua

128 502 139 514 x
198 463 319 531 lege
346 463 545 514 cecidit
570 481 635 515 ac
662 463 844 516 docuit
869 464 1003 516 nihil
1024 465 1172 518 aliud
1196 465 1438 536 praecipi
1460 465 1677 534 debere,
1707 466 1811 518 nisi

153 555 173 587 5
198 533 345 604 quod
372 534 525 603 prius
554 535 781 604 quisque
809 535 914 587 sibi
941 535 1309 605 imperauerit.

303 604 354 655 4.
396 604 463 669 Q.
492 613 675 656 autem
709 605 933 671 VariUS,
970 615 1193 676 propter
1229 606 1523 659 obscurum
1556 606 1639 657 ius
1679 607 1809 658 ciui-

197 674 326 727 tatis
356 674 611 745 Hybrida
647 677 1089 745 cognominatus,
1128 676 1377 729 tribunus
1413 675 1485 746 pl.
1513 675 1690 744 legem
1714 675 1807 728 ad-

195 763 385 796 uersus
425 745 867 797 intercessionem
907 745 1241 815 collegarum
1277 746 1619 817 peri-ogauit,
1671 764 1808 816 quae

195 815 421 869 iubebat
460 816 654 885 quaeri
690 835 921 886 quorum
959 815 1079 869 dolo
1116 815 1257 868 malo
1299 817 1434 870 socii
1461 816 1530 868 ad
1557 834 1708 867 arma
1732 816 1809 868 ire

134 908 173 939 10
197 886 374 938 coacti
402 893 596 951 essent,
626 904 826 954 inagna
853 905 976 939 cum
1004 885 1158 939 clade
1185 888 1265 939 rei
1291 886 1567 958 publicae:
1611 885 1809 940 sociale

196 957 339 1008 enim
366 956 537 1027 priUS,
579 956 778 1008 deinde
805 956 963 1009 ciuile
987 957 1190 1010 bellum
1218 958 1496 1010 excitauit.
1559 957 1655 1008 sed
1683 955 1811 1008 dum

195 1036 321 1079 ante
364 1027 681 1097 pestiferum
726 1028 1009 1080 tribunum
1050 1027 1119 1097 pl.
1167 1047 1328 1098 quam
1379 1036 1589 1080 certum
1637 1027 1811 1078 ciuem

196 1097 336 1166 agit,
367 1116 466 1178 sua
491 1096 582 1149 lex
609 1116 731 1149 eum
761 1097 1073 1151 domesticis
1103 1099 1310 1168 laqueis
1338 1098 1692 1150 constrictum
1718 1097 1810 1149 ab-

195 1177 445 1238 sumpslt.

131 1356 171 1387 15
432 1336 563 1388 VII.
603 1341 701 1388 DE
734 1340 992 1389 STVDIO
1035 1340 1126 1388 ET
1159 1340 1567 1389 INDVSTRIA.

302 1447 449 1514 Quid
477 1467 629 1500 cesso
659 1448 804 1500 uires
831 1448 1134 1500 industriae
1170 1465 1616 1511 commemorare,
1655 1448 1805 1498 cuius

195 1517 364 1571 alacri
391 1518 590 1588 spiritu
617 1518 844 1570 militiae
873 1518 1146 1588 stipendia
1181 1518 1536 1584 roborantur,
1574 1516 1806 1570 forensis

195 1588 371 1658 gloria
399 1588 734 1652 accenditur,
763 1588 873 1641 fido
903 1589 1025 1640 sinu
1055 1597 1252 1641 cuncta
1273 1588 1458 1641 studia
1477 1596 1696 1657 recepta
1714 1606 1808 1638 nu-

194 1659 463 1725 triuntur,
494 1658 762 1729 quidquid
789 1659 997 1725 animo,
1027 1658 1294 1729 quidquid
1320 1677 1512 1724 manu,
1578 1656 1809 1728 uidquid

128 1743 171 1774 20
194 1729 382 1798 lingua
403 1728 729 1782 admirabile
752 1737 851 1796 est,
875 1728 947 1782 ad
967 1729 1242 1781 cumulum
1260 1728 1435 1781 laudis
1459 1677 1809 1799 peiliueitur‘?

196 1818 335 1922 {luae
356 1818 480 1852 cum
498 1801 570 1851 sit
590 1799 995 1870 perfectissima
1015 1801 1209 1866 uirtus,
1239 1800 1560 1852 duramento
1582 1798 1666 1850 sui
1686 1816 1809 1850 con-

235 1879 463 1923 rmatur.

308 1942 350 1992 1.
394 1941 529 1994 Cato
576 1948 793 1992 sextum
838 1948 890 1992 et
935 1941 1328 2008 octogesimum
1373 1957 1574 1991 annum
1624 1955 1808 2007 agenS,

197 2011 326 2063 dum
351 2011 409 2062 in
435 2029 494 2062 re
520 2010 740 2080 publica
768 2010 972 2064 tuenda
998 2010 1227 2062 iuuenili
1254 2011 1436 2062 animo
1466 2015 1700 2079 perstat,
1739 2008 1808 2059 ab

131 2094 173 2127 25
196 2081 430 2134 inimicis
459 2079 685 2150 capitali
713 2081 939 2132 crimine
959 2089 1246 2132 accusatus
1268 2097 1488 2131 causam
1509 2097 1662 2129 suam
1681 2077 1808 2145 egit,

82 2247 175 2283 Par.
203 2242 348 2301 gratia
375 2241 602 2285 dimidiam
632 2247 803 2300 partem
831 2239 922 2285 filio
950 2241 1250 2300 mancipauit:
1280 2247 1324 2284 ct
1352 2238 1409 2284 ob
1437 2238 1480 2283 id
1507 2252 1528 2281 a
1556 2237 1612 2282 Μ.
1635 2236 1808 2297 Popilio

199 2312 394 2358 Laenate
422 2317 659 2356 accusatus
689 2311 1019 2370 damnatusque
1048 2318 1130 2355 cst.

306 2382 398 2426 DE
422 2381 665 2426 STVDIO
695 2381 788 2425 ET
810 2380 1194 2432 INDVSTRIA.
1250 2383 1284 2424 l.
1326 2379 1433 2424 Cato
1462 2385 1638 2423 sextum
1665 2384 1710 2422 et
1737 2391 1811 2421 oc·

201 2454 474 2514 togesimum
510 2466 649 2512 agens
687 2466 850 2496 annum
890 2459 1126 2496 accusatus
1166 2464 1346 2496 causam
1373 2450 1507 2499 dixit,
1544 2461 1692 2507 neque
1720 2461 1810 2492 me-

314 2605 335 2643 1
358 2604 456 2656 ipse
479 2603 604 2643 mille
629 2604 668 2642 B
692 2604 734 2642 in
755 2616 844 2643 ras.
869 2607 910 2642 ec
931 2608 1060 2643 eastra
1082 2615 1245 2642 uersum
1264 2597 1283 2654 ΙΙ
1324 2598 1662 2650 simulandique
1684 2597 1726 2637 B
1785 2599 1808 2636 2

199 2660 488 2712 mancipauit
510 2661 550 2698 P
623 2661 650 2699 4
680 2659 890 2711 praecipi
911 2659 952 2698 B
983 2659 1016 2709 (i
1038 2661 1177 2698 altera
1197 2660 1240 2698 in
1261 2656 1370 2709 ras.)
1450 2657 1475 2696 5
1503 2654 1748 2707 imperauit
1770 2652 1809 2691 B

199 2718 224 2757 8
247 2717 515 2769 prorogauit
536 2716 560 2756 b
613 2718 665 2756 10
687 2715 864 2756 sociale
890 2715 1009 2755 enim
1031 2714 1154 2766 prius
1176 2713 1230 2754 de
1255 2713 1358 2756 Boin
1379 2725 1467 2753 ras.
1521 2712 1571 2751 19
1592 2707 1812 2761 quiequid

202 2771 306 2824 (ter)
330 2773 372 2812 B
431 2775 486 2812 20
507 2786 562 2812 an
586 2771 643 2812 ad
667 2770 874 2812 culmen?
907 2772 964 2822 ef.
988 2773 1047 2811 ad
1068 2774 1104 2818 7,
1130 2773 1167 2818 1,
1192 2773 1216 2810 1
1277 2771 1328 2809 21
1352 2764 1518 2820 uirtus]
1543 2766 1645 2806 add.
1667 2766 1710 2805 in
1731 2777 1810 2817 ''19-

207 2829 244 2869 Β
264 2827 323 2869 ea
341 2832 495 2868 tamen
531 2825 550 2881 Η
593 2827 832 2868 confirmat
852 2827 916 2875 B,
947 2829 1046 2867 add.
1076 2840 1169 2878 sup.
1202 2830 1250 2866 at
1273 2826 1436 2876 uiryula
1458 2823 1630 2863 diuersa
1652 2821 1704 2861 ab
1725 2823 1809 2866 illa,

203 2899 286 2938 qua
307 2887 414 2925 alias
434 2887 527 2937 syll.
551 2896 603 2923 ur
625 2886 903 2936 exprimitur,-
935 2886 1275 2923 consummatur
1296 2882 1403 2922 coni.
1427 2878 1601 2931 Kempf‚
1625 2890 1741 2929 quae
1765 2875 1813 2916 fit

200 2943 316 2995 perf.
338 2942 501 2992 uirtus,
527 2953 626 2980 cum
649 2941 690 2983 d.
713 2940 783 2980 sui
807 2940 1105 2980 confirmatur
1125 2937 1331 2979 Foertsclz
1352 2935 1421 2979 II.
1447 2937 1502 2976 36
