1936 3120
249 161 358 213 416
939 168 1039 212 LIB.
1078 168 1182 213 vm.

253 290 474 341 gressus
501 290 678 343 neque
703 274 761 325 in
795 274 899 327 hoc
936 273 1231 344 querellam
1265 273 1434 327 ullam
1458 275 1668 328 inuenit
1693 294 1866 346 neque

254 343 312 393 in
337 341 430 394 illo
458 341 693 412 reliquit.

359 413 410 464 3.
450 413 679 483 Biennio
730 414 907 468 minor
951 414 1297 485 Xenophilus
1342 414 1717 468 Chalcidensis
1762 415 1866 486 Py-

253 481 567 551 thagoricus
582 523 595 548 ‚
626 484 723 536 sed
749 483 1014 537 felicitate
1041 504 1151 538 non
1174 486 1428 550 inferior,
1458 486 1504 536 si
1533 486 1778 556 quidem,
1804 495 1867 538 ut

209 569 231 599 5
256 552 331 603 ait
365 553 732 607 Aristoxenus
768 556 1036 619 musicus,
1074 556 1249 608 omnis
1290 555 1512 608 humani
1538 556 1868 609 incommodi

253 641 451 693 expers
476 624 535 675 in
561 643 770 679 summo
795 626 1230 696 perfectissimae
1259 626 1540 680 doctrinae
1577 625 1867 695 splendore

255 694 528 746 extinctus
556 703 656 747 est.
1251 757 1256 762 ⁵

359 764 410 816 4.
452 765 865 834 Arganthonius
895 774 1078 818 autem
1099 766 1407 820 Gaditanus
1430 774 1542 819 tam·
1563 766 1658 819 diu
1673 785 1867 835 regna-

254 834 353 901 uit,
381 853 544 905 quam
571 836 667 888 diu
694 837 859 889 etiam
885 836 956 888 ad
984 837 1292 889 satietatem
1312 837 1521 889 uixisse
1546 837 1762 890 abunde
1788 836 1867 888 fo-

191 920 232 952 10
254 911 358 957 ret.
396 920 558 958 LXXX
579 907 722 958 enim
742 908 897 959 annis
918 908 1155 977 patriam
1176 926 1331 959 suam
1351 908 1513 974 rexit,
1541 926 1664 960 cum
1683 906 1753 959 ad
1773 907 1867 957 im-

253 974 465 1045 perium
501 977 866 1048 quadraginta
902 996 1070 1030 annos
1105 986 1265 1030 natus
1302 980 1642 1030 accessisset.
1715 978 1867 1029 cuius

253 1046 332 1098 rei
370 1047 506 1100 certi
543 1056 670 1100 sunt
705 1057 975 1101 auctores.
1053 1049 1279 1101 Asinius
1316 1048 1480 1101 etiam
1515 1047 1714 1115 Pollio,
1759 1066 1870 1101 non

253 1117 480 1169 minima
506 1137 632 1187 pars
661 1118 897 1171 Romani
925 1118 1066 1186 stili,
1094 1121 1150 1171 in
1177 1120 1340 1172 tertio
1367 1118 1722 1172 historiarum
1748 1136 1867 1170 sua-

252 1205 373 1239 rum
412 1187 551 1241 libro
589 1198 808 1242 centum
851 1189 1005 1242 illum
1044 1199 1098 1243 et
1137 1190 1364 1259 triginta
1406 1208 1576 1243 annos
1617 1208 1688 1242 ex
1727 1188 1867 1241 lesse

192 1273 231 1304 15
256 1267 673 1326 commemorat,
714 1267 767 1312 et
792 1260 910 1330 ipse
935 1279 1203 1313 neruosae
1229 1261 1545 1313 uiuacitatis
1572 1259 1682 1312 hau
1746 1277 1867 1329 par·

255 1347 384 1380 uum
411 1329 738 1399 exemplum.

359 1399 410 1451 5.
450 1400 628 1451 Huius
656 1401 802 1469 regis
832 1401 1354 1453 consummationem
1395 1418 1662 1452 annorum
1687 1398 1866 1450 minus

255 1468 636 1522 admirabilem
662 1470 870 1522 faciunt
883 1470 1201 1540 Aethiopes,
1230 1484 1366 1540 quos
1394 1469 1708 1523 Herodotus
1739 1468 1867 1520 scri—

255 1540 337 1592 bit
373 1540 731 1594 centesimum
768 1550 821 1593 et
858 1541 1176 1592 uicesimum
1211 1559 1414 1592 annum
1439 1538 1776 1608 transgredi,
1816 1547 1869 1590 et

190 1623 232 1654 20
254 1609 407 1676 Indi,
448 1611 516 1662 de
542 1611 741 1680 quibus
770 1610 983 1663 Ctesias
1015 1611 1157 1671 idem
1192 1611 1389 1677 tradit,
1436 1619 1490 1662 et
1514 1608 1868 1680 Epimenides

255 1679 507 1747 CnosiuS,
537 1700 697 1751 quem
719 1682 1106 1751 Theopompus
1134 1681 1269 1733 dicit
1295 1690 1503 1751 septem
1529 1689 1583 1733 et
1604 1680 1867 1750 quinqua-

254 1751 409 1819 ginta
435 1759 489 1803 et
514 1761 731 1804 centum
757 1771 928 1804 annos
956 1753 1181 1804 uixisse.

361 1821 411 1885 ,6.
450 1820 769 1874 Hellanicus
814 1840 944 1875 uero
982 1823 1060 1875 ait
1094 1822 1359 1892 quosdam
1406 1840 1476 1874 ex
1509 1829 1668 1890 gente
1705 1819 1867 1890 Epio-

256 1910 390 1958 rum,
419 1911 559 1962 quae
585 1911 712 1962 pars
739 1892 991 1946 Aetoliae
1020 1902 1130 1960 est,
1161 1893 1399 1945 ducenos
1428 1891 1648 1962 explere
1675 1908 1865 1957 annos,

191 2076 233 2108 25
257 2069 296 2112 3.
336 2067 617 2127 Xenophilus
645 2067 967 2113 Chalcidiensis
994 2068 1325 2128 Pythagoricus
1354 2073 1535 2112 centum
1564 2067 1766 2127 quinque
1794 2078 1869 2109 an-

141 2117 230 2150 par'
257 2151 341 2182 nos
377 2137 550 2182 habuit.
626 2141 673 2205 4⁶.
718 2139 1059 2198 Arganthonius
1096 2137 1340 2182 Gaditanus
1372 2150 1439 2183 xc
1475 2137 1711 2196 regnauit,
1756 2135 1869 2180 uixit

255 2208 409 2258 annis,
449 2205 596 2252 ut‘ait
630 2207 802 2258 Pollio,
839 2221 990 2254 cxxx.
1067 2212 1109 2252 5.
1149 2207 1396 2267 Aethiopas
1435 2207 1572 2252 tradit
1610 2205 1868 2252 Herodotus

258 2290 392 2324 cxxx
434 2291 578 2323 annos
615 2279 888 2338 transgredi.
951 2278 1236 2338 Epimenides
1276 2277 1493 2328 Cnosius,
1532 2283 1583 2322 ut
1621 2277 1685 2322 ait
1723 2276 1871 2320 Theo-

255 2362 472 2408 pompus,
522 2349 633 2394 uixit
668 2349 796 2394 annis
834 2362 990 2395 cnvn.
1065 2351 1104 2392 6.
1147 2348 1404 2393 Hellanicus
1451 2348 1513 2392 ait
1563 2346 1782 2408 quosdam
1820 2359 1871 2390 ex

372 2516 397 2554 3
437 2514 709 2567 xenophilus
732 2515 798 2554 B:
830 2528 946 2554 xeno
970 2514 1273 2566 philosophus
1296 2514 1373 2561 Pb,
1398 2520 1442 2553 at
1463 2527 1504 2552 u.
1529 2513 1641 2552 Ptin.
1666 2511 1724 2551 N.
1746 2510 1807 2550 H.
1833 2512 1869 2555 7,

257 2572 325 2618 50,
349 2572 372 2620 ξ
397 2573 477 2611 168
497 2568 517 2623 Η
539 2570 880 2611 chalchidensis
903 2571 958 2620 B,
986 2570 1346 2611 chalchidiensis
1369 2570 1392 2610 b
1462 2570 1487 2609 8
1511 2566 1871 2628 arganthonicus

257 2619 312 2665 B'
375 2625 427 2665 10
448 2626 528 2667 XC
552 2628 601 2674 P,
626 2628 683 2678 cf.
707 2629 817 2668 Ptin.
842 2629 866 2668 Z.
892 2641 926 2668 c.
953 2628 977 2676 ἓ
1002 2629 1083 2667 156
1163 2628 1214 2667 15
1236 2626 1469 2666 uiuacitas
1491 2624 1615 2666 haud
1634 2634 1795 2677 parum
1815 2620 1858 2660 B

259 2683 311 2722 19
336 2686 383 2722 et
403 2683 532 2722 XXX
554 2680 630 2723 mii
649 2684 685 2729 b,
711 2683 877 2723 CXXX
899 2695 1044 2723 annos
1067 2684 1129 2729 P;
1160 2689 1206 2723 at
1226 2697 1263 2723 u.
1287 2683 1458 2724 Herod.
1484 2684 1524 2730 3,
1549 2682 1609 2721 23
1667 2680 1722 2719 20
1744 2675 1871 2718 hindi

258 2730 312 2777 B'
334 2735 352 2791 ΙΙ
393 2741 595 2779 eteseias
617 2740 659 2779 B
680 2736 699 2793 Η
737 2739 856 2779 idem
879 2741 945 2779 ed.
977 2739 1167 2779 Veneta:
1199 2738 1382 2791 quidem
1403 2738 1444 2778 B
1473 2735 1494 2792 [Ι
1532 2733 1804 2789 epimenidis
1827 2732 1869 2772 B

258 2795 317 2834 21'
333 2796 523 2846 gnosius
546 2796 568 2835 b
637 2798 690 2836 23
712 2796 993 2835 thellanicus
1014 2795 1056 2835 B
1076 2792 1098 2849 [J
1117 2796 1338 2847 Epiorum
1360 2795 1522 2835 Aldus.-
1555 2791 1790 2845 epiporum
1812 2789 1871 2854 β,

258 2849 482 2890 heliorum
506 2853 566 2898 P‚·
590 2854 734 2903 firmat
755 2853 976 2904 Epiorum
997 2853 1108 2893 Ptin.
1134 2852 1187 2891 N.
1210 2852 1269 2890 H.
1296 2855 1334 2896 7,
1358 2853 1425 2898 48,
1450 2851 1533 2890 154
1609 2850 1664 2888 24
1685 2845 1870 2888 aetohae

259 2908 281 2946 ἔ
302 2906 345 2946 Β
366 2920 480 2950 corr.
504 2921 563 2947 ex
585 2908 785 2949 aet-oliae
807 2906 826 2961 ΙΙ
847 2908 1047 2948 ducenos
1070 2908 1112 2947 B
1132 2921 1193 2947 m:
1226 2907 1449 2947 ducentos
1473 2906 1577 2946 dett.

372 2965 426 3004 25
447 2964 579 3003 Xeno
601 2964 900 3017 philosophus
930 2965 972 3004 V
