1924 3152
569 159 687 205 CAP.
713 158 782 210 ιιι,
811 157 840 217 S
868 161 1008 203 3—5.
1034 158 1132 204 Ext.
1160 158 1189 217 g
1217 161 1260 205 1.
1287 163 1329 204 2.
1654 154 1762 208 239

131 266 283 319 niam
319 268 413 338 qui
447 263 611 319 talem
647 265 928 320 Ciceronis
965 284 1154 319 casum
1198 266 1332 318 satis
1371 265 1538 337 digne
1575 266 1759 339 deplo-

132 356 254 390 rare
280 338 473 408 possit,
500 336 639 390 alius
666 336 858 390 Cicero
884 356 997 390 non
1023 343 1193 389 extat.

240 409 292 462 5.
334 409 459 475 Quo
487 416 541 461 te
566 427 710 460 nunc
736 407 929 474 modo,
965 407 1166 477 Magne
1194 407 1449 479 Pompei,
1487 410 1758 479 attingam

109 480 346 532 -nescioz
386 497 515 531 nam
560 486 614 531 et
658 477 1079 549 amplitudinem
1115 479 1368 530 fortunae
1406 487 1560 546 tuae,
1614 499 1756 551 quae

133 549 410 621 quondam
437 567 624 602 omnes
661 557 836 601 terras
874 557 930 601 et
964 549 1149 602 omnia
1185 550 1360 601 maria
1396 550 1614 620 fulgore
1653 570 1752 606 suo
1777 573 1800 606 5

134 628 530 691 occupauerat,
580 621 800 674 intueor
844 628 897 672 et
931 621 1149 672 ruinam
1186 621 1302 673 eius
1336 622 1599 674 maiorem
1635 641 1756 676 esse

132 709 299 762 quam
324 699 386 744 ut
411 709 578 744 manu
612 710 735 743 mea
761 691 1095 762 adtemptari
1123 691 1325 745 debeat
1350 693 1592 746 memini.
1657 693 1754 746 sed

131 771 316 815 tamen
349 762 512 816 nobis
550 779 765 833 quoque
792 762 1104 815 tacentibus
1134 761 1233 816 Cn.
1263 762 1556 824 Carbonis,
1586 783 1619 816 a
1647 762 1777 836 quo

132 832 429 886 admodum
457 832 779 886 adulescens
809 833 876 885 de
902 834 1146 904 paternis
1174 833 1332 886 bonis
1367 835 1426 886 in
1452 834 1570 887 foro
1599 836 1755 888 dimi·
1812 859 1822 870 =
1846 834 1862 842 ”

131 922 261 956 cans
288 911 565 974 protectus
596 907 670 971 eS‚
699 904 854 956 iussu
888 912 981 956 tuo
1018 904 1337 974 interempti
1372 924 1518 958 mors
1553 907 1752 959 animis
1778 929 1821 961 ιο

131 974 411 1027 hominum
436 992 543 1027 non
564 975 682 1027 sine
703 974 886 1045 aliqua
904 974 1324 1046 reprehensione
1345 976 1752 1044 obuersabitur‚

130 1046 258 1115 quia
284 1053 396 1098 tam
431 1047 649 1116 ingrato
688 1047 837 1099 facto
863 1046 988 1116 plus
1024 1046 1089 1098 L.
1118 1045 1301 1099 Sullae
1337 1047 1550 1101 uiribus
1589 1067 1753 1119 quam

129 1119 382 1187 propriae
406 1116 687 1169 indulsisti
711 1116 1094 1169 uerecundiae.
1648 1153 1664 1161 „

236 1191 360 1240 Esct.
405 1196 452 1242 1.
492 1188 577 1239 Ac
603 1206 672 1240 ne
706 1195 896 1241 nostra
923 1188 1189 1240 confessis
1218 1187 1558 1258 alienigenae
1585 1191 1750 1243 urbes

126 1258 412 1325 insultent,
439 1258 933 1328 Karthaginienses
961 1258 1359 1326 Hannibalem,
1389 1261 1481 1330 qui
1505 1279 1605 1331 pro
1633 1260 1750 1313 illo·
1775 1281 1818 1313 15

127 1327 250 1380 rum
281 1327 657 1382 incolumitate
695 1337 747 1381 et
780 1329 1016 1382 uictoria
1049 1336 1131 1381 tot
1167 1331 1526 1400 imperatores
1563 1339 1751 1402 totque

128 1401 400 1452 exercitus
438 1398 655 1453 nostros
695 1399 1098 1467 trucidauerat‚
1137 1408 1271 1471 quot
1303 1402 1585 1470 gregarios
1612 1402 1751 1454 mili-

127 1477 206 1523 tes
230 1470 471 1524 hostium
498 1471 543 1522 si
572 1470 867 1524 occidisset
890 1489 1123 1540 magnae
1150 1470 1357 1540 gloriae
1378 1471 1536 1540 foret,
1567 1492 1598 1526 a
1626 1493 1751 1527 con-

129 1550 319 1611 spectu
346 1560 443 1594 suo
471 1560 815 1596 summouere
842 1543 1083 1594 animum
1109 1542 1464 1596 induxerunt.

234 1611 284 1664 2.
323 1612 612 1664 Neminem
636 1613 894 1682 Lycurgo
934 1620 1028 1664 aut
1064 1614 1325 1666 maiorem
1352 1621 1449 1666 aut
1473 1614 1749 1668 utiliorem
1773 1637 1817 1669 ρο

125 1682 308 1734 uirum
331 1681 715 1734 Lacedaemon
733 1683 939 1751 genuit,
967 1691 1156 1753 utpote
1182 1684 1272 1736 cui
1293 1684 1494 1755 Apollo
1515 1685 1749 1756 Pythius

128 1751 407 1807 oraculum
433 1754 644 1834 petenti
668 1753 1016 1823 respondisse
1036 1753 1229 1820 fertur,
1256 1773 1468 1807 nescire
1489 1774 1545 1807 se
1564 1763 1751 1808 utrum

1 2889 18 2910 22

0 2967 14 2987 ἑ

5 2992 23 3008 k
72 3004 74 3006 .

3 3011 18 3023 υ

69 3144 103 3152 Δ.

124 1823 283 1876 illum
343 1823 620 1875 hommum
685 1841 754 1874 an
817 1824 1041 1875 deorum
1102 1842 1326 1876 numero
1388 1826 1746 1894 adgregaret.

125 1895 255 1947 huic
316 1902 500 1946 tamen
551 1913 727 1963 neque
779 1894 927 1945 uitae
979 1911 1192 1945 summa
1237 1895 1520 1946 sinceritas
1574 1914 1749 1966 neque

127 1965 598 2019 constantissimus
636 1982 766 2033 erga
801 1965 1037 2034 patriam
1074 1982 1229 2016 amor
1265 1982 1440 2034 neque
1477 1964 1625 2034 leges
1663 1985 1745 2017 sa*
1771 1986 1816 2018 25

124 2036 375 2089 lutariter
411 2036 757 2104 excogitatae
796 2034 1002 2087 auxilio
1032 2053 1150 2086 esse
1177 2042 1473 2105 potuerunt
1507 2054 1614 2106 quo
1647 2037 1744 2088 mi-

125 2126 228 2159 nus
261 2107 492 2159 infestos
532 2106 678 2159 ciues
727 2107 1086 2177 experiretur.
1160 2123 1323 2175 saepe
1362 2106 1503 2157 enim
1548 2105 1742 2176 lapidi-

122 2179 228 2231 bus
254 2178 486 2248 petitus,
525 2177 819 2248 aliquando
845 2176 966 2229 foro
996 2177 1225 2242 eiectUS‚
1264 2174 1420 2229 oculo
1448 2176 1613 2228 etiam
1639 2178 1745 2247 pri-

122 2300 164 2342 5.
204 2297 283 2343 Cn.
307 2297 551 2357 Pompeius
579 2297 848 2347 Carbonem,
886 2312 909 2341 a
946 2310 1037 2357 quo
1076 2296 1130 2341 (le
1166 2297 1368 2356 paternis
1395 2289 1530 2340 honis
1567 2296 1611 2340 in
1640 2294 1741 2341 foro
1765 2302 1862 2337 Par.

125 2367 341 2413 dimicans
366 2373 606 2428 protectus
633 2367 803 2418 suerat,
833 2370 961 2413 iussu
988 2365 1138 2412 Sullae
1166 2366 1345 2412 occidit.
1767 2375 1810 2407 30

231 2440 271 2481 1.
299 2437 698 2498 Carthaginienses
718 2437 1010 2484 Hannibalem
1039 2453 1062 2482 a
1089 2443 1339 2497 conspectu
1366 2450 1449 2481 suo
1472 2435 1746 2481 submouere

123 2510 167 2552 in
197 2508 394 2554 animum
422 2508 713 2554 induxerunt.
788 2514 828 2552 2.
865 2507 1102 2568 Lycurgus
1129 2507 1427 2568 legumlator,
1466 2506 1692 2566 lapidibus
1720 2523 1744 2552 a

123 2578 299 2624 ciuibus
335 2578 529 2639 petitus,
569 2578 732 2639 pulsus
760 2579 863 2624 foro
900 2580 960 2623 ita
989 2584 1039 2623 ut
1077 2577 1259 2624 oculum
1296 2579 1549 2627 amitteret,
1588 2578 1744 2622 nouis-

240 2690 290 2728 11
324 2688 649 2729 obseruabitur
676 2681 732 2728 B'
801 2689 852 2727 12
875 2687 1013 2728 sillae
1034 2687 1076 2727 B
1098 2688 1137 2728 Ιι.
1161 2689 1187 2727 Ζ.
1261 2688 1312 2727 18
1342 2700 1369 2726 a
1392 2687 1453 2726 P:
1484 2699 1562 2727 om.
1585 2686 1652 2732 B‚·
1683 2687 1741 2738 cf.

122 2747 163 2792 2,
188 2749 226 2792 7,
249 2747 290 2784 2.
324 2747 365 2793 4,
390 2747 432 2786 3.
467 2747 506 2793 4,
530 2747 570 2792 2,
594 2748 634 2787 5.
668 2748 704 2792 6,
729 2747 768 2791 2,
793 2747 845 2784 11
917 2746 967 2784 19
997 2743 1226 2784 duxerunt
1245 2736 1305 2782 B'
1369 2745 1421 2783 21
1453 2742 1744 2784 lacedemoni

121 2794 190 2850 B'‚
229 2801 582 2842 lacedaemonia
609 2801 698 2842 DF
719 2798 737 2849 ll
766 2800 941 2854 pithius
970 2801 1012 2840 B
1071 2802 1125 2841 23
1152 2799 1270 2840 illud
1290 2800 1332 2839 B
1392 2801 1447 2840 24
1475 2812 1678 2840 summae
1701 2800 1743 2839 B

122 2858 177 2899 28
198 2858 298 2899 foro
322 2861 500 2899 eiectus
523 2858 658 2900 oculo
681 2858 865 2910 Kempf:
895 2858 1049 2898 furore
1074 2857 1251 2898 eiectus
1273 2856 1459 2909 publico
1484 2855 1741 2909 (addz‘nmy.

122 2914 274 2966 oculo)
294 2914 349 2962 B,
377 2915 476 2956 foro
490 2916 667 2956 eiectus
678 2915 832 2955 furore
845 2913 1050 2968 publico,
1072 2914 1212 2954 etiam
1225 2913 1357 2955 oculo
1376 2913 1586 2967 priuatus
1615 2914 1739 2955 Tor-r.
1801 2963 1805 2966 η

237 2973 291 3012 30
321 2971 450 3012 iussu
473 2971 630 3012 Sullae
663 2985 762 3013 nos:
784 2971 938 3012 iussus
966 2971 1009 3011 V
