<?xml version="1.0" encoding="UTF-8"?>
<!DOCTYPE html PUBLIC "-//W3C//DTD XHTML 1.0 Transitional//EN"
    "http://www.w3.org/TR/xhtml1/DTD/xhtml1-transitional.dtd">
<html xmlns="http://www.w3.org/1999/xhtml" xml:lang="en" lang="en">
 <head>
  <title>
</title>
<meta http-equiv="Content-Type" content="text/html;charset=utf-8" />
  <meta name='ocr-system' content='tesseract 3.04.00' />
  <meta name='ocr-capabilities' content='ocr_page ocr_carea ocr_par ocr_line ocrx_word'/>
</head>
<body>
  <div class='ocr_page' id='page_1' title='image "./factorumetdictor00valeuoft_0022.png"; bbox 0 0 1878 3100; ppageno 0'>
   <div class='ocr_carea' id='block_1_1' title="bbox 180 100 1150 147">
    <p class='ocr_par' dir='ltr' id='par_1_1' title="bbox 180 100 1150 147">
     <span class='ocr_line' id='line_1_1' title="bbox 180 100 1150 147; baseline -0.001 0"><span class='ocrx_word' id='word_1_1' title='bbox 180 102 311 147; x_wconf 84' lang='lat' dir='ltr'>XVIII</span> <span class='ocrx_word' id='word_1_2' title='bbox 824 100 1150 147; x_wconf 87' lang='lat' dir='ltr'>PRAEFATIO.</span> 
     </span>
    </p>
   </div>
   <div class='ocr_carea' id='block_1_2' title="bbox 119 238 1796 2912">
    <p class='ocr_par' dir='ltr' id='par_1_2' title="bbox 119 238 1796 2912">
     <span class='ocr_line' id='line_1_2' title="bbox 183 238 1795 306; baseline 0.002 -19"><span class='ocrx_word' id='word_1_3' title='bbox 183 241 269 306; x_wconf 82' lang='lat' dir='ltr'>qui</span> <span class='ocrx_word' id='word_1_4' title='bbox 298 240 466 288; x_wconf 80' lang='lat' dir='ltr'>adhuc</span> <span class='ocrx_word' id='word_1_5' title='bbox 491 241 546 287; x_wconf 89' lang='lat' dir='ltr'>in</span> <span class='ocrx_word' id='word_1_6' title='bbox 574 238 806 289; x_wconf 90' lang='lat' dir='ltr'>omnibus</span> <span class='ocrx_word' id='word_1_7' title='bbox 834 239 1032 288; x_wconf 89' lang='lat' dir='ltr'>Valerii</span> <span class='ocrx_word' id='word_1_8' title='bbox 1061 239 1437 304; x_wconf 81' lang='lat' dir='ltr'>exemplaribus</span> <span class='ocrx_word' id='word_1_9' title='bbox 1472 241 1658 290; x_wconf 80' lang='lat' dir='ltr'><strong>misere</strong></span> <span class='ocrx_word' id='word_1_10' title='bbox 1685 258 1795 290; x_wconf 91' lang='lat' dir='ltr'>cor-</span> 
     </span>
     <span class='ocr_line' id='line_1_3' title="bbox 178 309 1796 376; baseline 0.001 -17"><span class='ocrx_word' id='word_1_11' title='bbox 178 318 360 376; x_wconf 88' lang='lat' dir='ltr'>ruptus</span> <span class='ocrx_word' id='word_1_12' title='bbox 397 317 522 359; x_wconf 89' lang='lat' dir='ltr'>erat.</span> <span class='ocrx_word' id='word_1_13' title='bbox 595 310 698 358; x_wconf 87' lang='lat' dir='ltr'>Hic</span> <span class='ocrx_word' id='word_1_14' title='bbox 737 309 901 358; x_wconf 80' lang='lat' dir='ltr'><strong>edidit</strong></span> <span class='ocrx_word' id='word_1_15' title='bbox 924 310 1194 375; x_wconf 85' lang='lat' dir='ltr'>Kempfius</span> <span class='ocrx_word' id='word_1_16' title='bbox 1232 311 1293 357; x_wconf 80' lang='lat' dir='ltr'>‘A</span> <span class='ocrx_word' id='word_1_17' title='bbox 1327 313 1488 372; x_wconf 83' lang='lat' dir='ltr'>quibus</span> <span class='ocrx_word' id='word_1_18' title='bbox 1514 313 1796 373; x_wconf 84' lang='lat' dir='ltr'>Calpurnius</span> 
     </span>
     <span class='ocr_line' id='line_1_4' title="bbox 179 382 1795 442; baseline 0.001 -14"><span class='ocrx_word' id='word_1_19' title='bbox 179 384 387 429; x_wconf 85' lang='lat' dir='ltr'>demoliri</span> <span class='ocrx_word' id='word_1_20' title='bbox 410 383 593 428; x_wconf 79' lang='lat' dir='ltr'>domum</span> <span class='ocrx_word' id='word_1_21' title='bbox 619 386 813 428; x_wconf 85' lang='lat' dir='ltr'>coactus</span> <span class='ocrx_word' id='word_1_22' title='bbox 837 382 904 427; x_wconf 89' lang='lat' dir='ltr'>M.</span> <span class='ocrx_word' id='word_1_23' title='bbox 933 382 1150 428; x_wconf 83' lang='lat' dir='ltr'>Porcium</span> <span class='ocrx_word' id='word_1_24' title='bbox 1175 382 1409 442; x_wconf 82' lang='lat' dir='ltr'>Catonem,</span> <span class='ocrx_word' id='word_1_25' title='bbox 1437 385 1585 429; x_wconf 85' lang='lat' dir='ltr'>incliti</span> <span class='ocrx_word' id='word_1_26' title='bbox 1607 384 1795 430; x_wconf 83' lang='lat' dir='ltr'>Catonis</span> 
     </span>
     <span class='ocr_line' id='line_1_5' title="bbox 169 451 1791 513; baseline 0.001 -15"><span class='ocrx_word' id='word_1_27' title='bbox 169 460 379 513; x_wconf 82' lang='lat' dir='ltr'>patrem,</span> <span class='ocrx_word' id='word_1_28' title='bbox 400 453 632 498; x_wconf 81' lang='lat' dir='ltr'>arbitrum</span> <span class='ocrx_word' id='word_1_29' title='bbox 651 465 753 498; x_wconf 86' lang='lat' dir='ltr'>eum</span> <span class='ocrx_word' id='word_1_30' title='bbox 777 451 965 498; x_wconf 83' lang='lat' dir='ltr'>Claudio</span> <span class='ocrx_word' id='word_1_31' title='bbox 986 453 1202 508; x_wconf 80' lang='lat' dir='ltr'>adduxit,</span> <span class='ocrx_word' id='word_1_32' title='bbox 1226 472 1251 501; x_wconf 61' lang='grc' dir='ltr'>ηε</span> <span class='ocrx_word' id='word_1_33' title='bbox 1274 468 1299 500; x_wconf 75' lang='grc'>*</span> <span class='ocrx_word' id='word_1_34' title='bbox 1322 468 1347 500; x_wconf 86' lang='lat'>*</span> <span class='ocrx_word' id='word_1_35' title='bbox 1365 454 1617 513; x_wconf 77' lang='lat' dir='ltr'>formulam</span> <span class='ocrx_word' id='word_1_36' title='bbox 1637 456 1791 511; x_wconf 84' lang='lat' dir='ltr'>daret,</span> 
     </span>
     <span class='ocr_line' id='line_1_6' title="bbox 177 522 1790 583; baseline 0.001 -14"><span class='ocrx_word' id='word_1_37' title='bbox 177 523 398 583; x_wconf 79' lang='lat' dir='ltr'>quidquid</span> <span class='ocrx_word' id='word_1_38' title='bbox 428 524 516 569; x_wconf 82' lang='lat' dir='ltr'>sibi</span> <span class='ocrx_word' id='word_1_39' title='bbox 537 524 654 569; x_wconf 81' lang='lat' dir='ltr'>dare</span> <span class='ocrx_word' id='word_1_40' title='bbox 685 523 851 582; x_wconf 84' lang='lat' dir='ltr'>faeere</span> <span class='ocrx_word' id='word_1_41' title='bbox 885 528 1126 581; x_wconf 78' lang='lat' dir='ltr'><em>oporteret</em></span> <span class='ocrx_word' id='word_1_42' title='bbox 1165 537 1227 569; x_wconf 77' lang='lat' dir='ltr'>eae</span> <span class='ocrx_word' id='word_1_43' title='bbox 1248 524 1342 581; x_wconf 80' lang='lat' dir='ltr'>fide</span> <span class='ocrx_word' id='word_1_44' title='bbox 1365 525 1482 569; x_wconf 84' lang='lat' dir='ltr'>bona</span> <span class='ocrx_word' id='word_1_45' title='bbox 1498 525 1529 582; x_wconf 81' lang='lat'>²,</span> <span class='ocrx_word' id='word_1_46' title='bbox 1566 522 1790 571; x_wconf 85' lang='lat' dir='ltr'>addidit-</span> 
     </span>
     <span class='ocr_line' id='line_1_7' title="bbox 180 591 1793 658; baseline 0.001 -18"><span class='ocrx_word' id='word_1_47' title='bbox 180 609 279 658; x_wconf 82' lang='lat' dir='ltr'>que</span> <span class='ocrx_word' id='word_1_48' title='bbox 305 593 359 640; x_wconf 90' lang='lat' dir='ltr'>in</span> <span class='ocrx_word' id='word_1_49' title='bbox 389 592 728 641; x_wconf 84' lang='lat' dir='ltr'>adnotatione</span> <span class='ocrx_word' id='word_1_50' title='bbox 757 591 1004 652; x_wconf 86' lang='lat' dir='ltr'>subiecta,</span> <span class='ocrx_word' id='word_1_51' title='bbox 1034 592 1327 656; x_wconf 87' lang='lat' dir='ltr'>primariam</span> <span class='ocrx_word' id='word_1_52' title='bbox 1357 610 1507 658; x_wconf 88' lang='lat' dir='ltr'>quam</span> <span class='ocrx_word' id='word_1_53' title='bbox 1534 593 1793 657; x_wconf 79' lang='lat' dir='ltr'>posuisset</span> 
     </span>
     <span class='ocr_line' id='line_1_8' title="bbox 176 662 1792 728; baseline 0 -17"><span class='ocrx_word' id='word_1_54' title='bbox 176 663 293 711; x_wconf 85' lang='lat' dir='ltr'>libri</span> <span class='ocrx_word' id='word_1_55' title='bbox 319 663 589 711; x_wconf 90' lang='lat' dir='ltr'>Danielini</span> <span class='ocrx_word' id='word_1_56' title='bbox 624 664 927 727; x_wconf 83' lang='lat' dir='ltr'>scripturam</span> <span class='ocrx_word' id='word_1_57' title='bbox 952 662 1093 711; x_wconf 84' lang='lat' dir='ltr'>haud</span> <span class='ocrx_word' id='word_1_58' title='bbox 1120 662 1275 711; x_wconf 90' lang='lat' dir='ltr'>dubie</span> <span class='ocrx_word' id='word_1_59' title='bbox 1304 663 1572 728; x_wconf 81' lang='lat' dir='ltr'>archetypi</span> <span class='ocrx_word' id='word_1_60' title='bbox 1600 663 1792 711; x_wconf 85' lang='lat' dir='ltr'>codicis</span> 
     </span>
     <span class='ocr_line' id='line_1_9' title="bbox 176 732 1792 797; baseline 0 -15"><span class='ocrx_word' id='word_1_61' title='bbox 176 734 526 782; x_wconf 87' lang='lat' dir='ltr'>testimonium</span> <span class='ocrx_word' id='word_1_62' title='bbox 563 733 846 781; x_wconf 85' lang='lat' dir='ltr'>continere.</span> <span class='ocrx_word' id='word_1_63' title='bbox 932 733 1002 781; x_wconf 89' lang='lat' dir='ltr'>At</span> <span class='ocrx_word' id='word_1_64' title='bbox 1047 750 1153 781; x_wconf 91' lang='lat' dir='ltr'>non</span> <span class='ocrx_word' id='word_1_65' title='bbox 1195 732 1328 783; x_wconf 88' lang='lat' dir='ltr'>uidit</span> <span class='ocrx_word' id='word_1_66' title='bbox 1370 733 1566 797; x_wconf 86' lang='lat' dir='ltr'>primae</span> <span class='ocrx_word' id='word_1_67' title='bbox 1610 750 1792 782; x_wconf 85' lang='lat' dir='ltr'>manus</span> 
     </span>
     <span class='ocr_line' id='line_1_10' title="bbox 178 804 1790 869; baseline -0.002 -17"><span class='ocrx_word' id='word_1_68' title='bbox 178 809 481 869; x_wconf 80' lang='lat' dir='ltr'>scripturam</span> <span class='ocrx_word' id='word_1_69' title='bbox 499 804 634 851; x_wconf 87' lang='lat' dir='ltr'>hanc</span> <span class='ocrx_word' id='word_1_70' title='bbox 655 804 825 868; x_wconf 88' lang='lat' dir='ltr'>potius</span> <span class='ocrx_word' id='word_1_71' title='bbox 849 819 986 851; x_wconf 85' lang='lat' dir='ltr'>esse:</span> <span class='ocrx_word' id='word_1_72' title='bbox 1013 806 1244 850; x_wconf 82' lang='lat' dir='ltr'>arbitrum</span> <span class='ocrx_word' id='word_1_73' title='bbox 1266 819 1368 851; x_wconf 85' lang='lat' dir='ltr'>cum</span> <span class='ocrx_word' id='word_1_74' title='bbox 1389 805 1568 851; x_wconf 86' lang='lat' dir='ltr'>claudio</span> <span class='ocrx_word' id='word_1_75' title='bbox 1589 806 1790 852; x_wconf 79' lang='lat' dir='ltr'>adduxit</span> 
     </span>
     <span class='ocr_line' id='line_1_11' title="bbox 174 870 1787 939; baseline -0.001 -17"><span class='ocrx_word' id='word_1_76' title='bbox 174 877 388 935; x_wconf 82' lang='lat' dir='ltr'>formula</span> <span class='ocrx_word' id='word_1_77' title='bbox 403 891 446 920; x_wconf 88' lang='lat' dir='ltr'>m</span> <span class='ocrx_word' id='word_1_78' title='bbox 471 870 477 939; x_wconf 79' lang='grc' dir='ltr'>Ι</span> <span class='ocrx_word' id='word_1_79' title='bbox 509 877 731 935; x_wconf 79' lang='lat' dir='ltr'>quidquid</span> <span class='ocrx_word' id='word_1_80' title='bbox 757 875 843 920; x_wconf 84' lang='lat' dir='ltr'>sibi</span> <span class='ocrx_word' id='word_1_81' title='bbox 869 876 984 920; x_wconf 80' lang='lat' dir='ltr'>dure</span> <span class='ocrx_word' id='word_1_82' title='bbox 1007 875 1173 934; x_wconf 84' lang='lat' dir='ltr'>faeere</span> <span class='ocrx_word' id='word_1_83' title='bbox 1193 879 1432 935; x_wconf 80' lang='lat' dir='ltr'>oporteret</span> <span class='ocrx_word' id='word_1_84' title='bbox 1451 888 1514 921; x_wconf 79' lang='lat' dir='ltr'>ex</span> <span class='ocrx_word' id='word_1_85' title='bbox 1527 877 1623 934; x_wconf 78' lang='lat' dir='ltr'>fide</span> <span class='ocrx_word' id='word_1_86' title='bbox 1641 875 1758 921; x_wconf 81' lang='lat' dir='ltr'>bona</span> <span class='ocrx_word' id='word_1_87' title='bbox 1773 892 1787 920; x_wconf 88' lang='grc'>.-</span> 
     </span>
     <span class='ocr_line' id='line_1_12' title="bbox 179 943 1788 1008; baseline -0.002 -15"><span class='ocrx_word' id='word_1_88' title='bbox 179 962 239 994; x_wconf 88' lang='lat' dir='ltr'>ea</span> <span class='ocrx_word' id='word_1_89' title='bbox 264 944 494 993; x_wconf 85' lang='lat' dir='ltr'>secunda</span> <span class='ocrx_word' id='word_1_90' title='bbox 519 961 687 1004; x_wconf 90' lang='lat' dir='ltr'>manu,</span> <span class='ocrx_word' id='word_1_91' title='bbox 719 943 986 1007; x_wconf 86' lang='lat' dir='ltr'>adsumpto</span> <span class='ocrx_word' id='word_1_92' title='bbox 1015 961 1080 992; x_wconf 89' lang='lat' dir='ltr'>ex</span> <span class='ocrx_word' id='word_1_93' title='bbox 1105 945 1226 1008; x_wconf 85' lang='lat' dir='ltr'>ipsa&#39;</span> <span class='ocrx_word' id='word_1_94' title='bbox 1245 944 1462 992; x_wconf 86' lang='lat' dir='ltr'>formula</span> <span class='ocrx_word' id='word_1_95' title='bbox 1480 944 1638 993; x_wconf 89' lang='lat' dir='ltr'>uerbo</span> <span class='ocrx_word' id='word_1_96' title='bbox 1658 947 1788 1002; x_wconf 85' lang='lat' dir='ltr'>dare,</span> 
     </span>
     <span class='ocr_line' id='line_1_13' title="bbox 174 1009 1795 1080; baseline -0.001 -17"><span class='ocrx_word' id='word_1_97' title='bbox 174 1017 247 1063; x_wconf 88' lang='lat' dir='ltr'>ita</span> <span class='ocrx_word' id='word_1_98' title='bbox 275 1022 501 1063; x_wconf 87' lang='lat' dir='ltr'>correcta</span> <span class='ocrx_word' id='word_1_99' title='bbox 537 1023 636 1064; x_wconf 86' lang='lat' dir='ltr'>est:</span> <span class='ocrx_word' id='word_1_100' title='bbox 685 1017 891 1061; x_wconf 76' lang='lat' dir='ltr'>adduxit</span> <span class='ocrx_word' id='word_1_101' title='bbox 925 1021 988 1061; x_wconf 88' lang='lat' dir='ltr'>ut</span> <span class='ocrx_word' id='word_1_102' title='bbox 1021 1016 1055 1076; x_wconf 87' lang='lat' dir='ltr'><em>f</em></span> <span class='ocrx_word' id='word_1_103' title='bbox 1061 1018 1293 1062; x_wconf 72' lang='lat' dir='ltr'>ormulc‘z</span> <span class='ocrx_word' id='word_1_104' title='bbox 1331 1019 1506 1062; x_wconf 81' lang='lat' dir='ltr'>daret</span> <span class='ocrx_word' id='word_1_105' title='bbox 1538 1009 1546 1080; x_wconf 80' lang='grc'>1</span> <span class='ocrx_word' id='word_1_106' title='bbox 1579 1017 1795 1076; x_wconf 76' lang='lat' dir='ltr'>quiequid</span> 
     </span>
     <span class='ocr_line' id='line_1_14' title="bbox 173 1083 1790 1147; baseline -0.001 -14"><span class='ocrx_word' id='word_1_107' title='bbox 173 1088 261 1133; x_wconf 84' lang='lat' dir='ltr'>sibi</span> <span class='ocrx_word' id='word_1_108' title='bbox 291 1087 324 1147; x_wconf 83' lang='lat' dir='ltr'><em>f</em></span> <span class='ocrx_word' id='word_1_109' title='bbox 330 1100 508 1132; x_wconf 82' lang='lat' dir='ltr'>acere</span> <span class='ocrx_word' id='word_1_110' title='bbox 533 1091 773 1145; x_wconf 82' lang='lat' dir='ltr'>oporteret</span> <span class='ocrx_word' id='word_1_111' title='bbox 799 1100 862 1132; x_wconf 79' lang='lat' dir='ltr'>ex</span> <span class='ocrx_word' id='word_1_112' title='bbox 886 1087 924 1145; x_wconf 82' lang='lat' dir='ltr'>f.</span> <span class='ocrx_word' id='word_1_113' title='bbox 955 1087 995 1133; x_wconf 89' lang='lat' dir='ltr'>b.</span> <span class='ocrx_word' id='word_1_114' title='bbox 1070 1085 1138 1133; x_wconf 89' lang='lat' dir='ltr'>Ni</span> <span class='ocrx_word' id='word_1_115' title='bbox 1178 1085 1424 1144; x_wconf 87' lang='lat' dir='ltr'>fallimur,</span> <span class='ocrx_word' id='word_1_116' title='bbox 1473 1101 1537 1133; x_wconf 88' lang='lat' dir='ltr'>ex</span> <span class='ocrx_word' id='word_1_117' title='bbox 1560 1083 1790 1133; x_wconf 90' lang='lat' dir='ltr'>lectione</span> 
     </span>
     <span class='ocr_line' id='line_1_15' title="bbox 173 1155 1790 1220; baseline -0.001 -17"><span class='ocrx_word' id='word_1_118' title='bbox 173 1155 291 1204; x_wconf 84' lang='lat' dir='ltr'>libri</span> <span class='ocrx_word' id='word_1_119' title='bbox 321 1156 497 1220; x_wconf 88' lang='lat' dir='ltr'>optimi</span> <span class='ocrx_word' id='word_1_120' title='bbox 524 1173 629 1203; x_wconf 92' lang='lat' dir='ltr'>non</span> <span class='ocrx_word' id='word_1_121' title='bbox 657 1155 972 1220; x_wconf 87' lang='lat' dir='ltr'>interpolata</span> <span class='ocrx_word' id='word_1_122' title='bbox 1004 1155 1134 1203; x_wconf 90' lang='lat' dir='ltr'>haec</span> <span class='ocrx_word' id='word_1_123' title='bbox 1171 1163 1310 1203; x_wconf 85' lang='lat' dir='ltr'>certa</span> <span class='ocrx_word' id='word_1_124' title='bbox 1337 1171 1396 1203; x_wconf 88' lang='lat' dir='ltr'>ac</span> <span class='ocrx_word' id='word_1_125' title='bbox 1422 1155 1586 1202; x_wconf 85' lang='lat' dir='ltr'>facilis</span> <span class='ocrx_word' id='word_1_126' title='bbox 1617 1171 1790 1203; x_wconf 86' lang='lat' dir='ltr'>emen·</span> 
     </span>
     <span class='ocr_line' id='line_1_16' title="bbox 176 1225 1788 1291; baseline -0.001 -16"><span class='ocrx_word' id='word_1_127' title='bbox 176 1226 314 1275; x_wconf 83' lang='lat' dir='ltr'>datio</span> <span class='ocrx_word' id='word_1_128' title='bbox 342 1227 469 1286; x_wconf 85' lang='lat' dir='ltr'>loci,</span> <span class='ocrx_word' id='word_1_129' title='bbox 512 1227 598 1291; x_wconf 89' lang='lat' dir='ltr'>qui</span> <span class='ocrx_word' id='word_1_130' title='bbox 624 1243 716 1290; x_wconf 89' lang='lat' dir='ltr'>pro</span> <span class='ocrx_word' id='word_1_131' title='bbox 746 1226 1062 1274; x_wconf 81' lang='lat' dir='ltr'>conclamato</span> <span class='ocrx_word' id='word_1_132' title='bbox 1090 1225 1399 1286; x_wconf 84' lang='lat' dir='ltr'>habebatur,</span> <span class='ocrx_word' id='word_1_133' title='bbox 1440 1225 1671 1289; x_wconf 88' lang='lat' dir='ltr'>petenda</span> <span class='ocrx_word' id='word_1_134' title='bbox 1693 1232 1788 1285; x_wconf 80' lang='lat' dir='ltr'>est,</span> 
     </span>
     <span class='ocr_line' id='line_1_17' title="bbox 174 1297 1785 1357; baseline -0.002 -13"><span class='ocrx_word' id='word_1_135' title='bbox 174 1298 405 1344; x_wconf 80' lang='lat' dir='ltr'>arbitrum</span> <span class='ocrx_word' id='word_1_136' title='bbox 443 1312 545 1344; x_wconf 85' lang='lat' dir='ltr'>eum</span> <span class='ocrx_word' id='word_1_137' title='bbox 574 1298 760 1343; x_wconf 81' lang='lat' dir='ltr'>Claudio</span> <span class='ocrx_word' id='word_1_138' title='bbox 798 1298 1000 1343; x_wconf 72' lang='lat' dir='ltr'>adduxit</span> <span class='ocrx_word' id='word_1_139' title='bbox 1035 1301 1090 1343; x_wconf 90' lang='lat' dir='ltr'>in</span> <span class='ocrx_word' id='word_1_140' title='bbox 1123 1298 1402 1357; x_wconf 83' lang='lat' dir='ltr'>formulam,</span> <span class='ocrx_word' id='word_1_141' title='bbox 1440 1297 1663 1356; x_wconf 78' lang='lat' dir='ltr'>quidquid</span> <span class='ocrx_word' id='word_1_142' title='bbox 1698 1301 1785 1342; x_wconf 86' lang='lat' dir='ltr'>ete.</span> 
     </span>
     <span class='ocr_line' id='line_1_18' title="bbox 177 1366 1790 1430; baseline -0.001 -15"><span class='ocrx_word' id='word_1_143' title='bbox 177 1366 256 1416; x_wconf 84' lang='lat' dir='ltr'>Of.</span> <span class='ocrx_word' id='word_1_144' title='bbox 289 1366 353 1414; x_wconf 87' lang='lat' dir='ltr'>de</span> <span class='ocrx_word' id='word_1_145' title='bbox 379 1366 536 1415; x_wconf 91' lang='lat' dir='ltr'>uerbo</span> <span class='ocrx_word' id='word_1_146' title='bbox 565 1369 828 1413; x_wconf 79' lang='lat' dir='ltr'>adducendi</span> <span class='ocrx_word' id='word_1_147' title='bbox 850 1368 896 1426; x_wconf 81' lang='lat'>8,</span> <span class='ocrx_word' id='word_1_148' title='bbox 927 1367 972 1426; x_wconf 79' lang='lat'>2,</span> <span class='ocrx_word' id='word_1_149' title='bbox 1005 1368 1033 1413; x_wconf 80' lang='lat'><strong>2</strong></span> <span class='ocrx_word' id='word_1_150' title='bbox 1064 1373 1113 1414; x_wconf 91' lang='lat' dir='ltr'>et</span> <span class='ocrx_word' id='word_1_151' title='bbox 1141 1382 1235 1414; x_wconf 90' lang='lat' dir='ltr'>em.</span> <span class='ocrx_word' id='word_1_152' title='bbox 1265 1367 1380 1414; x_wconf 90' lang='lat' dir='ltr'>Val.</span> <span class='ocrx_word' id='word_1_153' title='bbox 1407 1383 1460 1430; x_wconf 90' lang='lat' dir='ltr'>p.</span> <span class='ocrx_word' id='word_1_154' title='bbox 1489 1367 1554 1414; x_wconf 81' lang='lat'>29</span> <span class='ocrx_word' id='word_1_155' title='bbox 1582 1373 1690 1414; x_wconf 91' lang='lat' dir='ltr'>not.</span> <span class='ocrx_word' id='word_1_156' title='bbox 1717 1392 1790 1402; x_wconf 74' lang='lat'>—-</span> 
     </span>
     <span class='ocr_line' id='line_1_19' title="bbox 175 1434 1784 1501; baseline -0.001 -15"><span class='ocrx_word' id='word_1_157' title='bbox 175 1439 221 1498; x_wconf 81' lang='lat'>8,</span> <span class='ocrx_word' id='word_1_158' title='bbox 255 1439 300 1496; x_wconf 86' lang='lat'>7,</span> <span class='ocrx_word' id='word_1_159' title='bbox 328 1438 447 1484; x_wconf 89' lang='lat' dir='ltr'>Ext.</span> <span class='ocrx_word' id='word_1_160' title='bbox 476 1439 522 1498; x_wconf 86' lang='lat'>3,</span> <span class='ocrx_word' id='word_1_161' title='bbox 551 1436 637 1485; x_wconf 91' lang='lat' dir='ltr'>ubi</span> <span class='ocrx_word' id='word_1_162' title='bbox 664 1437 817 1500; x_wconf 83' lang='lat' dir='ltr'>uulgo</span> <span class='ocrx_word' id='word_1_163' title='bbox 845 1437 1023 1501; x_wconf 90' lang='lat' dir='ltr'>inepte</span> <span class='ocrx_word' id='word_1_164' title='bbox 1051 1438 1237 1500; x_wconf 84' lang='lat' dir='ltr'>legitur</span> <span class='ocrx_word' id='word_1_165' title='bbox 1277 1439 1558 1498; x_wconf 62' lang='lat' dir='ltr'>‘Aegyptum</span> <span class='ocrx_word' id='word_1_166' title='bbox 1588 1434 1784 1500; x_wconf 88' lang='lat' dir='ltr'>(Plato)</span> 
     </span>
     <span class='ocr_line' id='line_1_20' title="bbox 164 1509 1787 1569; baseline -0.002 -14"><span class='ocrx_word' id='word_1_167' title='bbox 164 1512 472 1569; x_wconf 71' lang='lat' dir='ltr'>perayrauit,</span> <span class='ocrx_word' id='word_1_168' title='bbox 500 1510 608 1555; x_wconf 80' lang='lat' dir='ltr'>dum</span> <span class='ocrx_word' id='word_1_169' title='bbox 635 1525 663 1554; x_wconf 85' lang='grc' dir='ltr'><em>α</em></span> <span class='ocrx_word' id='word_1_170' title='bbox 687 1510 1008 1554; x_wconf 81' lang='lat' dir='ltr'>sacerdotibus</span> <span class='ocrx_word' id='word_1_171' title='bbox 1033 1512 1131 1554; x_wconf 85' lang='lat' dir='ltr'>eius</span> <span class='ocrx_word' id='word_1_172' title='bbox 1153 1511 1304 1568; x_wconf 68' lang='lat' dir='ltr'>yentis</span> <span class='ocrx_word' id='word_1_173' title='bbox 1326 1510 1608 1568; x_wconf 72' lang='lat' dir='ltr'>yeometriae</span> <span class='ocrx_word' id='word_1_174' title='bbox 1632 1509 1787 1553; x_wconf 83' lang='lat' dir='ltr'>multi-</span> 
     </span>
     <span class='ocr_line' id='line_1_21' title="bbox 161 1578 1788 1642; baseline -0.002 -17"><span class='ocrx_word' id='word_1_175' title='bbox 161 1581 312 1639; x_wconf 83' lang='lat' dir='ltr'>plices</span> <span class='ocrx_word' id='word_1_176' title='bbox 336 1593 555 1626; x_wconf 87' lang='lat' dir='ltr'>numeros</span> <span class='ocrx_word' id='word_1_177' title='bbox 582 1615 621 1627; x_wconf 90' lang='lat'>..</span> <span class='ocrx_word' id='word_1_178' title='bbox 652 1581 904 1638; x_wconf 87' lang='lat' dir='ltr'>pereipit&#39;,</span> <span class='ocrx_word' id='word_1_179' title='bbox 943 1594 1052 1626; x_wconf 90' lang='lat' dir='ltr'>cum</span> <span class='ocrx_word' id='word_1_180' title='bbox 1077 1579 1120 1626; x_wconf 91' lang='lat' dir='ltr'><strong>B</strong></span> <span class='ocrx_word' id='word_1_181' title='bbox 1148 1595 1224 1642; x_wconf 87' lang='lat' dir='ltr'>pr.</span> <span class='ocrx_word' id='word_1_182' title='bbox 1253 1595 1317 1626; x_wconf 88' lang='lat' dir='ltr'>m.</span> <span class='ocrx_word' id='word_1_183' title='bbox 1353 1578 1543 1627; x_wconf 90' lang='lat' dir='ltr'>habeat</span> <span class='ocrx_word' id='word_1_184' title='bbox 1568 1580 1788 1637; x_wconf 75' lang='lat' dir='ltr'>percepit</span> 
     </span>
     <span class='ocr_line' id='line_1_22' title="bbox 175 1648 1784 1713; baseline 0 -17"><span class='ocrx_word' id='word_1_185' title='bbox 175 1656 225 1697; x_wconf 90' lang='lat' dir='ltr'>et</span> <span class='ocrx_word' id='word_1_186' title='bbox 251 1650 304 1696; x_wconf 90' lang='lat' dir='ltr'>in</span> <span class='ocrx_word' id='word_1_187' title='bbox 334 1648 516 1697; x_wconf 85' lang='lat' dir='ltr'>eodem</span> <span class='ocrx_word' id='word_1_188' title='bbox 542 1652 648 1695; x_wconf 85' lang='lat' dir='ltr'>dum</span> <span class='ocrx_word' id='word_1_189' title='bbox 674 1650 727 1697; x_wconf 91' lang='lat' dir='ltr'>in</span> <span class='ocrx_word' id='word_1_190' title='bbox 755 1649 906 1696; x_wconf 88' lang='lat' dir='ltr'>litura</span> <span class='ocrx_word' id='word_1_191' title='bbox 933 1650 1176 1713; x_wconf 88' lang='lat' dir='ltr'>scriptum</span> <span class='ocrx_word' id='word_1_192' title='bbox 1201 1649 1281 1707; x_wconf 88' lang='lat' dir='ltr'>sit,</span> <span class='ocrx_word' id='word_1_193' title='bbox 1311 1649 1434 1696; x_wconf 87' lang='lat' dir='ltr'>satis</span> <span class='ocrx_word' id='word_1_194' title='bbox 1463 1654 1682 1712; x_wconf 86' lang='lat' dir='ltr'>apparet</span> <span class='ocrx_word' id='word_1_195' title='bbox 1706 1663 1784 1696; x_wconf 90' lang='lat' dir='ltr'>re-</span> 
     </span>
     <span class='ocr_line' id='line_1_23' title="bbox 174 1718 1786 1784; baseline -0.002 -17"><span class='ocrx_word' id='word_1_196' title='bbox 174 1726 325 1784; x_wconf 86' lang='lat' dir='ltr'>cepta</span> <span class='ocrx_word' id='word_1_197' title='bbox 352 1718 539 1767; x_wconf 84' lang='lat' dir='ltr'>codicis</span> <span class='ocrx_word' id='word_1_198' title='bbox 566 1720 614 1767; x_wconf 93' lang='lat' dir='ltr'>D</span> <span class='ocrx_word' id='word_1_199' title='bbox 642 1720 867 1767; x_wconf 91' lang='lat' dir='ltr'>lectione</span> <span class='ocrx_word' id='word_1_200' title='bbox 893 1721 972 1766; x_wconf 85' lang='lat' dir='ltr'>ubi</span> <span class='ocrx_word' id='word_1_201' title='bbox 997 1718 1324 1767; x_wconf 88' lang='lat' dir='ltr'>scribendum</span> <span class='ocrx_word' id='word_1_202' title='bbox 1351 1734 1490 1766; x_wconf 87' lang='lat' dir='ltr'>esse:</span> <span class='ocrx_word' id='word_1_203' title='bbox 1525 1721 1786 1779; x_wconf 71' lang='lat' dir='ltr'>Aeyyptum</span> 
     </span>
     <span class='ocr_line' id='line_1_24' title="bbox 168 1786 1784 1853; baseline 0 -17"><span class='ocrx_word' id='word_1_204' title='bbox 168 1794 464 1851; x_wconf 58' lang='lat' dir='ltr'>peragrauit,</span> <span class='ocrx_word' id='word_1_205' title='bbox 493 1792 569 1836; x_wconf 85' lang='lat' dir='ltr'>ubi</span> <span class='ocrx_word' id='word_1_206' title='bbox 595 1827 605 1836; x_wconf 90' lang='lat'>.</span> <span class='ocrx_word' id='word_1_207' title='bbox 631 1828 640 1838; x_wconf 95' lang='lat'><strong><em>.</em></strong></span> <span class='ocrx_word' id='word_1_208' title='bbox 660 1793 902 1850; x_wconf 77' lang='lat' dir='ltr'>percepit,</span> <span class='ocrx_word' id='word_1_209' title='bbox 934 1796 989 1838; x_wconf 90' lang='lat' dir='ltr'>ut</span> <span class='ocrx_word' id='word_1_210' title='bbox 1014 1786 1118 1837; x_wconf 88' lang='lat' dir='ltr'>iam</span> <span class='ocrx_word' id='word_1_211' title='bbox 1143 1790 1197 1836; x_wconf 93' lang='lat' dir='ltr'>in</span> <span class='ocrx_word' id='word_1_212' title='bbox 1227 1805 1322 1837; x_wconf 86' lang='lat' dir='ltr'>em.</span> <span class='ocrx_word' id='word_1_213' title='bbox 1350 1789 1464 1838; x_wconf 89' lang='lat' dir='ltr'>Val.</span> <span class='ocrx_word' id='word_1_214' title='bbox 1493 1805 1545 1852; x_wconf 90' lang='lat' dir='ltr'>p.</span> <span class='ocrx_word' id='word_1_215' title='bbox 1575 1790 1639 1836; x_wconf 85' lang='lat'>29</span> <span class='ocrx_word' id='word_1_216' title='bbox 1667 1805 1784 1853; x_wconf 87' lang='lat' dir='ltr'>pro-</span> 
     </span>
     <span class='ocr_line' id='line_1_25' title="bbox 170 1859 1788 1925; baseline -0.002 -17"><span class='ocrx_word' id='word_1_217' title='bbox 170 1861 336 1925; x_wconf 81' lang='lat' dir='ltr'>posui.</span> <span class='ocrx_word' id='word_1_218' title='bbox 353 1887 422 1899; x_wconf 64' lang='grc'>»-</span> <span class='ocrx_word' id='word_1_219' title='bbox 445 1863 490 1919; x_wconf 83' lang='grc'>8,</span> <span class='ocrx_word' id='word_1_220' title='bbox 517 1862 545 1908; x_wconf 83' lang='grc'>8</span> <span class='ocrx_word' id='word_1_221' title='bbox 569 1860 736 1908; x_wconf 87' lang='lat' dir='ltr'>adhuc</span> <span class='ocrx_word' id='word_1_222' title='bbox 755 1861 828 1908; x_wconf 87' lang='lat' dir='ltr'>sic</span> <span class='ocrx_word' id='word_1_223' title='bbox 847 1859 1177 1922; x_wconf 80' lang='lat' dir='ltr'>uulgabatur:</span> <span class='ocrx_word' id='word_1_224' title='bbox 1202 1862 1368 1917; x_wconf 88' lang='lat' dir='ltr'>Otium,</span> <span class='ocrx_word' id='word_1_225' title='bbox 1390 1861 1512 1919; x_wconf 79' lang='lat' dir='ltr'>quod</span> <span class='ocrx_word' id='word_1_226' title='bbox 1526 1861 1788 1906; x_wconf 79' lang='lat' dir='ltr'>industriae</span> 
     </span>
     <span class='ocr_line' id='line_1_26' title="bbox 170 1931 1790 1990; baseline -0.001 -13"><span class='ocrx_word' id='word_1_227' title='bbox 170 1937 216 1977; x_wconf 89' lang='lat' dir='ltr'>et</span> <span class='ocrx_word' id='word_1_228' title='bbox 252 1934 404 1978; x_wconf 83' lang='lat' dir='ltr'>studio</span> <span class='ocrx_word' id='word_1_229' title='bbox 441 1934 642 1977; x_wconf 77' lang='lat' dir='ltr'>maxime</span> <span class='ocrx_word' id='word_1_230' title='bbox 688 1934 979 1977; x_wconf 82' lang='lat' dir='ltr'>eontrarium</span> <span class='ocrx_word' id='word_1_231' title='bbox 1027 1933 1238 1990; x_wconf 85' lang='lat' dir='ltr'>uidetur,</span> <span class='ocrx_word' id='word_1_232' title='bbox 1279 1932 1544 1990; x_wconf 83' lang='lat' dir='ltr'>praecipue</span> <span class='ocrx_word' id='word_1_233' title='bbox 1579 1931 1790 1976; x_wconf 79' lang='lat' dir='ltr'>subnecti</span> 
     </span>
     <span class='ocr_line' id='line_1_27' title="bbox 170 2002 1784 2061; baseline -0.001 -14"><span class='ocrx_word' id='word_1_234' title='bbox 170 2003 325 2059; x_wconf 83' lang='lat' dir='ltr'>debet,</span> <span class='ocrx_word' id='word_1_235' title='bbox 352 2016 444 2057; x_wconf 86' lang='lat' dir='ltr'>non</span> <span class='ocrx_word' id='word_1_236' title='bbox 469 2016 557 2061; x_wconf 78' lang='lat' dir='ltr'>quo</span> <span class='ocrx_word' id='word_1_237' title='bbox 583 2005 821 2047; x_wconf 82' lang='lat' dir='ltr'>euanescit</span> <span class='ocrx_word' id='word_1_238' title='bbox 846 2004 1019 2056; x_wconf 86' lang='lat' dir='ltr'>uirtus,</span> <span class='ocrx_word' id='word_1_239' title='bbox 1045 2003 1130 2046; x_wconf 85' lang='lat' dir='ltr'>sed</span> <span class='ocrx_word' id='word_1_240' title='bbox 1152 2015 1241 2060; x_wconf 81' lang='lat' dir='ltr'>quo</span> <span class='ocrx_word' id='word_1_241' title='bbox 1267 2005 1533 2046; x_wconf 81' lang='lat' dir='ltr'>recreatur.</span> <span class='ocrx_word' id='word_1_242' title='bbox 1583 2002 1784 2046; x_wconf 85' lang='lat' dir='ltr'>alterum</span> 
     </span>
     <span class='ocr_line' id='line_1_28' title="bbox 170 2073 1782 2130; baseline -0.002 -12"><span class='ocrx_word' id='word_1_243' title='bbox 170 2075 288 2118; x_wconf 88' lang='lat' dir='ltr'>enim</span> <span class='ocrx_word' id='word_1_244' title='bbox 316 2075 452 2117; x_wconf 81' lang='lat' dir='ltr'>etiam</span> <span class='ocrx_word' id='word_1_245' title='bbox 470 2073 696 2118; x_wconf 80' lang='lat' dir='ltr'>inertibus</span> <span class='ocrx_word' id='word_1_246' title='bbox 714 2073 966 2127; x_wconf 82' lang='lat' dir='ltr'>uitandum,</span> <span class='ocrx_word' id='word_1_247' title='bbox 996 2073 1193 2117; x_wconf 82' lang='lat' dir='ltr'>alterum</span> <span class='ocrx_word' id='word_1_248' title='bbox 1214 2073 1418 2117; x_wconf 85' lang='lat' dir='ltr'>strenuis</span> <span class='ocrx_word' id='word_1_249' title='bbox 1438 2084 1617 2130; x_wconf 80' lang='lat' dir='ltr'>quoque</span> <span class='ocrx_word' id='word_1_250' title='bbox 1634 2074 1782 2116; x_wconf 79' lang='lat' dir='ltr'>inter-</span> 
     </span>
     <span class='ocr_line' id='line_1_29' title="bbox 170 2143 1783 2202; baseline -0.002 -14"><span class='ocrx_word' id='word_1_251' title='bbox 170 2144 279 2188; x_wconf 82' lang='lat' dir='ltr'>dum</span> <span class='ocrx_word' id='word_1_252' title='bbox 315 2144 626 2202; x_wconf 81' lang='lat' dir='ltr'>adpetendum</span> <span class='ocrx_word' id='word_1_253' title='bbox 662 2147 753 2198; x_wconf 84' lang='lat' dir='ltr'>est,</span> <span class='ocrx_word' id='word_1_254' title='bbox 802 2144 890 2188; x_wconf 85' lang='lat' dir='ltr'>illis</span> <span class='ocrx_word' id='word_1_255' title='bbox 924 2155 990 2187; x_wconf 91' lang='lat' dir='ltr'>ne</span> <span class='ocrx_word' id='word_1_256' title='bbox 1015 2143 1271 2201; x_wconf 86' lang='lat' dir='ltr'>proprie</span> <span class='ocrx_word' id='word_1_257' title='bbox 1305 2143 1488 2187; x_wconf 84' lang='lat' dir='ltr'>uitam</span> <span class='ocrx_word' id='word_1_258' title='bbox 1521 2143 1783 2187; x_wconf 88' lang='lat' dir='ltr'>inertem</span> 
     </span>
     <span class='ocr_line' id='line_1_30' title="bbox 169 2211 1780 2273; baseline -0.002 -13"><span class='ocrx_word' id='word_1_259' title='bbox 169 2216 272 2260; x_wconf 80' lang='lat' dir='ltr'>exi</span> <span class='ocrx_word' id='word_1_260' title='bbox 281 2219 444 2273; x_wconf 77' lang='lat' dir='ltr'>qant,</span> <span class='ocrx_word' id='word_1_261' title='bbox 491 2214 585 2270; x_wconf 76' lang='lat' dir='ltr'>his,</span> <span class='ocrx_word' id='word_1_262' title='bbox 627 2218 677 2258; x_wconf 88' lang='lat' dir='ltr'>ut</span> <span class='ocrx_word' id='word_1_263' title='bbox 711 2215 980 2272; x_wconf 82' lang='lat' dir='ltr'>tempestiua</span> <span class='ocrx_word' id='word_1_264' title='bbox 1015 2213 1184 2258; x_wconf 79' lang='lat' dir='ltr'>laboris</span> <span class='ocrx_word' id='word_1_265' title='bbox 1209 2213 1543 2257; x_wconf 82' lang='lat' dir='ltr'>intermissione</span> <span class='ocrx_word' id='word_1_266' title='bbox 1569 2213 1634 2256; x_wconf 84' lang='lat' dir='ltr'>ad</span> <span class='ocrx_word' id='word_1_267' title='bbox 1657 2211 1780 2257; x_wconf 84' lang='lat' dir='ltr'>labo·</span> 
     </span>
     <span class='ocr_line' id='line_1_31' title="bbox 169 2279 1782 2344; baseline -0.002 -14"><span class='ocrx_word' id='word_1_268' title='bbox 169 2285 372 2330; x_wconf 84' lang='lat' dir='ltr'>randum</span> <span class='ocrx_word' id='word_1_269' title='bbox 404 2287 524 2344; x_wconf 79' lang='lat' dir='ltr'>fiant</span> <span class='ocrx_word' id='word_1_270' title='bbox 558 2286 829 2343; x_wconf 71' lang='lat' dir='ltr'>ueyetz&#39;ores.</span> <span class='ocrx_word' id='word_1_271' title='bbox 903 2281 990 2329; x_wconf 84' lang='lat' dir='ltr'>Ad</span> <span class='ocrx_word' id='word_1_272' title='bbox 1016 2281 1175 2329; x_wconf 88' lang='lat' dir='ltr'>uerba</span> <span class='ocrx_word' id='word_1_273' title='bbox 1210 2281 1298 2327; x_wconf 78' lang='lat' dir='ltr'>ene</span> <span class='ocrx_word' id='word_1_274' title='bbox 1317 2284 1515 2341; x_wconf 87' lang='lat' dir='ltr'>proprie</span> <span class='ocrx_word' id='word_1_275' title='bbox 1542 2281 1658 2328; x_wconf 89' lang='lat' dir='ltr'>etc.&#39;</span> <span class='ocrx_word' id='word_1_276' title='bbox 1692 2279 1782 2327; x_wconf 82' lang='lat' dir='ltr'>ad-</span> 
     </span>
     <span class='ocr_line' id='line_1_32' title="bbox 169 2348 1783 2419; baseline -0.002 -18"><span class='ocrx_word' id='word_1_277' title='bbox 169 2355 368 2403; x_wconf 92' lang='lat' dir='ltr'>notauit</span> <span class='ocrx_word' id='word_1_278' title='bbox 389 2354 681 2419; x_wconf 88' lang='lat' dir='ltr'>Kempfius:</span> <span class='ocrx_word' id='word_1_279' title='bbox 711 2353 978 2418; x_wconf 81' lang='lat' dir='ltr'>‘propriae</span> <span class='ocrx_word' id='word_1_280' title='bbox 995 2355 1036 2399; x_wconf 87' lang='lat' dir='ltr'><em>A</em></span> <span class='ocrx_word' id='word_1_281' title='bbox 1056 2348 1075 2418; x_wconf 73' lang='grc' dir='ltr'>Ιί</span> <span class='ocrx_word' id='word_1_282' title='bbox 1106 2353 1353 2400; x_wconf 84' lang='lat' dir='ltr'>inermem</span> <span class='ocrx_word' id='word_1_283' title='bbox 1367 2367 1446 2412; x_wconf 88' lang='lat' dir='ltr'>pr.</span> <span class='ocrx_word' id='word_1_284' title='bbox 1468 2351 1526 2398; x_wconf 90' lang='lat' dir='ltr'>A.</span> <span class='ocrx_word' id='word_1_285' title='bbox 1551 2351 1783 2399; x_wconf 87' lang='lat' dir='ltr'>ineruem</span> 
     </span>
     <span class='ocr_line' id='line_1_33' title="bbox 173 2420 1779 2490; baseline -0.002 -19"><span class='ocrx_word' id='word_1_286' title='bbox 173 2421 323 2490; x_wconf 87' lang='lat' dir='ltr'>[immo</span> <span class='ocrx_word' id='word_1_287' title='bbox 346 2421 606 2489; x_wconf 87' lang='lat' dir='ltr'>eneruem]</span> <span class='ocrx_word' id='word_1_288' title='bbox 638 2440 763 2472; x_wconf 89' lang='lat' dir='ltr'>eorr.</span> <span class='ocrx_word' id='word_1_289' title='bbox 795 2427 873 2471; x_wconf 84' lang='lat' dir='ltr'>A.&#39;</span> <span class='ocrx_word' id='word_1_290' title='bbox 917 2424 1018 2471; x_wconf 91' lang='lat' dir='ltr'>Hic</span> <span class='ocrx_word' id='word_1_291' title='bbox 1047 2423 1186 2472; x_wconf 87' lang='lat' dir='ltr'>Iocus</span> <span class='ocrx_word' id='word_1_292' title='bbox 1228 2423 1270 2472; x_wconf 88' lang='lat' dir='ltr'>si</span> <span class='ocrx_word' id='word_1_293' title='bbox 1303 2424 1415 2488; x_wconf 86' lang='lat' dir='ltr'>quis</span> <span class='ocrx_word' id='word_1_294' title='bbox 1448 2421 1576 2470; x_wconf 85' lang='lat' dir='ltr'>alius</span> <span class='ocrx_word' id='word_1_295' title='bbox 1613 2420 1779 2480; x_wconf 84' lang='lat' dir='ltr'>docet,</span> 
     </span>
     <span class='ocr_line' id='line_1_34' title="bbox 169 2491 1781 2561; baseline -0.002 -19"><span class='ocrx_word' id='word_1_296' title='bbox 169 2495 300 2543; x_wconf 89' lang='lat' dir='ltr'>nihil</span> <span class='ocrx_word' id='word_1_297' title='bbox 324 2512 555 2561; x_wconf 86' lang='lat' dir='ltr'>prorsus,</span> <span class='ocrx_word' id='word_1_298' title='bbox 598 2495 737 2561; x_wconf 87' lang='lat' dir='ltr'>quod</span> <span class='ocrx_word' id='word_1_299' title='bbox 774 2494 940 2543; x_wconf 83' lang='lat' dir='ltr'>codex</span> <span class='ocrx_word' id='word_1_300' title='bbox 966 2494 1233 2558; x_wconf 89' lang='lat' dir='ltr'>primarius</span> <span class='ocrx_word' id='word_1_301' title='bbox 1260 2493 1438 2553; x_wconf 88' lang='lat' dir='ltr'>habet,</span> <span class='ocrx_word' id='word_1_302' title='bbox 1478 2491 1781 2557; x_wconf 87' lang='lat' dir='ltr'>praesertim</span> 
     </span>
     <span class='ocr_line' id='line_1_35' title="bbox 170 2562 1778 2637; baseline -0.002 -23"><span class='ocrx_word' id='word_1_303' title='bbox 170 2584 283 2615; x_wconf 90' lang='lat' dir='ltr'>cum</span> <span class='ocrx_word' id='word_1_304' title='bbox 323 2568 489 2631; x_wconf 87' lang='lat' dir='ltr'>agitur</span> <span class='ocrx_word' id='word_1_305' title='bbox 526 2566 590 2616; x_wconf 86' lang='lat' dir='ltr'>de</span> <span class='ocrx_word' id='word_1_306' title='bbox 627 2567 738 2615; x_wconf 92' lang='lat' dir='ltr'>loco</span> <span class='ocrx_word' id='word_1_307' title='bbox 768 2572 1028 2637; x_wconf 82' lang='lat' dir='ltr'>corrupto,</span> <span class='ocrx_word' id='word_1_308' title='bbox 1071 2565 1242 2613; x_wconf 87' lang='lat' dir='ltr'>critico</span> <span class='ocrx_word' id='word_1_309' title='bbox 1273 2562 1606 2613; x_wconf 87' lang='lat' dir='ltr'>omittendum</span> <span class='ocrx_word' id='word_1_310' title='bbox 1634 2577 1778 2622; x_wconf 86' lang='lat' dir='ltr'>esse,</span> 
     </span>
     <span class='ocr_line' id='line_1_36' title="bbox 119 2630 1782 2698; baseline -0.004 -14"><span class='ocrx_word' id='word_1_311' title='bbox 119 2638 122 2641; x_wconf 78' lang='grc'><strong>’</strong></span> <span class='ocrx_word' id='word_1_312' title='bbox 167 2637 209 2684; x_wconf 91' lang='grc' dir='ltr'>Β</span> <span class='ocrx_word' id='word_1_313' title='bbox 240 2638 375 2684; x_wconf 88' lang='lat' dir='ltr'>enim</span> <span class='ocrx_word' id='word_1_314' title='bbox 401 2655 507 2686; x_wconf 90' lang='lat' dir='ltr'>non</span> <span class='ocrx_word' id='word_1_315' title='bbox 532 2638 690 2686; x_wconf 87' lang='lat' dir='ltr'>habet</span> <span class='ocrx_word' id='word_1_316' title='bbox 708 2641 949 2698; x_wconf 81' lang='lat' dir='ltr'>propriae,</span> <span class='ocrx_word' id='word_1_317' title='bbox 988 2637 1080 2695; x_wconf 83' lang='lat' dir='ltr'>sed</span> <span class='ocrx_word' id='word_1_318' title='bbox 1106 2630 1354 2698; x_wconf 48' lang='lat' dir='ltr'>propriae.</span> <span class='ocrx_word' id='word_1_319' title='bbox 1430 2633 1557 2683; x_wconf 81' lang='lat' dir='ltr'>Cum</span> <span class='ocrx_word' id='word_1_320' title='bbox 1580 2631 1782 2695; x_wconf 85' lang='lat' dir='ltr'>uirgula</span> 
     </span>
     <span class='ocr_line' id='line_1_37' title="bbox 170 2704 1780 2773; baseline -0.004 -18"><span class='ocrx_word' id='word_1_321' title='bbox 170 2705 361 2767; x_wconf 84' lang='lat' dir='ltr'>addita,</span> <span class='ocrx_word' id='word_1_322' title='bbox 394 2725 525 2773; x_wconf 85' lang='lat' dir='ltr'>quae</span> <span class='ocrx_word' id='word_1_323' title='bbox 554 2709 716 2773; x_wconf 85' lang='lat' dir='ltr'>primo</span> <span class='ocrx_word' id='word_1_324' title='bbox 747 2708 999 2773; x_wconf 85' lang='lat' dir='ltr'>adspectu</span> <span class='ocrx_word' id='word_1_325' title='bbox 1021 2707 1179 2772; x_wconf 88' lang='lat' dir='ltr'>plane</span> <span class='ocrx_word' id='word_1_326' title='bbox 1200 2706 1395 2755; x_wconf 88' lang='lat' dir='ltr'>inutilis</span> <span class='ocrx_word' id='word_1_327' title='bbox 1417 2711 1573 2769; x_wconf 87' lang='lat' dir='ltr'>atque</span> <span class='ocrx_word' id='word_1_328' title='bbox 1598 2704 1780 2767; x_wconf 86' lang='lat' dir='ltr'>inepta</span> 
     </span>
     <span class='ocr_line' id='line_1_38' title="bbox 168 2773 1778 2840; baseline -0.004 -15"><span class='ocrx_word' id='word_1_329' title='bbox 168 2777 466 2838; x_wconf 87' lang='lat' dir='ltr'>uidebatur,</span> <span class='ocrx_word' id='word_1_330' title='bbox 505 2795 585 2826; x_wconf 89' lang='lat' dir='ltr'>me</span> <span class='ocrx_word' id='word_1_331' title='bbox 614 2779 947 2840; x_wconf 83' lang='lat' dir='ltr'>aduertisset,</span> <span class='ocrx_word' id='word_1_332' title='bbox 975 2796 1094 2827; x_wconf 89' lang='lat' dir='ltr'>mox</span> <span class='ocrx_word' id='word_1_333' title='bbox 1119 2778 1355 2826; x_wconf 83' lang='lat' dir='ltr'>intellexi</span> <span class='ocrx_word' id='word_1_334' title='bbox 1383 2791 1495 2824; x_wconf 89' lang='lat' dir='ltr'>eam</span> <span class='ocrx_word' id='word_1_335' title='bbox 1521 2790 1627 2823; x_wconf 92' lang='lat' dir='ltr'>non</span> <span class='ocrx_word' id='word_1_336' title='bbox 1655 2773 1778 2820; x_wconf 88' lang='lat' dir='ltr'>alie-</span> 
     </span>
     <span class='ocr_line' id='line_1_39' title="bbox 169 2843 1777 2912; baseline -0.004 -16"><span class='ocrx_word' id='word_1_337' title='bbox 169 2864 311 2910; x_wconf 89' lang='lat' dir='ltr'>nam,</span> <span class='ocrx_word' id='word_1_338' title='bbox 365 2848 458 2897; x_wconf 83' lang='lat' dir='ltr'>sed</span> <span class='ocrx_word' id='word_1_339' title='bbox 495 2850 606 2897; x_wconf 90' lang='lat' dir='ltr'>Ioco</span> <span class='ocrx_word' id='word_1_340' title='bbox 643 2866 735 2897; x_wconf 89' lang='lat' dir='ltr'>suo</span> <span class='ocrx_word' id='word_1_341' title='bbox 773 2856 961 2898; x_wconf 91' lang='lat' dir='ltr'>motam</span> <span class='ocrx_word' id='word_1_342' title='bbox 1005 2865 1142 2910; x_wconf 82' lang='lat' dir='ltr'>esse3</span> <span class='ocrx_word' id='word_1_343' title='bbox 1188 2865 1308 2898; x_wconf 89' lang='lat' dir='ltr'>nam</span> <span class='ocrx_word' id='word_1_344' title='bbox 1353 2851 1570 2912; x_wconf 87' lang='lat' dir='ltr'>apparet</span> <span class='ocrx_word' id='word_1_345' title='bbox 1612 2843 1777 2908; x_wconf 88' lang='lat' dir='ltr'>primo</span> 
     </span>
    </p>
   </div>
  </div>
 </body>
</html>
