1878 3132
696 139 814 184 CAP.
841 137 880 188 1,
921 137 949 196 g
978 140 1114 182 1—5.
1647 130 1716 183 59

133 248 242 302 uod
279 266 450 318 genus
503 247 813 299 seueritatis
865 252 1017 297 aetas
1068 251 1259 297 nostra
1304 242 1621 311 diligentius
1659 243 1716 295 in

144 320 369 390 apitolio
397 316 559 390 quam
586 319 642 368 in
669 317 781 368 suis
811 315 1065 368 domibus
1103 321 1419 380 conseruat,
1456 313 1716 367 uidelicet

133 392 226 442 uia
251 389 428 458 magis
456 388 527 440 ad
553 407 669 440 rem
705 387 943 458 pertinet
981 386 1206 438 dearum
1235 404 1398 456 quam
1423 385 1714 437 mulierum

97 410 446 530 disciplinam
473 458 762 512 contineri.
865 475 869 480 ·
1712 506 1725 509 7,

201 531 251 583 3.
290 530 444 597 Quae
479 548 587 582 uno
626 535 914 581 contentae
950 527 1301 580 matrimonio
1343 526 1590 592 fuerant,
1627 545 1712 587 co·
1737 541 1757 574 5

91 619 226 654 rona
274 601 574 672 pudicitiae
622 599 1062 652 honorabantur:
1127 597 1521 650 existimabant
1570 598 1715 649 enim

94 691 216 725 eum
260 672 551 742 praecipue
601 678 885 723 matronae
930 670 1142 721 sincera
1184 668 1292 721 fide
1336 669 1715 739 incorruptum

94 762 212 796 esse
248 743 490 795 animum
503 782 517 809 7
572 742 663 813 qui
708 741 990 811 depositae
1033 740 1373 809 uirginitatis
1418 739 1597 792 cubile
1638 738 1714 810 [in

91 814 396 886 publicum]
426 813 616 882 egredi
641 813 895 878 nesciret,
923 810 1221 865 multorum
1241 810 1714 864 matrimoniorum

94 885 489 955 experientiam
526 884 682 954 quasi
715 882 996 952 legitimae
1034 882 1320 934 cuiusdam
1346 883 1712 952 intemperan-
1737 896 1778 928 10

93 957 203 1008 tiae
232 956 449 1024 signum
477 973 594 1006 esse
621 954 924 1006 credentes.

200 1026 251 1077 4.
290 1024 603 1096 Repudium
653 1026 796 1076 inter
843 1042 1072 1076 uxorem
1108 1031 1161 1075 et
1203 1024 1385 1076 uirum
1421 1043 1453 1075 a
1487 1024 1713 1076 condita

91 1097 226 1149 urbe
252 1114 424 1166 usque
450 1095 522 1146 ad
549 1096 582 1160 †
609 1096 966 1148 centesimum
994 1103 1047 1147 et
1074 1096 1586 1165 quinquagesimum
1621 1113 1711 1146 an-

90 1185 221 1218 num
246 1167 455 1218 nullum
480 1167 808 1219 intercessit.
860 1167 1068 1236 primus
1107 1174 1289 1218 autem
1316 1165 1409 1236 Sp.
1438 1165 1711 1218 Caruilius

91 1255 319 1290 uxorem
347 1237 652 1290 sterilitatis
682 1255 849 1289 causa
876 1236 1110 1288 dimisit:
1150 1238 1242 1307 qui
1270 1255 1605 1307 quamquam
1631 1245 1710 1289 to-
1736 1250 1776 1282 15

90 1307 306 1360 lerabili
341 1309 553 1361 ratione
590 1318 770 1361 motus
789 1306 1124 1375 djidebatur,
1171 1307 1596 1378 reprehensione
1631 1315 1711 1359 ta·
1763 1310 1791 1340 V

91 1397 216 1430 men
241 1396 349 1430 non
375 1379 579 1444 caruit,
619 1380 748 1449 quia
781 1396 849 1429 ne
878 1378 1237 1449 cupiditatem
1264 1378 1487 1449 quidem
1513 1378 1710 1431 libero-

90 1467 211 1501 rum
238 1450 514 1518 coniugali
549 1448 679 1501 fidei
704 1467 835 1520 prae
878 1451 967 1502 oni
996 1448 1251 1501 debuisse
1278 1449 1709 1519 arbitrabantur.

196 1519 247 1572 5.
287 1519 396 1572 Sed
431 1539 536 1590 quo
574 1529 828 1573 matrona
853 1539 881 1571 e
927 1520 1090 1572 decus
1134 1520 1500 1573 uerecundiae
1537 1520 1709 1572 muni-

90 1597 272 1643 mento
310 1591 480 1643 tutius
516 1599 687 1657 esset,
724 1592 781 1641 in
817 1591 902 1642 ius
933 1592 1154 1643 uocanti
1180 1599 1485 1644 matronam
1512 1609 1709 1662 corpus
1734 1605 1775 1637 20

92 1661 207 1711 eius
241 1660 523 1729 adtingere
549 1680 663 1714 non·
685 1661 1079 1732 permiserunt,
1117 1670 1178 1713 ut
1212 1662 1480 1714 inuiolata
1515 1680 1709 1714 manus

93 1729 304 1782 alienae
329 1738 482 1783 tactu
509 1730 648 1783 stola
674 1731 1090 1801 relinqueretur.

197 1800 330 1852 Vini
355 1819 484 1853 usus
512 1800 642 1856 olim
667 1801 931 1870 Romanis
959 1801 1180 1852 feminis
1202 1802 1441 1877 ‘ignotus
1459 1803 1621 1868 fuit...
1640 1820 1708 1853 ne

92 1852 1553 1942 scifflwaeusfflffisseniiffjfiuia
1587 1891 1708 1942 pro-

92 2005 254 2049 trauit:
293 2017 394 2049 nam
430 2003 552 2049 Iouis
591 2002 726 2064 epulo
764 2006 861 2064 ipse
897 2005 940 2048 in
979 2004 1168 2055 lectum,
1213 2005 1326 2050 Iuno
1354 2011 1399 2050 et
1423 2004 1623 2051 Minerua
1661 2005 1704 2050 in
1730 2017 1772 2048 25

91 2073 224 2119 sellas
261 2074 315 2119 ad
352 2087 507 2120 cenam
542 2074 867 2120 inuitabantur.
932 2077 972 2121 3.
1008 2073 1134 2130 Quae
1160 2089 1252 2120 uno
1280 2082 1524 2121 contentae
1551 2076 1706 2122 matri·
1729 2058 1764 2092 P
1762 2070 1824 2093 ω’·

90 2145 242 2190 monio
271 2145 474 2195 fuerant,
501 2160 670 2191 corona
696 2145 944 2205 pudicitiae
970 2146 1332 2191 honorabantur.
1386 2151 1425 2190 4.
1454 2146 1705 2207 Repudium

90 2215 210 2260 inter
234 2210 422 2261 uxorem
462 2222 507 2260 et
532 2216 682 2261 uirum
712 2216 765 2262 ab
791 2216 904 2262 urbe
931 2217 1112 2261 condita
1148 2231 1293 2277 usque
1329 2217 1381 2262 ad
1410 2217 1706 2263 centesimum

89 2292 134 2330 et
171 2285 598 2346 quinquagesimum
645 2300 809 2332 annum
839 2286 1023 2331 >nullum
1070 2287 1345 2333 intercessit.
1419 2287 1595 2348 primus
1631 2288 1706 2348 Sp.

88 2354 310 2400 Caruilius
346 2370 532 2402 uxorem
559 2357 816 2403 sterilitatis
842 2372 974 2403 causa
1011 2358 1194 2404 dimisit.
1255 2362 1294 2404 5.
1334 2358 1432 2403 Vini
1460 2373 1572 2404 usus
1599 2359 1706 2411 olim
1730 2373 1771 2404 30

87 2424 298 2470 Romanis
336 2425 516 2471 feminis
555 2427 743 2487 ignotus
780 2428 891 2479 fuit,
930 2442 986 2473 ne
1022 2442 1105 2488 per
1140 2429 1183 2473 id
1220 2430 1264 2473 in
1304 2429 1485 2489 aliquod
1513 2429 1706 2474 dedecus

201 2547 228 2586 4
257 2546 505 2600 disciplina
526 2549 589 2596 B,
622 2563 697 2590 em.
720 2551 896 2602 Lipsius
955 2551 980 2593 8
1011 2551 1058 2590 in
1080 2551 1316 2603 publicum
1338 2553 1511 2592 seclusit
1530 2552 1702 2604 Kempf,

14 2636 23 2642 ,
87 2601 301 2655 pudicum
322 2605 499 2655 Pighius
559 2607 611 2645 13
641 2607 940 2646 centesimum
964 2610 1011 2646 et
1033 2608 1463 2660 quinquagesimum
1486 2608 1592 2647 BP:
1623 2620 1706 2660 per

89 2670 232 2700 annos
255 2658 284 2700 fi
321 2657 366 2711 (i.
391 2674 427 2700 e.
453 2658 502 2709 ᾗ)
534 2673 588 2700 CL
621 2662 678 2702 ab
701 2662 814 2702 urbe
839 2662 1024 2702 condita
1048 2663 1233 2714 Nepot.,·
1263 2665 1443 2704 maxime
1471 2664 1705 2716 probabilis

87 2721 151 2755 est
177 2718 411 2757 emendatio
449 2719 547 2757 edd.
580 2722 773 2769 priorum
802 2719 1072 2759 uicesimum
1105 2723 1150 2758 et
1181 2720 1619 2772 quingentesimum,
1661 2735 1702 2761 u.

91 2771 192 2814 Gell.
224 2786 264 2812 n.
296 2779 372 2814 att.
404 2776 469 2821 17,
503 2775 571 2821 21,
605 2776 663 2813 44
723 2775 776 2813 14
807 2776 986 2826 spurius
1020 2774 1241 2815 carbilius
1269 2776 1335 2825 B,
1368 2790 1435 2829 sp.
1470 2775 1703 2817 Camillus

26 2828 29 2838 ¹
86 2826 244 2880 Nepot.
306 2831 357 2870 17
380 2842 465 2870 nec
488 2829 642 2883 cupid.
665 2830 727 2877 B,
761 2844 836 2871 em.
860 2831 963 2874 Lat.
984 2831 1182 2871 Latinius
1241 2834 1295 2873 20
1317 2834 1458 2873 totius
1481 2828 1538 2872 B'
1558 2830 1577 2887 Η
1592 2834 1720 2885 fort..

18 2902 21 2903 ⁷
50 2882 55 2885 “
86 2885 277 2924 uocanti
306 2886 584 2938 apparitori,
617 2901 656 2926 u.
688 2887 846 2939 Nepot.
906 2889 960 2927 22
992 2887 1106 2947 stole
1131 2888 1171 2927 B
1231 2891 1286 2929 24
1315 2890 1502 2930 scilicet
1523 2890 1590 2930 B.-
1622 2902 1704 2942 per

83 2938 131 2997 id
152 2941 193 2979 P
