1878 3132
1364 6 1369 7 l
1387 0 1392 12 Ἰ·
1432 0 1437 17 ἶ
1452 14 1455 16 η
1478 0 1558 20 *vj-*v*-
1567 0 1664 23 {ft-“75:³¹5
1673 0 1790 22 ΞΤἯᾞ,
1803 0 1837 13 ι·”“
1847 0 1878 6 “““

231 131 300 185 86
937 138 1039 182 LIB.
1077 138 1128 182 ΙΙ.

229 251 363 309 erat,
389 244 602 295 iniussu
627 241 862 294 consulis
890 243 1111 296 domum
1136 244 1407 299 dimittere
1431 264 1628 300 ausum
1651 256 1842 301 senatu

228 314 419 366 mouit.
468 331 577 364 non
597 311 766 381 digna
791 313 1041 384 exempla
1058 322 1229 367 tamn
1254 315 1512 384 breuiter,
1539 318 1649 369 nisi
1671 319 1838 371 maio-

228 383 380 435 ribus
407 400 670 451 urguerer
683 422 697 448 ,
733 382 1084 436 referrentur.
1146 386 1279 455 quid
1303 386 1448 438 enim
1473 394 1588 440 tam
1613 387 1839 440 difficile

226 452 380 504 factu
413 470 574 521 quam
600 451 888 523 copulatae
923 454 1174 507 societati
1198 457 1413 525 generis
1448 466 1503 511 et
1537 457 1839 527 imaginum

187 542 208 574 5
232 522 532 575 deformem
566 522 626 574 in
649 524 883 592 patriam
908 523 1146 577 reditum
1180 525 1419 579 indicere
1434 566 1449 593 ,
1485 534 1579 579 aut
1603 546 1838 581 commu-

224 593 376 644 nioni
401 593 635 646 nominis
663 611 727 645 ac
746 592 987 647 familiae
1013 596 1216 647 ueteris
1242 596 1669 667 propinquitatis
1698 598 1837 650 serie

225 661 538 715 cohaerenti
561 662 845 732 uirgarum
871 664 1268 719 contumeliosa
1301 666 1533 719 uerbera
1558 666 1836 733 adhibere,

225 740 319 785 aut
358 733 663 786 censorium
700 734 1050 804 supercilium
1085 736 1349 788 aduersus
1377 736 1677 789 fraternam
1702 738 1837 790 cari-

223 810 396 855 tatem
422 803 799 873 destringere?
840 804 1038 858 dentur
1055 804 1192 858 haec
1218 806 1433 875 singula
1452 807 1702 887 quamuis
1731 806 1836 859 cla-

159 893 200 926 ιο
224 873 298 925 ris
327 873 667 940 ciuitatibuS,
697 874 914 926 abunde
941 883 1124 927 tamen
1149 874 1326 944 gloria
1353 875 1673 947 disclplinae
1698 876 1836 929 mili-
1867 926 1878 939 ,

221 944 356 997 taris
383 943 680 996 instructae
706 943 1058 996 uidebuntur.
1486 1003 1492 1008 ,

328 1014 378 1066 6.
418 1014 494 1066 At
518 1022 708 1067 nostra
731 1014 864 1067 urbs
879 1054 893 1081 ,
923 1033 1061 1085 quae
1089 1016 1235 1067 omni
1260 1034 1458 1085 genere
1482 1017 1837 1070 mirificorum

221 1083 594 1154 exemplorum
620 1091 794 1136 totum
819 1091 1090 1136 terrarum
1115 1086 1303 1139 orbem
1327 1085 1577 1156 repleuit,
1605 1088 1835 1157 impera-

219 1161 400 1206 torum
420 1154 642 1224 proprio
665 1155 930 1223 sanguine
949 1162 1231 1208 manantes
1254 1174 1467 1208 secures
1483 1195 1498 1223 ,
1523 1173 1592 1208 ne
1615 1157 1835 1209 turbato

156 1242 198 1274 15
220 1222 446 1276 militiae
483 1224 673 1278 ordine
707 1224 957 1277 uindicta
993 1224 1235 1291 deesset,
1282 1245 1352 1278 ex
1390 1226 1582 1278 castris
1617 1225 1835 1297 publice

220 1294 524 1363 speciosaS,
575 1294 839 1363 priuatim
872 1294 1131 1363 lugubres
1180 1294 1386 1365 duplici
1421 1295 1578 1349 uultu
1613 1296 1834 1366 recepit,

218 1363 431 1416 incerta
475 1362 790 1432 gratulandi
824 1365 975 1433 prius
1014 1383 1084 1416 an
1119 1364 1450 1435 adloquendi
1497 1366 1677 1420 officio
1715 1366 1836 1418 fun-

219 1444 459 1502 geretur.
526 1433 698 1502 igitur
740 1452 839 1502 ego
886 1452 1100 1515 quoque
1143 1435 1451 1488 haesitante
1495 1436 1675 1488 animo
1717 1454 1834 1501 uOS,

218 1502 535 1556 bellicarum
562 1521 743 1555 rerum
778 1505 1112 1557 seueriSfflmi
1138 1505 1395 1558 custodes
1408 1545 1423 1572 ,
1450 1505 1699 1559 Postumi
1726 1507 1834 1558 Tu-

151 1590 197 1624 20
218 1573 372 1627 berte
412 1582 466 1627 et
489 1572 664 1625 Manli
691 1574 991 1644 Torquate,
1030 1575 1292 1628 memoria
1326 1593 1390 1627 ac
1423 1575 1686 1629 relatione
1712 1593 1835 1629 con-

217 1642 453 1713 plector,
508 1644 635 1714 quia
680 1643 1054 1697 animaduerto
1091 1645 1208 1698 fore
1252 1653 1313 1698 ut
1358 1645 1597 1715 pondere
1634 1643 1833 1712 laudis,

218 1731 383 1783 quam
428 1713 731 1779 meruistis,
783 1714 1010 1767 obrutus
1053 1715 1228 1784 magis
1276 1714 1711 1768 imbecillitatem
1755 1716 1834 1766 in-

216 1783 367 1852 genii
391 1785 499 1835 mei
526 1783 779 1852 detegam
805 1803 967 1854 quam
991 1792 1230 1837 uestram
1255 1785 1540 1852 uirtutem,
1570 1785 1712 1838 sicut
1737 1803 1836 1856 par

218 1861 315 1919 est,
345 1861 764 1924 repraesentem.
815 1863 876 1906 tu
900 1873 1158 1926 namque,
1186 1855 1461 1923 Postumi,
1501 1856 1736 1909 dictator
1761 1857 1831 1908 A.

155 1940 196 1974 25
219 1923 589 1990 Postumium,
626 1942 786 1994 quem
810 1924 883 1976 ad
908 1925 1122 1993 generis
1158 1925 1627 1995 penetraliumque
1654 1943 1832 1977 sacro-

219 2011 340 2045 rum
368 1994 769 2046 successionem
794 1995 1206 2064 propagandam
1230 2013 1526 2063 genueras,
1565 1996 1716 2047 cuius
1754 1995 1832 2046 in-

217 2062 427 2115 fantiae
446 2062 823 2116 blandimenta
843 2064 966 2116 sinu
992 2071 1154 2135 atque
1181 2063 1381 2117 osculis
1405 2064 1644 2131 foueraS,
1673 2083 1834 2135 quem

218 2150 451 2202 puerum
493 2132 718 2199 litteris,
771 2152 933 2204 quem
975 2134 1227 2186 iuuenem
1262 2135 1426 2187 armis
1470 2135 1831 2202 instruxeraS,

104 2261 198 2297 Par.
222 2249 326 2296 uius
352 2250 538 2297 Flaccus
566 2265 729 2297 censor
755 2250 963 2296 Fuluium
1001 2251 1188 2297 fratrem
1215 2258 1473 2298 consortem
1501 2251 1749 2311 legionem,
1788 2253 1832 2296 in

154 2333 197 2367 30
221 2335 311 2381 qua
336 2327 396 2368 tr.
434 2321 524 2366 mil.
564 2328 680 2373 erat,
724 2322 946 2367 dimittere
983 2322 1157 2367 iniussu
1194 2335 1287 2367 cos.
1328 2336 1507 2373 ausum,
1549 2322 1644 2367 suis
1682 2328 1832 2368 tamen

219 2391 465 2442 mensibus,
494 2398 655 2437 senatu
681 2394 839 2437 mouit.
893 2395 933 2436 6.
962 2392 1224 2437 Postumius
1252 2391 1447 2439 dictator
1471 2393 1520 2437 A.
1547 2391 1831 2438 Postumium

218 2460 382 2512 filium,
421 2462 541 2522 quod
568 2461 746 2508 iniussu
772 2476 855 2508 suo
881 2462 1037 2508 hostes
1064 2461 1266 2513 fuderat,
1304 2464 1524 2509 uictorem
1553 2463 1701 2509 securi
1727 2475 1832 2523 per-

332 2587 358 2624 2
381 2585 591 2637 exempla
613 2597 730 2637 quae
753 2588 848 2626 tam
869 2587 895 2624 2
917 2587 1042 2626 codd.
1062 2586 1204 2639 Piykiz·
1222 2582 1356 2639 Htam
1378 2585 1444 2631 B‚·
1463 2587 1634 2638 supplet
1647 2584 1830 2636 Kempf:

219 2642 315 2680 tam
362 2638 585 2693 [angusto
627 2642 850 2682 orationis
893 2642 1091 2691 ambitu,
1132 2653 1279 2693 neque
1321 2638 1442 2695 tam]
1496 2641 1700 2682 breuiter
1748 2646 1829 2679 etc.

219 2696 248 2734 4
277 2695 451 2735 factum
473 2693 530 2736 B'
587 2699 612 2738 9
643 2698 920 2750 distringere
951 2698 992 2737 B
1055 2699 1104 2738 11
1135 2699 1387 2738 instructa*
1406 2697 1448 2737 B
1508 2698 1561 2736 14
1589 2698 1830 2735 manentes

220 2751 276 2798 B,
309 2750 545 2792 madentes
575 2753 598 2792 b
625 2750 644 2806 {l
674 2766 859 2793 securus
888 2747 943 2793 B'
977 2750 1001 2808 ss
1035 2767 1090 2794 ne
1120 2756 1216 2795 edd.
1245 2752 1372 2794 ueta.-
1409 2753 1552 2794 habet
1581 2764 1638 2791 ne
1669 2751 1711 2790 B
1777 2752 1831 2790 20

220 2800 417 2901 maliBB'
488 2809 539 2846 21
573 2807 807 2860 coplector
838 2808 907 2860 (co
936 2812 977 2850 z'n
1006 2809 1115 2862 ras.)
1148 2809 1190 2849 B
1219 2806 1237 2863 Η
1271 2810 1349 2860 qui
1369 2802 1424 2847 B'
1500 2809 1553 2846 22
1585 2806 1830 2846 imbecilli-

219 2865 316 2903 tate

334 2921 388 2959 30
409 2917 649 2959 demittere
679 2920 720 2959 V
