1936 3120
223 128 326 183 368
651 165 653 167 >
923 137 1021 182 Llss.
1059 137 1144 182 vn.

226 251 343 293 stae
378 241 579 293 iudicio
617 241 935 294 subuertere
969 242 1180 294 frustra
1213 253 1442 297 conatus
1480 255 1580 299 est.
1655 247 1830 315 magis

225 312 369 363 enim
396 310 720 362 centumuiri
746 311 874 381 quid
903 313 1166 382 scriptum
1193 321 1336 366 esset
1359 314 1416 366 in
1442 314 1642 368 tabulis
1669 334 1831 386 quam

227 382 345 451 quis
375 399 464 432 eas
495 381 804 450 scripsisset
830 383 1286 436 considerandum
1313 386 1782 439 existimauerunt.

333 451 382 502 2.
427 451 555 502 Vita
581 450 842 503 Tuditani
868 453 1116 519 demens,
1152 455 1423 507 Aebutiae
1449 464 1656 522 autem,
1694 473 1833 526 quae

183 540 204 570 5
226 521 289 572 L.
317 520 535 572 Meneni
562 521 842 591 Agrippae
867 541 1009 574 uxor
1035 522 1212 576 fuerat
1226 565 1239 590 ,
1278 523 1494 577 tabulae
1523 526 1833 578 testamenti

224 590 417 661 plenae
461 591 681 642 furoris
754 611 880 643 nam
915 612 1036 644 cum
1069 593 1298 647 haberet
1339 595 1474 647 duas
1522 595 1832 647 simillimae

223 661 514 731 probitatis
560 661 700 712 filias
744 661 1046 716 Pletoniam
1086 672 1138 715 et
1176 664 1492 730 Afroniam,
1544 666 1711 721 animi
1748 667 1833 717 sui

224 731 403 800 potius
431 730 782 784 inclinatione
807 742 1070 802 prouecta
1097 726 1260 803 quam
1294 734 1419 786 ullis
1448 734 1669 787 alterius
1695 736 1832 787 iniu-

224 801 316 852 riis
346 810 441 853 aut
467 801 663 854 officiis
692 810 965 869 conmota,
1004 803 1305 856 Pletoniam
1340 805 1718 858 tantummodo
1743 805 1832 857 he-

161 890 201 921 10
225 871 412 923 redem
447 871 708 923 instituit:
760 871 886 923 filiis
925 874 1087 925 etiam
1127 874 1395 926 Afroniae
1434 893 1503 927 ex
1538 874 1834 928 admodum
1869 894 1881 897 ’·

226 941 406 1011 amplo
434 943 762 1011 patrimonio
790 948 872 999 Χῖ
899 962 1178 995 nummum
1204 945 1427 1013 legauit.
1497 945 1732 998 Afronia
1756 954 1834 997 ta-

226 1030 351 1063 men
378 1030 500 1062 cum
530 1031 713 1065 sorore
749 1022 1085 1066 sacramento
1123 1015 1448 1068 contendere
1474 1016 1647 1069 noluit
1671 1023 1835 1067 testa-

225 1090 574 1152 mentumque
608 1084 797 1135 matris
835 1085 1102 1153 patientia
1135 1085 1398 1138 honorare
1435 1104 1596 1156 quam
1632 1085 1834 1138 iudicio

226 1151 533 1205 conuellere
573 1155 743 1204 satius
780 1172 898 1205 esse
937 1153 1116 1221 duxit,
1156 1174 1215 1207 eo
1244 1174 1301 1207 se
1327 1157 1447 1224 ipsa
1471 1155 1836 1224 indigniorem

162 1241 203 1272 15
227 1222 426 1274 iniuria
470 1223 759 1275 ostendens
816 1243 922 1294 quo
975 1243 1093 1276 eam
1145 1226 1400 1294 aequiore
1450 1227 1627 1278 animo
1676 1225 1835 1277 susti-

227 1292 412 1345 nebat

332 1363 382 1414 3.
421 1362 605 1413 Minus
639 1364 949 1415 mirandum.
985 1383 1222 1417 errorem
1260 1363 1580 1417 muliebrem
1621 1365 1686 1430 Q.
1723 1364 1834 1416 Me·-

227 1430 388 1484 tellus
415 1432 562 1483 fecit.
617 1432 663 1483 is
690 1451 923 1503 namque
950 1433 1194 1502 plurimis
1224 1442 1276 1485 et
1303 1434 1670 1487 celeberrimis
1698 1435 1834 1486 eius-

228 1502 352 1553 dem
384 1502 615 1553 nominis
651 1503 783 1554 uiris
820 1504 873 1554 in
911 1506 1047 1555 urbe
1081 1513 1268 1557 nostra
1292 1505 1632 1572 uigentibus,
1678 1504 1834 1556 Olau-

162 1590 204 1622 20
228 1572 438 1624 diorum
466 1572 633 1623 etiam
658 1572 886 1639 familia,
916 1592 1077 1643 quam
1104 1575 1379 1627 artissimo
1409 1575 1690 1642 sanguinis
1717 1575 1834 1626 uin-

226 1641 345 1694 culo
368 1642 737 1711 contingebat,
759 1642 1003 1709 florente,
1028 1643 1371 1696 Carrinatem
1393 1644 1562 1696 solum
1583 1643 1837 1696 heredem

226 1711 470 1781 reliquit,
508 1731 608 1764 nec
643 1712 743 1764 hac
779 1732 836 1764 re
874 1721 1262 1766 testamentum
1289 1716 1403 1766 eius
1431 1715 1715 1784 quisquam
1744 1713 1837 1765 ad-

228 1783 532 1850 temptauit.
1262 1821 1269 1828 -

333 1853 384 1903 4.
425 1853 563 1904 Item
590 1853 879 1923 Pompeius
917 1854 1184 1922 Reginus,
1231 1856 1318 1905 uir
1353 1854 1720 1924 transalpinae
1756 1873 1836 1905 re-

164 1940 206 1972 25
229 1922 424 1991 gionis,
454 1941 577 1975 cum
603 1931 928 1976 testamento
956 1925 1141 1976 fratris
1166 1925 1493 1994 praeteritus
1517 1935 1660 1976 esset
1686 1932 1740 1975 et
1766 1923 1837 1975 ad

197 1992 631 2061 >coarguendam
675 1992 1178 2063 iniquitatem'eius
1217 1995 1374 2047 binas
1411 1993 1627 2046 tabulas
1674 1989 1835 2045 te'sta-

229 2066 535 2114 mentorum
562 2082 783 2115 suorum
810 2065 865 2114 in
887 2064 1103 2115 comitio
1126 2064 1324 2115 incisas
1349 2064 1540 2115 habita
1555 2063 1837 2132 utriusque

231 2130 440 2184 ordinis
469 2134 707 2183 maxima
733 2134 1043 2202 frequentia
1068 2134 1378 2197 recitasset,
1419 2134 1474 2183 in
1501 2133 1697 2202 quibus
1726 2150 1835 2183 ma-

118 2286 205 2320 Par.
230 2279 269 2321 3.
309 2277 357 2332 Q.
386 2277 590 2322 Metellus
622 2292 722 2322 eum
750 2278 1036 2323 Claudiorum
1065 2279 1257 2323 familiae
1292 2280 1471 2322 iunctus
1510 2285 1655 2327 esset,
1693 2277 1838 2322 Carri-

166 2359 208 2391 30
232 2353 379 2391 natem
417 2347 562 2392 solum
612 2347 797 2407 reliquit
844 2349 1066 2393 heredem.
1141 2354 1182 2392 4.
1222 2349 1464 2408 Pompeius
1503 2349 1720 2407 Reginus,
1767 2349 1838 2391 uir

232 2417 534 2476 transalpinae
566 2419 782 2477 regionis,
812 2433 910 2463 cum
937 2426 1209 2464 testamento
1234 2420 1381 2463 fratris
1403 2419 1678 2478 praeteritus
1700 2425 1836 2477 esset,

232 2487 286 2531 ad
313 2488 643 2545 coarguendam
671 2490 956 2548 iniquitatem
993 2491 1090 2534 eius
1129 2495 1449 2534 testamentum
1478 2501 1608 2533 snum
1635 2487 1836 2539 rescidit,

343 2639 367 2676 2
392 2637 512 2687 quod
533 2638 575 2676 B
635 2641 660 2678 3
684 2639 923 2679 scribisset
943 2634 1001 2678 B'
1058 2640 1085 2678 4
1109 2639 1294 2679 ebutiae
1317 2639 1373 2686 B,
1397 2639 1632 2678 Aebuciae
1654 2638 1750 2676 edd.
1813 2637 1836 2675 7

231 2692 513 2733 Plaetoriam
537 2696 581 2733 et
602 2694 841 2734 Afraniam
865 2696 1039 2746 Pighius
1117 2695 1142 2734 8
1183 2695 1509 2734 inclinatione*
1531 2695 1775 2745 prouecta*
1798 2691 1837 2730 B

236 2746 289 2787 10
311 2749 451 2787 etiam
473 2749 537 2788 B:
573 2754 725 2789 autem
752 2751 785 2790 C
842 2754 892 2791 13
913 2751 1138 2790 honerare
1160 2745 1216 2790 B‘
1280 2752 1332 2790 14
1354 2752 1452 2802 ipso
1475 2751 1516 2790 B
1575 2750 1626 2789 15
1649 2749 1837 2799 aequio-

223 2815 327 2844 =rem
348 2799 403 2842 B'
455 2807 506 2844 19
529 2807 794 2846 uiuentibus
816 2807 839 2846 b
860 2804 879 2860 ΙΙ
902 2806 1153 2847 cladiorum
1178 2820 1216 2846 e.
1241 2805 1422 2846 familia¹
1444 2802 1498 2846 B'
1555 2806 1607 2844 21
1633 2806 1838 2844 currina-

233 2863 324 2899 tem
344 2859 387 2898 B
460 2861 513 2898 22
536 2860 624 2899 h'ac
644 2876 692 2902 re
714 2863 756 2902 B
778 2868 820 2902 ut
842 2864 1034 2902 uidetur:
1065 2863 1206 2902 hocce
1229 2863 1253 2902 b
1312 2864 1366 2901 24
1394 2862 1588 2914 beginus
1618 2860 1706 2899 Pb:
1737 2873 1838 2913 reg-

243 2916 314 2954 nis
337 2914 378 2954 B
400 2914 650 2967 (distinete),
674 2919 860 2970 reginus
882 2919 983 2959 dett.
1044 2920 1098 2958 26
1120 2931 1208 2970 quo
1233 2917 1511 2970 arguendam
1532 2909 1587 2956 B'
