1924 3152
181 159 284 221 134
887 165 987 209 LIB.
1015 165 1082 210 111.

177 273 381 342 gemitu
407 271 674 340 religione
708 280 1042 342 aspergeret.
1094 291 1194 326 rex
1219 292 1324 345 quo
1351 275 1614 345 patientia]
1639 279 1790 348 pueri

175 342 348 410 magis
378 341 677 394 delectatus
715 349 825 409 est,
867 342 970 395 hoc
994 344 1194 397 certius
1262 347 1664 400 erseuerantiae
1700 367 1791 402 ex-

175 412 537 483 perimentum
571 430 782 465 sumere
807 413 1002 467 uoluit.
1062 432 1233 468 consu
1256 421 1313 468 to
1351 416 1498 469 enim
1524 417 1792 471 sacrifica·

174 483 255 536 uit
291 482 526 551 diutius,
578 501 678 536 nec
711 482 814 535 hac
852 502 911 536 re
957 502 1080 537 eum
1124 486 1404 557 proposito
1441 486 1668 570 depulit.
1746 490 1795 541 si

132 567 152 599 5
175 552 302 605 huic
326 553 588 606 miraculo
615 554 831 606 Dareus
858 555 1180 609 inseruisset
1206 556 1418 625 0011105,
1456 566 1651 612 5015501
1677 560 1791 612 01115

172 624 359 695 stirpis
386 624 583 677 milites
619 625 770 677 uinci
794 643 903 678 non
927 643 1116 696 posse,
1155 627 1308 680 cuius
1344 627 1620 682 infirmam
1646 638 1792 683 aeta-

172 703 282 747 tem
307 702 461 749 tanto
489 696 687 749 robore
751 696 1023 749 raeditam
1050 697 1552 752 animaduertisset.

277 766 381 818 Est
425 774 480 819 et
513 766 610 818 illa
642 784 710 819 ue
752 759 959 819 emens‘
979 776 1031 820 et
1068 777 1325 820 constans
1374 768 1542 820 animi
1576 769 1791 836 militia,

171 835 369 888 litteris
437 835 626 902 0110115,
654 836 1055 891 uenerabilium
1082 837 1367 891 doctrinae
1394 856 1676 892 sacrorum
1700 858 1792 892 an-

107 920 148 952 10
171 906 327 959 tistes
351 925 386 978 p
428 906 712 978 'losophia.
753 926 893 979 quae
917 907 1015 961 ubi
1033 915 1251 979 pectore
1271 916 1492 980 recepta
1517 917 1617 977 est,
1646 910 1794 964 omni

168 977 454 1032 inhonesto
501 986 665 1050 atque
702 976 884 1031 inutili
929 978 1152 1032 adfectu
1193 978 1469 1050 dispulso‚
1519 987 1694 1034 totum
1735 981 1794 1033 in

169 1046 380 1100 solidae
425 1048 647 1102 uirtutis
693 1049 1029 1102 munimento
1075 1049 1362 1103 confirmat
1405 1051 1792 1123 potentiusque

166 1126 318 1172 metu
342 1118 477 1172 facit
503 1137 567 1171 00
595 1119 798 1172 (101010.
886 1164 894 1168 ,
1684 1151 1690 1155 ⁵

272 1188 324 1241 2.
374 1189 643 1259 Incipiam
687 1198 870 1243 autem
912 1209 945 1242 a
980 1190 1205 1244 Zenone
1239 1188 1449 1243 Eleate.
1528 1191 1623 1262 qui
1667 1209 1792 1244 cum

99 1272 140 1305 15
171 1265 315 1312 esset
347 1259 405 1311 in
441 1258 782 1331 dispicienda
807 1278 990 1312 rerum
1014 1269 1213 1314 natura
1249 1260 1523 1313 maximae
1558 1260 1792 1331 pruden-

166 1328 275 1382 tiae
317 1329 483 1411 inque
529 1329 836 1383 excitandis
884 1329 956 1382 ad
998 1331 1246 1400 uigorem
1288 1330 1550 1383 iuuenum
1591 1331 1790 1383 animis

165 1399 627 1470 promptissimuS‚
655 1407 1073 1471 praeceptorum
1097 1400 1263 1453 fidem
1290 1400 1542 1482 exemplo
1568 1401 1789 1455 uirtutis

167 1487 297 1522 suae
331 1469 652 1540 publicauit.
714 1470 948 1540 patriam
974 1471 1118 1523 enim
1144 1488 1424 1539 egressuS,
1462 1490 1522 1522 111
1583 1490 1656 1524 110
1679 1471 1792 1524 frui

169 1557 364 1592 secura
398 1539 652 1593 libertate
678 1548 921 1611 poterat,
961 1541 1328 1610 Agrigentum
1351 1542 1552 1594 misera
1593 1540 1655 1593 ili
1681 1559 1790 1594 ser-

103 1625 144 1657 20
168 1610 343 1663 uitute
370 1610 626 1664 obrutum
644 1611 820 1682 petiit,
848 1619 1005 1665 tanta
1023 1611 1228 1664 fiducia
1252 1611 1460 1682 ingenii
1485 1630 1550 1664 ac
1575 1615 1792 1665 morum

168 1699 394 1735 suorum
429 1680 631 1748 fretus,
677 1689 740 1734 ut
785 1682 1089 1753 sperauerit
1126 1688 1179 1735 et
1204 1689 1437 1752 tyranno
1477 1690 1532 1736 et
1565 1680 1791 1734 Phalari

165 1769 439 1804 uaesanae
472 1752 669 1805 mentis
706 1750 984 1806 feritatem
1020 1771 1053 1804 a
1089 1771 1147 1806 se
1184 1751 1361 1823 deripi
1438 1771 1578 1806 osse.
1617 1754 1621 1759 ’
1684 1758 1791 1806 ost-

166 1840 330 1892 quam
367 1821 564 1875 deinde
601 1822 748 1894 apud
782 1822 937 1876 illum
973 1821 1095 1894 plus
1132 1829 1398 1877 consuetu
1439 1822 1585 1876 inem
1659 1822 1790 1876 omi-

165 1892 403 1947 nationis
424 1911 588 1964 quam
605 1893 820 1946 consilii
840 1893 1225 1948 salubritatem
1244 1892 1428 1946 ualere
1447 1892 1791 1946 animaduer-

103 1977 144 2010 25
167 1962 252 2029 tit,
279 1963 653 2017 nobilissimos
682 1964 798 2016 eius
821 1964 1061 2017 ciuitatis
1083 1963 1462 2017 adulescentes
1484 1963 1790 2034 cupiditate

167 2031 487 2091 liberandae
513 2034 726 2103 patriae
760 2033 1142 2086 infiammauit.
1203 2034 1356 2086 cuius
1385 2032 1466 2085 rei
1493 2051 1617 2085 cum
1648 2031 1789 2084 indi-

168 2102 313 2155 cium
357 2103 428 2156 ad
472 2112 767 2174 tyrannum
805 2111 1107 2170 manasset,
1160 2109 1461 2156 conuocato
1506 2102 1563 2154 in
1606 2103 1791 2157 forum

55 2229 148 2266 Par.
169 2221 301 2282 pueri
327 2217 579 2267 delectatus
599 2222 820 2282 patientia
839 2222 1010 2268 diutius
1038 2221 1249 2267 consulto
1278 2219 1566 2272 sacrificauit,
1593 2235 1682 2267 nec
1706 2222 1789 2267 hac

168 2304 220 2337 re
255 2305 358 2337 eum
391 2291 634 2352 proposito
671 2291 858 2353 depulit.
919 2297 959 2337 2.
996 2292 1115 2338 Zeno
1142 2290 1318 2338 Eleates
1354 2290 1658 2352 philosophus
1686 2306 1789 2337 cum

103 2373 145 2406 30
167 2362 466 2422 Agrigentum
491 2364 715 2412 uenisset,
754 2370 945 2424 tyranno
972 2362 1207 2408 Phalaride
1235 2361 1380 2407 adhuc
1404 2361 1541 2412 uiuo,
1576 2362 1787 2407 hortatus

168 2431 393 2494 populum
420 2433 475 2479 ad
490 2432 750 2479 libertatem
777 2439 822 2478 et
850 2433 907 2479 oh
934 2432 978 2478 id
1005 2434 1154 2494 ipsum
1180 2434 1332 2478 iussus
1360 2447 1384 2478 a
1406 2438 1597 2492 tyranno
1618 2432 1672 2495 Ι111
1699 2444 1789 2476 me-

169 2503 243 2549 dio
282 2503 383 2550 foro
421 2503 654 2564 torqueri,
693 2517 785 2549 non
823 2502 1001 2549 destitit
1036 2518 1059 2549 a
1087 2502 1406 2550 cohortatione
1442 2508 1489 2548 et
1528 2502 1575 2546 in
1611 2507 1789 2547 tantum

167 2573 391 2634 populum
427 2574 699 2625 commouit,
737 2581 789 2619 ut
814 2573 1042 2634 lapidibus
1079 2574 1233 2619 statim
1258 2572 1459 2620 Phalaris
1499 2571 1786 2619 obrueretur.

284 2683 307 2722 1
337 2682 564 2737 religione
586 2683 815 2725 Foertsck:
848 2684 976 2737 regio
1007 2683 1061 2731 B,
1095 2683 1250 2736 regias
1274 2694 1410 2723 aures
1431 2681 1455 2722 b
1482 2677 1503 2734 ΙΙ
1531 2691 1709 2733 quoque
1732 2679 1785 2726 Β,

170 2750 246 2779 em.
275 2737 399 2779 Torr.
459 2741 486 2779 2
517 2743 587 2780 est
616 2743 663 2780 et
682 2739 771 2781 hoc
800 2739 824 2780 b
882 2741 911 2781 4
939 2739 1119 2794 depulit
1146 2739 1236 2780 Pb:
1266 2736 1436 2790 repulit
1463 2736 1507 2776 B
1565 2737 1591 2776 6
1621 2735 1717 2775 uici
1745 2735 1787 2774 B

169 2795 196 2835 9
233 2793 501 2835 doctrinarfi
526 2796 550 2835 b
619 2797 672 2837 10
711 2796 833 2836 omni
863 2796 904 2835 E
941 2802 985 2836 et
1020 2797 1189 2838 Periz.:
1228 2792 1402 2834 homini
1429 2791 1485 2843 B,
1526 2789 1709 2856 homine
1748 2791 1786 2837 b,

168 2851 267 2917 incl:
299 2850 470 2902 Kempf
530 2853 582 2891 14
612 2856 767 2892 autem
799 2864 1021 2894 zenonem
1049 2846 1105 2892 B'
1174 2852 1226 2891 17
1246 2848 1597 2903 promptissimis
1619 2847 1662 2887 B
1734 2848 1791 2887 20

170 2906 435 3017 pem{³›1Bad]
463 2963 518 3004 ob
550 2963 592 3001 V
