1924 3152
571 0 608 14 ¹?-
620 0 655 12 --φ
665 0 736 19 -W-
746 3 747 6 ,
758 0 813 15 μμ,
823 0 841 8 u
849 0 906 19 '‘V-f*
938 0 978 20 w*
990 0 1029 20 ‚⁷¹³3
1040 3 1067 17 „t
1086 0 1113 16 -v-
1124 0 1144 18 χ
1222 0 1270 16 :az
1351 12 1353 17 ,
1372 0 1384 3 ν’
1407 0 1413 5 -μ
1478 0 1495 10 ’.η
1514 0 1532 10 ιΔ
1591 0 1596 3 -
1620 3 1622 5 -
1670 0 1678 7 >
1693 0 1743 31 ca
1753 0 1798 5 --vr

591 111 707 157 CAP.
737 111 823 162 1111,
851 111 880 169 g
906 115 1046 155 4—7.
1083 109 1177 155 Ext.
1207 112 1245 155 1.
1625 102 1729 156 247

99 204 236 274 ΗΜΘ
260 220 442 290 igneS,
471 221 519 272 si
544 238 577 272 a
601 227 787 273 uestro
815 217 1187 272 sacratissimo
1214 216 1418 288 templo
1447 215 1519 276 ad
1544 234 1729 269 neces-

42 299 46 303 ’
110 291 315 344 sarium
350 291 525 360 magis
553 309 716 361 quam
752 289 1062 360 speciosum
1098 288 1250 341 urbis
1287 288 1469 342 locum
1503 295 1726 341 contex-

36 416 47 433 ι
108 371 196 416 tus
225 362 404 432 operis
430 361 604 414 nostri
628 379 953 432 progressus
990 360 1180 412 fuerit:
1221 358 1374 412 nulla
1407 359 1552 412 enim
1578 376 1725 410 acer-

106 433 282 486 bitate
298 431 573 498 fortunae,
600 430 764 483 nullis
792 430 1048 485 sordibus
1068 431 1304 500 pretium
1322 449 1482 483 carae
1500 429 1724 501 pietatis

109 502 386 568 euilescit,
426 502 558 572 quin
584 502 750 554 etiam
777 520 839 554 eo
866 502 1066 555 certius
1094 521 1199 573 quo
1227 502 1479 554 miserius
1516 500 1726 572 experi-
1752 517 1774 550 5

109 580 352 628 mentum
376 572 560 626 habet.
623 572 919 642 Sanguinis
946 573 1173 642 ingenui
1199 573 1484 626 mulierem
1508 573 1731 643 praetor

108 643 256 715 apud
281 643 523 697 tribunal
559 662 718 711 suum
754 643 978 714 capitali
1015 644 1242 696 crimine
1281 643 1600 695 damnatam
1637 643 1726 694 tri-

106 714 321 767 umuiro
346 714 404 765 in
430 711 648 767 carc⁸ere
672 714 977 767 necandam
1003 714 1252 768 tradidit.
1316 733 1422 785 quo
1451 720 1730 784 receptam

106 786 154 837 is
190 785 281 855 qui
325 785 609 838 custodiae
659 794 912 855 praeerat
962 784 1339 838 misericordia
1388 792 1567 837 motus
1619 802 1731 838 non

107 857 357 926 protinus
385 854 775 924 strangulauit:
818 855 1030 908 aditum
1103 874 1281 926 uoque
1316 855 1388 908 ad
1415 873 1536 907 eam
1562 854 1724 921 filiae,
1749 871 1792 903 10
1864 870 1866 874 ’

110 925 208 978 sed
235 924 524 994 diligenter
550 945 842 992 excussae,
878 945 947 979 ne
973 926 1067 1048 {ui
1133 926 1242 979 cibi
1267 926 1523 992 inferret,
1561 924 1729 992 dedit,

110 996 432 1048 existimans
483 997 731 1051 futurum
775 1005 836 1048 ut
883 999 971 1049 ine
1015 998 1068 1048 ia
1113 1004 1541 1050 consumeretur.
1605 1015 1730 1049 cum

109 1075 290 1119 autem
339 1067 521 1137 plures
572 1068 681 1119 iam
733 1067 849 1120 dies
900 1067 1328 1135 intercederent,
1381 1085 1567 1120 secum
1610 1067 1770 1137 ipse‹

110 1155 373 1207 quaerens
410 1137 672 1208 quidnam
709 1147 853 1191 esset
889 1156 993 1208 quo
1029 1146 1141 1191 tam
1178 1138 1273 1190 diu
1310 1145 1728 1204 sustentaretur,

109 1207 375 1261 curiosius
421 1208 717 1261 obseruata
755 1207 868 1260 filia
905 1209 1298 1261 animaduertit
1341 1208 1494 1261 illam
1539 1217 1727 1260 exerto
1752 1222 1796 1256 15

106 1278 274 1331 ubere
324 1277 526 1331 famem
561 1279 749 1330 matris
789 1278 948 1331 lactis
980 1281 1071 1331 sui
1117 1279 1367 1332 subsidio
1413 1278 1724 1332 lenientem.

108 1366 247 1419 quae
274 1356 386 1401 tam
423 1348 765 1402 admirabilis
806 1349 1106 1420 spectaculi
1142 1351 1360 1403 nouitas
1397 1350 1467 1403 ab
1501 1350 1621 1420 ipso
1658 1349 1757 1402 ad*

105 1419 467 1482 triumuirum,
499 1439 532 1472 a
556 1420 844 1473 triumuiro
873 1420 944 1473 ad
961 1428 1289 1491 praetorem,
1318 1439 1351 1473 a
1374 1429 1630 1492 praetore
1656 1419 1728 1472 ad

106 1488 392 1542 consilium
425 1490 666 1543 iudicum
701 1490 915 1562 perlata
950 1491 1325 1545 remissionem
1368 1510 1578 1562 poenae
1612 1510 1728 1542 mu-

105 1558 226 1611 lieri
251 1560 586 1630 impetrauit.
653 1580 758 1632 quo
793 1581 903 1614 non
928 1570 1182 1632 penetrat
1208 1572 1303 1616 aut
1340 1561 1473 1632 quid
1499 1581 1609 1616 non
1636 1580 1725 1614 ex·
1750 1576 1796 1610 20

109 1630 314 1698 cogitat
348 1630 556 1700 pietaS,
592 1649 733 1701 quae
772 1634 829 1684 in
855 1650 1072 1684 carcere
1101 1633 1408 1685 seruandae
1435 1632 1726 1701 genetricis
1856 1631 1860 1634 ’

106 1717 306 1751 nouam
325 1701 591 1753 rationem
614 1702 861 1755 inuenit?
901 1702 1032 1773 quid
1060 1703 1202 1755 enim
1240 1710 1355 1755 tam
1389 1704 1727 1768 inusitatum,

74 1788 77 1790 ·
109 1768 241 1839 quid
279 1778 392 1822 tam
427 1770 758 1837 inauditum,
796 1791 962 1842 quam
995 1780 1227 1824 matrem
1264 1773 1527 1826 uberibus
1565 1780 1729 1825 natae

110 1838 336 1892 alitam?
398 1842 607 1910 putarit
648 1841 846 1912 aliquis
890 1842 993 1895 hoc
1028 1851 1222 1896 contra
1254 1862 1437 1896 rerum
1472 1851 1728 1896 naturam

108 1908 345 1976 factum,
396 1912 504 1963 nisi
555 1912 784 1980 diligere
834 1914 1090 1982 parentis
1128 1913 1307 1985 prima
1355 1921 1585 1967 naturae
1635 1914 1727 1966 lex
1750 1926 1794 1960 25

109 1989 270 2032 esset.

216 2054 337 2102 Ext.
369 2051 416 2103 1.
469 2051 623 2103 Idem
650 2052 1031 2122 praedicatum
1059 2055 1127 2107 de
1163 2055 1370 2125 pietate
1404 2055 1576 2108 Perus
1615 2055 1727 2107 exi·

109 2120 383 2185 stimetur,
428 2140 565 2191 quae
600 2131 812 2193 patrem
853 2143 1011 2176 suum
1036 2125 1276 2196 Mycona
1311 2125 1583 2178 consimili
1617 2125 1725 2178 for-

107 2199 243 2243 tuna
270 2191 547 2244 adfectum
582 2194 811 2263 parique
848 2195 1130 2248 custodiae
1166 2195 1432 2249 traditum
1466 2197 1577 2248 iam
1602 2196 1725 2249 ulti-

108 2278 229 2313 mae
257 2263 552 2326 senectutis
588 2262 742 2316 uelut
777 2264 1045 2318 infantem
1080 2267 1291 2336 pectori
1318 2284 1415 2319 suo
1443 2268 1724 2320 admotum
1749 2279 1793 2313 30

219 2394 254 2434 l.
290 2392 405 2437 Pero
442 2393 479 2449 †
507 2395 690 2440 fratrem
720 2398 956 2448 maiorem,
993 2399 1040 2442 in
1065 2412 1293 2444 carcerem
1328 2400 1582 2446 coniectum
1618 2399 1722 2444 ulti-
1749 2404 1840 2439 Par·

224 2528 244 2566 1
270 2526 390 2579 ignis
413 2521 468 2567 B'
529 2531 551 2569 7
576 2532 767 2572 erimina
789 2531 1082 2585 dampnatam
1104 2528 1159 2573 B'
1219 2535 1245 2574 8
1275 2547 1462 2575 carcere
1486 2535 1591 2576 EF:
1625 2547 1724 2575 car-

109 2594 256 2641 cerem
279 2583 321 2623 B
340 2580 360 2637 Ι]
380 2588 570 2636 recepta
592 2585 615 2625 b
677 2589 728 2627 10
751 2589 1051 2640 strangilauit
1071 2590 1114 2629 B
1176 2592 1224 2630 11
1248 2591 1420 2631 inferre
1443 2584 1499 2630 B'
1559 2592 1612 2631 14
1635 2603 1724 2643 quo

106 2641 200 2679 tam
223 2639 290 2679 B:
323 2640 441 2692 quod
471 2645 565 2681 tam
596 2641 619 2681 b
706 2645 756 2682 21
797 2645 1040 2695 genitricis
1063 2655 1090 2689 ς
1175 2647 1229 2685 22
1267 2648 1400 2686 malim
1429 2648 1722 2688 inuisitatum

110 2695 165 2734 24
195 2700 380 2748 putaret
411 2696 433 2736 b
502 2699 555 2738 25
586 2697 778 2738 lexisset
798 2692 854 2738 B'
914 2702 967 2740 27
989 2698 1155 2755 Perus]
1183 2702 1275 2741 rius
1298 2702 1353 2749 B,
1376 2716 1485 2756 pero
1508 2704 1531 2744 b
1553 2717 1586 2745 s.
1612 2707 1643 2744 l.
1665 2718 1725 2745 ex·

107 2751 149 2790 P
212 2752 272 2847 218
295 2751 493 2848 Igycona
524 2754 784 2796 Munelcerus
815 2754 895 2806 (ad
924 2757 1087 2809 Hygini
1112 2758 1203 2808 fab.
1235 2758 1367 2811 25⁶0.-
1402 2760 1583 2802 cimona
1613 2760 1654 2801 B
1699 2760 1717 2814 Η

110 2818 236 2848 cons1
261 2822 275 2847 1

218 2866 269 2904 31
293 2864 411 2906 Pero
431 2866 526 2906 Bet
538 2879 652 2909 corr.
684 2868 740 2907 V.-
761 2868 881 2908 Nero
909 2861 963 2907 V'
1020 2870 1211 2911 fratrem
1229 2872 1447 2912 maiorem
1466 2875 1520 2913 V:
1543 2878 1721 2925 patrem

106 2915 344 2969 Myconem
369 2922 532 2974 Kempf
