1936 3120
51 18 57 22 ⁶
85 0 100 7 ··
122 0 263 22 .:.·2¹»=?·,v*··c'
277 0 340 26 tasin,
353 0 401 18 ‹rt-2
479 2 519 21 ’,η-,Α
534 15 537 19 ,
562 7 566 11 ‹
602 7 603 10 ,
635 11 638 14 .
673 8 675 11 -
692 15 693 19 ,
722 1 725 3 >
752 4 759 15 v,
773 4 815 16 ,,,.
870 3 871 6 =
932 4 935 10 ι
1000 10 1002 15 ,
1017 6 1043 21 ῳ
1098 10 1099 15 ,

0 0 84 60 Γ
156 29 157 34 ¹
259 25 261 27 '
403 20 480 47 '‘bs‘'
511 20 572 40 ·‹*·'·
612 19 628 30 ’χ
652 19 726 43 ὲχ’“’
840 28 863 56 '¹
919 50 922 57 ,
978 54 981 63 y
1027 42 1032 49 Δ
1118 24 1139 39 ἰ
1164 36 1175 45 ‹
1223 31 1244 45 )*
1288 35 1293 42 v

1195 77 1198 84 .

1298 74 1319 79 ,,
1347 68 1358 71 ..
1390 66 1397 90 ς
1417 64 1471 88 {¹¹52
1486 67 1519 92 '³³4⁴
1536 87 1557 90 Ι.
1602 65 1665 87 ..3¹3
1694 68 1732 90 35
1751 76 1755 78 .

1346 90 1386 97 ·
1415 93 1490 115 svs
1525 89 1561 119 ’ψ
1574 95 1589 112 <a
1721 91 1727 98 ‘¹
1743 85 1761 101 ⁴*

1472 119 1478 124 ,
1512 134 1515 138 .
1567 124 1574 133 ,
1614 124 1617 125 γ

206 151 312 206 504
335 181 339 186 «
385 151 387 154 ’
729 156 1021 203 ΝΕΡΟΤΙΑΝΙ
1044 156 1287 204 ΕΡΙΤΟΜΑ

30 235 203 332 vagi&
315 273 384 316 17.
424 271 488 315 Ne
517 284 604 330 qua
630 283 757 315 mora
785 270 987 316 consiliis
1014 270 1208 332 puhlicis
1236 275 1379 320 esset,
1407 275 1532 316 certo
1558 269 1659 316 loco
1686 277 1809 318 extra

124 350 128 351 ’
206 343 374 387 curiam
414 347 596 386 senatus
635 340 842 391 sedebat,
881 342 959 401 qui
995 339 1125 386 locus
1162 340 1294 386 hodie
1335 339 1595 387 senaculum
1621 340 1807 388 dicitur:

206 412 308 456 inde
337 411 560 456 citabatur
587 411 631 455 in
659 412 842 461 curiam,
870 422 962 456 non
988 417 1040 456 ut
1064 425 1186 456 nunc
1212 410 1461 471 cogebatur
1488 410 1662 458 edictis.

89 489 130 536 2,
157 489 182 528 9
311 483 379 526 18.
418 481 583 527 Remus
611 488 655 526 et
680 481 896 527 Romulus
934 481 1016 527 sub
1052 488 1205 527 monte
1229 481 1434 527 Palatino
1467 482 1695 542 permissu
1718 482 1807 527 Nu·

204 551 382 597 mitoris
410 553 482 597 aui
502 552 667 597 Romae
690 552 976 598 fundamenta
1004 555 1208 598 iecerunt
1233 566 1380 612 eoque
1406 550 1506 598 loco
1534 553 1674 599 sacris
1702 565 1808 613 ope·
1829 559 1852 592 5

204 623 289 668 rati
318 628 436 668 sunt.
492 629 586 668 tum
612 622 810 683 largiore
836 623 942 668 uino
971 623 1042 668 usi
1069 623 1308 683 indutique
1335 637 1570 683 caprarum
1595 622 1808 683 pellibus,

205 707 317 753 quas
344 693 712 744 immolauerant,
751 694 954 739 iocantes
982 707 1083 738 cum
1111 692 1373 753 pastoribus
1401 694 1446 737 in
1474 692 1636 739 obuios
1662 695 1807 740 irrue-

203 770 324 808 runt.
375 777 608 809 sacrorum
635 777 807 808 rnorem
835 764 911 808 diu
939 765 1118 824 equites
1144 763 1267 808 Rom.
1296 777 1552 808 exercuere.

87 841 132 892 2,
155 841 180 880 9
311 835 375 879 19.
416 833 464 890 Q.
497 833 661 880 Fabius
687 827 896 879 institnit>
920 841 970 879 ut
996 835 1174 894 equites
1202 833 1349 879 idibus
1374 833 1498 879 Iuliis
1527 833 1716 880 trabeati
1741 834 1807 878 in—

202 904 426 950 cederent.
1580 907 1586 912 '
1827 913 1873 945 10

87 983 129 1035 2,
153 983 178 1022 9
305 978 373 1021 20.
414 975 522 1021 Cum
558 975 604 1019 P.
643 976 801 1020 Decius
838 976 1018 1021 comitia
1056 978 1101 1020 in
1138 974 1266 1035 uulgi
1303 981 1531 1035 potestate
1565 975 1807 1036 posuisset,

202 1059 365 1092 censor
390 1045 557 1091 Fabius
598 1046 825 1091 sorensem
864 1046 1042 1092 turbam
1068 1047 1112 1090 in
1145 1052 1340 1105 quatuor
1366 1045 1545 1092 ordines
1572 1045 1809 1106 descripsit

201 1116 487 1176 urbanasque
515 1116 660 1162 tribus
687 1116 945 1177 appellauit..
1009 1117 1094 1162 hoc
1118 1116 1298 1165 Maximi,
1330 1122 1680 1177 cognomentum
1716 1129 1808 1161 me—

205 1188 311 1238 ruit,
340 1189 546 1247 quamuis
573 1187 694 1233 bello
724 1187 871 1232 clarus
899 1193 1033 1232 esset.

87 1266 128 1316 3,
155 1266 177 1305 1
313 1260 380 1303 21.
423 1257 594 1318 Sponte
622 1272 670 1303 se
697 1260 912 1303 iuuentus
941 1258 1048 1303 olim
1085 1257 1272 1302 militiae
1310 1256 1551 1308 offerebat,
1591 1271 1648 1302 ne
1683 1258 1806 1303 censi
1828 1263 1872 1297 15

205 1329 353 1388 capite
379 1329 630 1375 militarent
669 1343 719 1374 ac
754 1328 1012 1389 periculose
1049 1329 1104 1372 iis
1143 1328 1539 1372 committerentur
1574 1341 1695 1372 arma
1730 1328 1807 1387 qui

203 1399 373 1445 tributa
402 1413 496 1444 non
523 1399 786 1459 penderent.
839 1400 1011 1458 primus
1039 1398 1085 1443 G.
1115 1398 1277 1442 Marius
1306 1399 1451 1458 capite
1480 1411 1641 1443 censos
1667 1399 1713 1442 in
1739 1412 1807 1442 sa-

205 1476 483 1515 cramentum
511 1470 708 1529 rogauit.

87 1550 129 1599 3,
153 1549 178 1588 2
308 1543 375 1584 22.
417 1540 512 1585 Fisi
552 1541 724 1584 uirtute
749 1540 934 1585 Romani
973 1540 1070 1584 sine
1097 1538 1287 1584 artificio
1315 1537 1601 1583 dimicabant.
1652 1539 1806 1597 itaque

199 1610 445 1656 P.·Rutilio
474 1617 519 1655 et
548 1610 627 1654 Gn.
655 1610 805 1655 Mallio
835 1624 983 1654 conss.
1012 1623 1035 1655 e
1061 1609 1167 1654 ludo
1197 1609 1468 1669 gladiatorio
1496 1608 1708 1653 doctores
1734 1621 1805 1653 ac·
1826 1615 1873 1648 2⁰

203 1681 366 1726 cersiti.
387 1687 508 1731 sunt,
538 1687 588 1726 ut
616 1680 783 1725 inferre
811 1681 930 1725 ictus
957 1694 1008 1725 ac
1035 1679 1259 1725 declinare
1287 1685 1608 1730 monstrarent,
1636 1677 1807 1723 adiuta-

205 1765 294 1812 que
323 1758 392 1797 est
419 1750 610 1797 artificio
639 1751 876 1796 fortitudo.

645 1886 749 1938 XI.
789 1886 887 1938 De
926 1884 1362 1955 spectaculis,

85 2001 127 2053 4,
151 2002 176 2040 2
310 1993 346 2036 1.
389 1990 575 2037 Messala
605 2003 768 2036 censor
794 1991 966 2050 primus
994 1990 1219 2035 theatrum
1246 1989 1411 2035 Rornae
1449 1988 1571 2034 fecit.
1621 1995 1805 2034 senatus

201 2062 404 2107 decreuit
430 2075 486 2106 ne
514 2062 724 2107 sedentes
751 2061 883 2106 ludos
911 2068 1195 2120 spectare-nt,
1236 2061 1333 2104 siue
1361 2059 1519 2104 urbani
1549 2060 1646 2104 siue
1675 2059 1752 2118 qui
1778 2072 1800 2102 a
1826 2064 1871 2096 25

201 2133 314 2177 soris
340 2132 462 2178 mille
488 2131 699 2192 passibus
726 2131 952 2181 abessent,
979 2145 1036 2176 ne
1065 2130 1284 2176 fortitudo
1311 2130 1616 2174 mollesceret.

84 2214 128 2264 4,
151 2215 176 2254 3
304 2206 344 2247 2.
382 2202 659 2247 indiscretus
687 2218 711 2247 a
738 2208 898 2246 senatu
925 2200 1121 2261 populus
1162 2214 1242 2260 per
1276 2214 1418 2245 annos
1443 2198 1603 2245 DLV111
1628 2199 1672 2244 in
1703 2212 1804 2259 spe-

201 2272 388 2318 ctaculis
416 2272 516 2318 fuit.
572 2272 736 2317 Atilius
764 2273 919 2332 itaque
947 2271 1168 2317 Serranus
1196 2276 1241 2315 et
1265 2269 1313 2315 L.
1343 2269 1608 2315 Scribonius
1635 2269 1803 2315 aediles

201 2357 300 2388 cum
326 2342 598 2403 Megalensia
627 2342 826 2393 ederent,
864 2342 1041 2387 senatui
1069 2341 1218 2387 locum
1246 2341 1491 2386 dederunt:
1531 2339 1652 2401 quod
1677 2340 1804 2400 prius

200 2413 347 2459 facere
406 2420 594 2460 conatus
642 2413 793 2473 Scipio
850 2419 942 2463 est,
1004 2412 1082 2457 sed
1135 2412 1354 2473 populum
1408 2411 1540 2457 laesit
1595 2411 1800 2457 nouitate
1823 2414 1869 2446 30

203 2486 451 2545 praecepti.

90 2567 135 2616 4,
156 2567 184 2606 4
312 2557 350 2600 3.
390 2555 575 2600 Praeter
610 2556 834 2600 circenses
870 2553 1126 2614 spectacula
1161 2553 1326 2598 Romae
1371 2551 1632 2612 aliquandiu
1680 2549 1802 2596 nulla

199 2632 341 2677 erant,
369 2626 448 2671 sed
473 2625 644 2686 populo
671 2623 934 2686 pestilentia
960 2623 1194 2670 laborante
1231 2624 1277 2668 in
1314 2622 1468 2668 laudes
1495 2622 1680 2667 deorum
1709 2634 1804 2666 car—

312 2738 337 2776 3
359 2732 481 2788 inde]
505 2734 630 2775 indie
655 2734 688 2774 C
754 2735 804 2774 12
826 2734 1058 2774 forensem
1079 2733 1259 2773 turbam
1283 2731 1402 2772 Mai:
1433 2731 1532 2772 fore
1544 2731 1803 2782 'sequentes

201 2792 244 2839 0,
268 2805 322 2832 an
344 2791 574 2832 forensem
594 2791 775 2831 faecem
798 2792 817 2830 ἰ)
897 2791 949 2830 15
970 2803 1026 2830 ne
1051 2789 1150 2830 ensi
1174 2789 1206 2829 C
1261 2790 1334 2828 -16
1356 2788 1414 2828 iis
1436 2801 1511 2829 om.
1540 2787 1574 2827 G
1637 2786 1688 2826 17
1709 2796 1801 2824 non

201 2847 298 2900 (uel.
322 2847 468 2899 nulla)
493 2849 592 2888 add.
619 2847 759 2887 Christ
816 2848 870 2887 20
899 2859 941 2898 p.
965 2845 1080 2886 rollo
1104 2849 1149 2886 et
1170 2858 1229 2898 gu
1249 2843 1406 2885 mallio
1431 2844 1464 2884 0
1533 2843 1587 2883 26
1608 2841 1719 2882 foris
1742 2839 1801 2880 0.-

199 2904 340 2958 portis
361 2904 642 2945 Kellerbauer
672 2905 725 2943 27
747 2902 906 2956 populi
927 2903 1005 2954 qui
1024 2914 1106 2954 per
1127 2901 1160 2941 Ο
1191 2901 1244 2942 28
1267 2899 1431 2941 aedilis
1456 2899 1489 2940 0
1518 2901 1572 2940 30
1589 2897 1801 2938 nouitate

198 2960 439 3014 praecepti
460 2974 560 3002 nos:
591 2960 842 3000 nouitatem
863 2958 1104 3011 praecepit
1123 2957 1156 2998 Ο
