1924 3152
128 2 139 12 Ρ
215 0 219 2 ”
257 0 346 22 aaz*
363 0 409 27 ³4⁸¹
424 0 555 27 :fra-¹353:
571 0 1015 29 -2⁷·‘=‘Ye⁴‘›12''⁷'31'!'553w>1¹'·
1063 4 1074 17 ‘f
1087 2 1116 19 ’.-·
1132 7 1142 19 v1
1157 8 1186 20 fi«.
1200 11 1202 13 >
1218 2 1254 15 >f-
1279 14 1303 35 ‘A

295 28 299 30 v
424 22 486 29 ·>‡
573 22 616 35 mx.-
820 21 838 26 Ἀ
900 19 993 37 ·„-*‹
1068 26 1073 33 .
1122 24 1135 31 a
1173 19 1196 32 τι
1290 18 1295 22 “

236 138 342 191 228
945 143 1045 188 LIB.
1083 142 1134 190 V.

238 250 565 302 Volscorum
602 249 848 302 exercitu
879 248 1046 301 funus
1084 268 1149 302 ac
1188 250 1445 303 tenebras
1469 250 1718 306 Romano
1749 249 1847 304 'mi-

278 321 387 373 erio
417 321 718 371 minantem
743 319 976 372 Veturia
1000 327 1177 372 mater
1202 328 1256 373 et
1276 319 1572 374 Volumnia
1595 325 1737 376 uxor
1758 341 1850 375 ne-
1888 382 1891 384 ,

264 390 441 442 arium
482 408 617 460 opus
656 390 853 461 exequi
890 389 1149 460 precibus
1183 392 1297 443 suis
1332 410 1531 462 passae
1563 410 1673 446 non
1708 399 1850 445 sunt.

239 461 298 511 in
347 479 579 530 quarum
623 459 886 514 honorem
928 468 1147 514 senatus
1191 469 1565 514 matronarum
1608 461 1851 515 o‘rdinem

197 547 218 579 5
240 530 646 600 benignissimis
684 530 917 584 decretis
954 531 1257 584 adornauit.
1321 532 1507 584 sanxit
1528 550 1764 604 namque
1787 541 1851 585 ut

238 601 455 653 feminis
496 602 689 654 semita
722 602 831 654 uiri
866 601 1119 654 cederent
1130 643 1144 669 ,
1182 603 1467 655 confessus
1505 601 1629 672 plus
1657 602 1847 655 salutis

236 673 317 723 rei
341 670 593 742 publicae
617 673 677 724 in
702 671 844 726 stola
870 691 1033 743 quam
1058 673 1116 724 in
1151 673 1314 724 armis
1353 672 1523 725 fuisse
1539 712 1554 738 ,
1590 674 1848 727 uetustis-

237 760 341 811 que
373 742 587 794 aurium
610 742 919 811 insignibus
946 760 1148 794 nouum
1182 744 1354 795 uittae
1381 742 1677 795 discrimen
1702 742 1847 795 adie-

237 812 328 864 cit.
389 813 639 882 permisit
675 831 890 883 quoque
926 813 1003 864 eis
1052 831 1328 882 purpurea
1370 820 1525 865 ueste
1569 820 1624 865 et
1669 813 1846 865 aureis

174 898 214 929 10
237 883 321 934 uti
346 883 658 952 segmentis⁸
726 902 891 952 super
915 881 1050 934 haec
1077 883 1269 935 aedem
1306 890 1359 935 et
1397 901 1549 935 aram
1572 883 1851 935 Fortunae

233 952 486 1006 muliebri
530 971 592 1006 eo
638 952 785 1019 loco,
839 971 944 1023 quo
983 951 1304 1006 Coriolanus
1351 960 1608 1006 exoratus
1647 953 1846 1019 fuerat,

231 1023 541 1075 faciendam
570 1024 800 1089 curauit,
827 1042 1121 1075 memorem
1146 1023 1399 1076 beneficii
1424 1023 1664 1075 animum
1690 1042 1851 1078 suum

233 1094 511 1164 exquisito
558 1092 839 1162 religionis
886 1093 1035 1144 cultu
1079 1093 1351 1146 testandO.
1417 1112 1579 1164 quem
1623 1093 1848 1146 secundi

235 1165 402 1216 etiam
437 1164 632 1216 Punici
678 1163 808 1217 belli
856 1173 1099 1234 tempore
1144 1163 1413 1216 exhibuit.
1478 1182 1600 1215 cum
1634 1163 1780 1216 enim
1816 1182 1848 1215 a

168 1248 209 1280 15
234 1232 428 1287 Fuluio
457 1232 536 1286 Ca
576 1253 650 1286 ua
676 1233 1021 1287 obsideretur
1057 1252 1120 1285 ac
1156 1233 1298 1286 duae
1326 1233 1636 1303 Campanae
1661 1232 1846 1286 mulie-

231 1323 318 1357 res
346 1254 773 1357 beniuolentiam
801 1323 931 1373 erga
956 1304 1227 1356 Romanos
1257 1303 1528 1356 dimittere
1554 1322 1623 1355 ex
1649 1303 1845 1356 animis

233 1374 561 1439 noluissent,
602 1374 796 1426 Vestia
823 1373 1005 1444 Oppia
1050 1384 1224 1426 mater
1267 1373 1505 1425 familias
1550 1381 1605 1426 et
1650 1371 1847 1426 Cluuia

233 1443 442 1497 Facula
484 1444 774 1510 meretrix,
828 1462 1058 1514 quarum
1102 1443 1276 1496 altera
1311 1443 1508 1496 cotidie
1533 1462 1632 1514 pro
1671 1442 1845 1496 salute

233 1515 505 1567 exercitus
542 1515 716 1566 nostri
751 1514 1111 1580 sacrificauit,
1158 1512 1332 1565 altera
1369 1514 1543 1583 captis
1578 1512 1844 1566 militibus

168 1609 210 1640 20
231 1585 600 1637 Romanorum
620 1584 876 1636 alimenta
897 1584 1313 1636 subministrare
1333 1603 1442 1636 non
1462 1583 1689 1650 destitit,
1709 1584 1845 1637 urbe

227 1654 324 1707 illa
351 1673 614 1725 oppressa
650 1662 873 1706 senatus
911 1654 987 1706 eis
1017 1663 1070 1706 et
1095 1654 1408 1707 libertatem
1439 1662 1491 1706 et
1519 1654 1664 1707 bona
1691 1653 1847 1706 resti·

111 1827 204 1862 Par.
336 1816 431 1860 DE
465 1815 719 1861 GRATIS.
782 1818 822 1859 1.
859 1816 1070 1860 Veturiae
1097 1814 1229 1860 matri
1258 1814 1482 1860 Coriolani
1510 1822 1557 1859 et
1582 1814 1846 1860 Volumniae

227 1889 360 1932 uxori
398 1885 456 1931 ob
482 1886 779 1939 beneficium,
819 1886 940 1945 quod
966 1886 1019 1931 ab
1057 1882 1397 1945 oppugnatione
1431 1884 1603 1944 patriae
1638 1897 1846 1930 remoue-

230 1964 333 2001 rant
351 1955 654 2006 Coriolanum,
683 1964 868 2001 senatus
897 1957 1073 2001 censuit
1098 1962 1150 2000 ut
1184 1956 1342 2000 semita
1370 1955 1459 2000 uiri
1488 1955 1715 2004 cederent,
1742 1967 1843 2014 per-

165 2041 207 2073 25
229 2027 353 2071 misit
374 2040 558 2086 quoque
579 2028 643 2071 eis
663 2040 894 2086 purpurea
919 2033 1049 2071 ueste
1075 2033 1119 2070 et
1145 2026 1295 2070 aureis
1311 2027 1389 2070 uti
1410 2025 1679 2084 segmentis:
1707 2037 1845 2083 super

229 2098 341 2142 haec
366 2110 488 2140 aram
515 2097 744 2141 Fortunae
771 2096 982 2140 muliebri
1009 2109 1062 2140 eo
1090 2095 1215 2144 loco,
1255 2109 1344 2153 quo
1371 2094 1636 2139 Coriolanus
1663 2106 1842 2138 exora-

0 2177 34 2229 ]
229 2171 307 2211 tus
333 2167 492 2217 fuerat,
520 2165 764 2211 faciendam
793 2167 984 2211 curauit.
1018 2190 1074 2197 —
1117 2164 1224 2209 Cum
1252 2179 1274 2210 a
1302 2163 1463 2209 Fuluio
1491 2163 1638 2223 Capua
1666 2163 1843 2209 obside-

0 2230 9 2270 ?
231 2243 383 2286 retur,
426 2251 478 2282 ac
513 2236 626 2281 (luae
654 2237 902 2296 Campanae
935 2234 1150 2281 mulieres
1186 2236 1230 2278 in
1267 2233 1353 2279 fide
1380 2234 1684 2280 Romanorum
1721 2248 1842 2279 man-

230 2309 412 2356 sissent,
440 2307 597 2352 Vescia
624 2307 766 2366 Oppia
792 2313 935 2351 mater
962 2305 1154 2350 familias
1181 2311 1227 2369 et
1242 2304 1399 2350 Cluuia
1425 2303 1589 2350 Facula
1613 2306 1841 2353 meretrix,

159 2392 202 2424 30
229 2392 419 2437 quarum
448 2377 588 2423 altera
613 2391 697 2437 pro
727 2366 874 2422 salute
898 2376 1086 2421 Romani
1114 2375 1337 2421 exercitus
1364 2375 1530 2421 cotidie
1556 2374 1842 2424 sacrificauit,

228 2449 370 2493 altera
396 2448 542 2507 captis
569 2447 790 2492 militibus
809 2447 1113 2492 Romanorum
1142 2445 1353 2491 alimenta
1380 2445 1727 2491 subministrare
1752 2459 1843 2490 non

340 2601 368 2638 4
394 2600 566 2640 honore
598 2599 639 2638 B
725 2601 750 2640 8
782 2611 941 2638 aurum
964 2599 1063 2638 add.
1088 2598 1103 2637 i
1125 2599 1217 2637 ead.
1241 2611 1292 2636 m.
1317 2597 1377 2644 B,
1411 2596 1640 2636 inaurium
1660 2596 1783 2648 Piylz.
1817 2593 1836 2645 ΙΙ

227 2656 356 2696 uitae
378 2656 420 2695 B
488 2657 513 2696 9
535 2655 607 2695 his
629 2655 671 2695 B
732 2657 784 2695 10
808 2654 968 2694 eadem
989 2654 1031 2694 B
1100 2657 1149 2693 ll
1173 2653 1447 2693 muliebriae
1469 2653 1571 2693 loco
1593 2652 1635 2692 B
1695 2653 1746 2690 12
1768 2651 1838 2690 fa-

229 2710 366 2751 ciend
389 2709 450 2763 (in
466 2713 554 2762 fine
576 2708 744 2763 uersus)
767 2711 809 2750 B
871 2712 922 2751 15
947 2723 1199 2763 campanae
1222 2710 1264 2750 B
1286 2711 1328 2748 in
1349 2723 1444 2750 ras.
1505 2710 1556 2748 17
1583 2706 1840 2747 uoluissent

226 2767 269 2808 B
297 2764 317 2822 [l
344 2768 503 2807 nescia
535 2769 674 2819 oppia
704 2768 744 2806 P
763 2773 806 2807 et
825 2767 867 2806 B
895 2769 938 2807 in
960 2780 1047 2806 ras.
1070 2768 1249 2813 maiore,
1282 2765 1483 2817 uestigia
1513 2762 1681 2816 oppida
1709 2764 1812 2803 dett.
1826 2778 1839 2804 .·

224 2824 281 2874 cf.
313 2824 411 2866 Liu.
443 2825 512 2870 26,
545 2826 619 2871 33,
652 2828 676 2862 7
704 2820 723 2876 ΙΙ
749 2823 956 2863 familias
984 2824 1043 2871 P,
1075 2824 1171 2862 item
1199 2822 1241 2862 B
1269 2835 1382 2862 corr.
1412 2834 1464 2862 m.
1495 2822 1520 2859 1
1547 2833 1605 2860 ex
1631 2818 1838 2859 familiae

227 2882 278 2921 18
303 2879 517 2920 Faucula
538 2880 686 2919 Liuius
708 2882 734 2921 I.
757 2893 814 2927 c.,
847 2879 1025 2919 Pacula
1054 2879 1128 2918 le.
1152 2878 1382 2919 Mommsen
1440 2878 1492 2916 21
1515 2875 1587 2915 his
1608 2875 1650 2915 B
1827 2922 1838 2938 t

341 2937 395 2975 26
413 2938 628 2976 exoratus
655 2937 807 2975 addidi
848 2937 900 2975 28
927 2935 1059 2975 fidem
1086 2935 1127 2974 V
1176 2936 1228 2974 29
1241 2933 1419 2973 Facula
1444 2932 1487 2972 V
1507 2945 1597 2985 my:
1619 2931 1754 2984 oppia
1779 2932 1822 2971 V
