1924 3152
713 125 830 171 CAP.
858 102 929 176 ΠΙ,
969 126 998 185 g
1025 95 1196 171 6410.
1352 175 1365 183 ,
1664 122 1770 174 343

137 232 359 286 honoris
386 240 676 304 praetexto
715 232 1056 302 alienigenae
1090 233 1371 303 religionis
1410 234 1768 287 obscuratum

138 303 451 374 insignibus
478 323 577 375 per
602 304 798 357 urbem
824 305 986 356 iussit
1011 305 1292 357 incedere!
1340 325 1369 358 o
1396 305 1559 357 nimis
1589 314 1684 358 aut
1711 305 1768 357 hi

140 394 273 428 suae
298 375 447 427 uitae
475 383 569 427 aut
594 373 674 426 illi
701 375 912 427 alienae
940 376 1133 428 mortis
1162 376 1367 446 cupidi,
1397 377 1489 447 qui
1517 376 1651 429 talia
1676 375 1766 429 uel

138 446 247 518 ipsi
273 447 653 498 sustinuerunt
678 445 767 498 uel
794 445 929 498 alios
957 446 1171 516 perpeti
1200 449 1524 516 coegerunt!

245 517 299 569 9.
337 515 635 587 Aliquanto
658 517 959 587 speciosius
982 516 1157 569 Sentii
1179 516 1459 569 Saturnini
1473 517 1764 570 Vetulonis
1789 536 1811 568 5

138 588 198 639 in
224 586 416 640 eodem
451 605 652 656 genere
690 606 849 640 casus
877 586 1103 640 ultimae
1132 589 1291 640 sortis
1319 587 1607 641 auxilium.
1673 589 1769 660 qui

138 672 264 710 cum
291 677 323 709 a
349 657 658 710 triumuiris
685 659 830 711 inter
854 659 1193 729 proscriptos
1231 678 1432 713 nomen
1460 679 1618 711 suum
1643 678 1767 730 pro-

137 729 382 799 positum
408 729 672 796 audisset,
702 731 959 783 continuo
988 739 1280 800 praeturae
1301 731 1542 800 insignia
1562 730 1768 783 inuasit

137 799 707 870 praecedentibusque
742 802 799 852 in
834 800 1057 852 modum
1100 799 1355 853 lictorum
1400 811 1453 854 et
1489 802 1766 872 apparito-

138 889 259 922 rum
310 879 364 923 et
409 868 693 924 seruorum
742 871 1091 942 publicorum
1145 872 1459 925 subornatis
1511 870 1766 924 uehicula
1789 890 1830 922 ιο

139 940 563 1012 conprehendit,
610 942 846 1013 hospitia
881 943 1195 1013 occupauit,
1237 943 1431 996 obuios
1470 943 1767 996 summouit

140 1030 204 1064 ac
241 1021 354 1065 tam
391 1013 586 1065 audaci
625 1014 982 1084 usurpatione
1020 1014 1238 1083 imperii
1274 1015 1332 1065 in
1366 1016 1608 1066 maxima
1642 1013 1766 1066 luce

139 1083 495 1136 densissimas
522 1083 815 1137 hostilibus
845 1084 1018 1137 oculis
1057 1085 1312 1137 tenebras
1330 1085 1565 1138 -offudit.
1617 1083 1764 1136 idem

137 1162 199 1206 ut
225 1153 482 1207 Puteolos
509 1156 690 1222 uenit,
729 1154 955 1225 perinde
991 1174 1055 1207 ac
1080 1155 1363 1226 publicum
1402 1155 1767 1208 ministerium

138 1242 308 1293 agens
338 1243 548 1291 summa
576 1245 699 1277 cum
724 1226 948 1279 licentia
985 1227 1250 1296 correptis
1279 1227 1516 1279 nauibus
1545 1227 1602 1278 in
1631 1225 1763 1279 Sici·
1788 1242 1830 1275 15

136 1294 293 1363 liam,
345 1296 711 1349 certissimum
761 1305 892 1349 tunc
941 1298 1377 1368 proscriptorum
1428 1297 1762 1367 perfugium,

136 1367 468 1437 penetrauit.

250 1438 333 1491 10.
372 1437 476 1489 His
509 1457 618 1491 uno
657 1438 872 1491 adiecto
919 1437 1140 1490 leuioris
1187 1446 1348 1491 notae
1393 1437 1644 1508 exemplo
1693 1437 1765 1490 ad

138 1516 366 1561 externa
400 1518 664 1561 reuertar.
742 1510 1148 1562 amantissimus
1198 1508 1422 1579 quidam
1466 1509 1592 1576 filii,
1641 1528 1765 1561 cum

139 1597 264 1630 eum
299 1580 635 1631 inconcessis
675 1598 737 1631 ac
762 1579 1085 1650 periculosis
1122 1580 1338 1632 facibus
1377 1599 1667 1632 accensum
1693 1580 1762 1632 ab
1787 1597 1831 1628 20

140 1650 336 1700 insana
361 1649 661 1718 cupiditate
689 1660 845 1719 pater
879 1650 1126 1703 inhibere
1153 1650 1350 1716 uellet,
1391 1650 1600 1703 salubri
1640 1669 1762 1703 con-

138 1718 263 1772 silio
298 1719 534 1790 patriam
570 1719 972 1789 indulgentiam
1010 1721 1355 1790 temperauit.
1423 1722 1582 1791 petiit
1618 1721 1764 1772 enim

142 1860 243 1898 tens
271 1866 325 1898 eo
354 1853 557 1899 fallaciae
584 1867 754 1913 genere
781 1855 826 1898 in
855 1853 909 1898 Μ.
937 1853 1063 1898 Bruti
1092 1860 1240 1898 castra
1269 1854 1495 1912 peruenit.
1572 1855 1611 1897 9.
1653 1853 1763 1898 Sen-
1786 1861 1882 1895 Par.

142 1925 233 1969 tius
273 1923 547 1969 Saturninus
592 1924 754 1969 Vetulo
800 1920 1125 1970 a‘triumuiris
1167 1925 1457 1984 proscriptus
1502 1929 1763 1983 praeturam

139 1994 412 2045 ementitus,
448 1994 829 2055 praecedentibus
867 1996 1016 2040 seruis
1053 1995 1097 2039 in
1136 1994 1319 2039 modum
1347 1995 1559 2039 lictorum
1587 1993 1764 2054 adpari·
1787 2003 1830 2036 25

140 2073 398 2126 torumque,
428 2065 636 2111 uehicula
663 2066 1009 2126 conprehendit,
1039 2066 1237 2125 hospitia
1266 2065 1526 2125 occupauit.
1573 2065 1690 2110 idem
1712 2071 1764 2109 ut

138 2135 358 2182 Puteolos
394 2139 544 2187 uenit,
583 2136 770 2196 perinde
805 2151 856 2182 ac
891 2137 1123 2197 publicum
1162 2136 1471 2181 ministerium
1494 2149 1636 2196 agens
1663 2149 1763 2180 cor-

138 2209 284 2268 reptis
311 2207 508 2266 nauigiis
536 2209 581 2252 in
607 2207 804 2253 Siciliain
837 2207 1028 2253 traiecit.
1092 2210 1160 2251 10.
1200 2208 1551 2252 Amantissimus
1579 2206 1760 2266 quidam

138 2277 333 2324 filicum
361 2292 463 2323 eum
502 2278 556 2323 ab
584 2293 738 2323 amore
769 2278 907 2324 uellet
941 2292 1182 2328 reuocare,
1219 2280 1335 2338 petit
1373 2285 1423 2323 ut
1460 2279 1589 2338 prius
1627 2291 1761 2338 quam

139 2348 194 2393 ad
231 2362 330 2394 eam
366 2363 499 2408 quam
537 2348 755 2407 diligebat
794 2349 905 2399 iret,
946 2348 1215 2409 peruulgari
1251 2356 1296 2394 et
1333 2350 1555 2408 permissa
1593 2361 1761 2393 uenere
1785 2356 1827 2388 30

259 2486 280 2523 1
303 2485 508 2537 regionis
531 2485 555 2524 b
635 2487 659 2524 2
693 2498 717 2525 o
739 2486 875 2525 nimis
899 2487 1039 2535 Periz.
1066 2499 1087 2525 e
1109 2487 1255 2525 codiee
1279 2485 1467 2525 Sehotti:
1500 2486 1646 2524 omnis
1669 2485 1760 2531 BC,

140 2553 298 2582 omnes
320 2541 343 2580 b
404 2542 428 2580 5
453 2541 593 2581 sentii
613 2541 655 2580 B
677 2543 719 2581 in
740 2555 828 2584 ras.
851 2544 1035 2582 maiore:
1067 2541 1315 2581 sententiis
1338 2543 1440 2581 dect.
1503 2543 1528 2580 6
1549 2541 1685 2580 fortis
1707 2535 1764 2580 B'

140 2599 167 2638 8
189 2598 389 2650 positum
413 2597 436 2637 b
497 2599 521 2638 9
546 2610 708 2650 appar.
733 2602 779 2638 et
800 2611 834 2637 s.
860 2611 901 2650 p.
925 2598 1192 2638 subornatis
1214 2599 1340 2637 codd.
1362 2599 1583 2651 plerique:
1617 2610 1764 2649 appa-

140 2657 333 2694 ritorum
357 2654 641 2706 publicorum
664 2654 861 2694 seruisB
883 2656 925 2694 in
947 2668 1022 2694 ras
1043 2656 1138 2693 mai.
1163 2655 1294 2699 eaeP‚·
1312 2655 1421 2706 fort.
1446 2653 1763 2706 apparitorum

140 2711 430 2764 publicorum
452 2711 602 2751 seruis
626 2712 802 2751 ornatis
884 2713 935 2751 13
977 2710 1140 2751 effudit
1162 2710 1215 2757 B,
1241 2724 1315 2750 em.
1338 2712 1381 2750 in
1404 2712 1501 2751 edd.
1523 2716 1647 2770 neit.s
1711 2711 1762 2751 15

140 2768 345 2820 nauigiis
368 2768 409 2807 P
466 2770 517 2808 19
556 2772 766 2808 reuertar
785 2767 851 2807 B:
883 2767 1100 2807 deuertar
1126 2767 1256 2808 Torr.
1280 2780 1303 2807 e
1324 2768 1419 2808 cod.
1445 2768 1567 2807 Leid.
1591 2766 1630 2814 I,
1657 2779 1764 2806 con—

140 2828 357 2870 uertanu.
381 2827 407 2865 Ι.
431 2826 471 2864 in
493 2837 572 2875 my.
592 2824 633 2863 B
694 2826 745 2863 21
769 2828 903 2877 pater
923 2826 965 2863 in
987 2823 1028 2863 B
1047 2830 1309 2876 punctatum,
1332 2830 1437 2864 atu.
1461 2824 1670 2864 Foertsclz
1691 2823 1762 2870 II,

145 2881 202 2920 32
275 2882 330 2920 22
352 2883 472 2934 petit
501 2876 555 2920 B'
587 2882 628 2920 P

256 2939 310 2978 25
334 2938 660 2992 apparitorque
690 2938 735 2976 V
749 2950 863 2978 corr.

1573 3008 1607 3017 x
