1936 3120
293 86 400 137 414
980 94 1080 138 LIB.
1118 95 1223 141 vul.

401 200 447 253 3.
490 201 556 265 Q.
595 208 776 251 autem
811 200 1016 253 Fabius
1055 200 1329 254 Maximus
1366 203 1577 256 duobus
1616 213 1670 258 et
1701 221 1780 258 LX
1815 226 1907 260 an-

293 270 377 321 nis
406 278 704 338 auguratus
733 271 1098 323 sacerdotium
1126 272 1403 341 sustinuit,
1431 273 1660 327 robusta
1684 277 1795 328 iam
1822 296 1907 331 ae-

295 348 409 392 tate
445 339 503 391 id
540 339 793 410 adeptus,
870 344 1010 410 quae
1044 350 1274 412 utraque
1309 350 1559 414 tempora
1585 346 1633 396 si
1658 347 1714 398 in
1740 364 1907 399 unum

292 410 660 476 conferantur,
689 410 850 462 facile
878 409 1081 463 saeculi
1106 412 1325 465 modum
1353 414 1711 483 expleuerint.

249 497 269 528 5
397 479 449 532 4.
488 481 604 532 Iam
634 481 701 533 de
719 481 793 534 M.
819 482 1104 551 Perpenna
1124 483 1254 553 quid
1275 482 1482 554 loquar,
1510 485 1604 555 qui
1632 486 1904 554 omnibUS,

292 569 428 620 quos
470 550 527 602 in
572 560 824 603 senatum
869 552 1057 604 consul
1102 562 1400 606 uocauerat
1417 594 1432 621 ‚
1479 573 1543 606 su
1585 565 1757 609 erstes
1798 558 1906 610 fuit

290 629 607 692 septemque
633 621 1032 689 tantummodo,
1061 641 1196 693 quos
1225 642 1430 690 censor,
1459 624 1541 677 eol
1565 644 1667 694 ega
1690 626 1752 682 L.
1779 627 1903 679 Phi-

287 689 456 760 lippi,
495 690 729 761 legerat,
771 710 799 744 e
827 693 1074 763 patribus
1113 694 1435 764 conscriptis
1470 694 1705 766 reliquos
1742 697 1902 765 uidit,

288 768 404 813 toto
432 762 620 814 ordine
647 762 981 831 amplissimo
1011 763 1336 816 diuturnior.

224 848 265 878 ιο
395 831 445 884 5.
486 832 635 902 Appi
660 850 791 884 uero
819 851 1015 885 aeuum
1037 833 1190 886 clade
1207 835 1446 901 metirer,
1475 835 1604 906 quia
1628 835 1903 888 infinitum

285 919 571 954 numerum
615 921 882 955 annorum
928 903 1150 956 orbatus
1195 903 1491 957 luminibus
1538 906 1747 974 exegit,
1795 908 1904 959 nisi

286 981 547 1041 quattuor
589 973 752 1039 filios,
799 976 1036 1044 quinque
1080 973 1248 1041 filias,
1293 975 1557 1046 plurimas
1604 975 1901 1044 clientelaS‚

284 1059 401 1093 rem
429 1042 663 1113 denique
689 1043 964 1114 publicam
997 1043 1101 1098 hoc
1137 1063 1268 1097 casu
1302 1055 1566 1115 grauatus
1604 1045 1902 1100 fortissime

284 1114 537 1166 rexisset.
628 1114 721 1165 uin
748 1115 910 1166 etiam
938 1114 1115 1167 fessus
1141 1116 1252 1166 iam
1278 1116 1514 1168 uiuendo
1540 1115 1735 1169 lectica
1761 1136 1819 1168 se
1844 1118 1901 1169 in

221 1197 260 1229 15
285 1184 492 1235 curiam
522 1185 588 1236 de
618 1186 724 1236 erri
749 1185 927 1251 iussit,
954 1195 1016 1238 ut
1043 1204 1165 1237 cum
1183 1187 1357 1256 Pyrro
1385 1185 1686 1240 deformem
1710 1206 1900 1258 pacem

285 1253 403 1305 fieri
431 1254 763 1324 prohiberet.
814 1256 956 1306 hunc
983 1274 1203 1308 caecum
1230 1256 1428 1327 aliquis
1448 1257 1707 1324 nominet,
1737 1276 1769 1309 a
1794 1276 1898 1327 quo

284 1324 464 1394 patria
491 1326 633 1394 quod
660 1325 952 1378 honestum
993 1334 1109 1378 erat
1134 1345 1232 1396 per
1259 1345 1315 1378 se
1341 1345 1530 1396 parum
1559 1345 1782 1378 cernens
1811 1347 1896 1380 co-

284 1402 405 1446 acta
431 1403 514 1446 est
540 1395 867 1464 peruidere‘?

389 1464 437 1515 6.
478 1464 764 1517 Muliebris
792 1465 956 1517 etiam
982 1466 1129 1517 uitae
1156 1466 1393 1536 spatium
1431 1484 1539 1518 non
1575 1467 1753 1518 minus
1781 1466 1894 1520 lon-

217 1548 259 1580 20
282 1552 412 1603 gum
447 1535 503 1585 in
539 1535 893 1604 conpluribus
922 1537 1204 1605 apparuit,
1247 1554 1474 1606 quarum
1502 1536 1713 1606 aliquas
1741 1537 1894 1589 stric-

282 1604 382 1656 tim
408 1604 686 1657 rettulisse
712 1624 797 1657 me
825 1606 957 1657 satis
987 1606 1108 1658 erit.
1158 1625 1286 1658 nam
1313 1614 1366 1658 et
1390 1606 1554 1658 Liuia
1579 1606 1751 1658 Rutili
1777 1626 1895 1677 sep—

281 1674 475 1727 timum
503 1682 555 1726 et
579 1676 991 1745 nonagesimum
1019 1684 1073 1728 et
1094 1676 1353 1728 Terentia
1373 1675 1648 1730 Ciceronis
1675 1677 1895 1729 tertium

282 1753 335 1796 et
371 1747 730 1798 centesimum
771 1754 824 1798 et
852 1744 1045 1798 Clodia
1070 1746 1240 1798 Aufili
1278 1747 1588 1816 quindecim
1614 1746 1740 1799 filiis
1768 1757 1894 1800 ante

280 1816 496 1867 amissis
542 1818 788 1886 quintum
839 1817 1110 1869 decimum
1155 1826 1208 1870 et
1251 1817 1605 1870 centesimum
1655 1817 1895 1888 expleuit

209 1899 250 1931 25
280 1904 499 1937 annum.

153 2052 254 2086 Par.
279 2045 441 2090 Fabius
454 2047 668 2091 Maximus
697 2046 786 2091 duo
815 2053 859 2092 et
888 2049 1119 2107 sexaginta
1148 2061 1289 2092 annos
1316 2053 1564 2106 auguratus
1587 2046 1889 2091 sacerdotium

279 2117 511 2161 sustinuit.
587 2121 629 2161 4.
670 2116 724 2161 M.
752 2117 978 2176 Perperna
1006 2132 1058 2162 ex
1086 2117 1310 2167 omnihus,
1340 2130 1455 2176 quos
1482 2116 1526 2160 in
1555 2122 1761 2161 senatum
1783 2130 1889 2161 con-

281 2185 351 2230 sul
379 2193 650 2236 uocauerat‚
680 2192 855 2246 septem
882 2187 1221 2237 tantummodo,
1265 2200 1380 2246 quos
1407 2200 1572 2232 censor
1594 2186 1790 2245 legerat,
1818 2201 1888 2232 re-

275 2255 396 2300 lictis
424 2255 665 2301 defunctus
694 2262 777 2301 est.
852 2259 892 2300 6.
933 2256 1072 2302 Siluia
1098 2257 1235 2302 Rutili
1273 2258 1513 2316 septimum
1550 2264 1595 2302 et
1620 2269 1686 2302 xc
1722 2270 1887 2301 annum

212 2335 253 2367 30
278 2325 458 2375 habuit,
487 2327 695 2371 Terentia
723 2326 950 2372 Ciceronis
977 2327 1163 2372 tertium
1192 2334 1237 2372 et
1264 2328 1583 2378 centesimum,
1619 2325 1772 2372 Clodia
1797 2329 1899 2372 Au·-

276 2394 337 2440 fili
369 2397 625 2455 quindecim
652 2396 759 2442 filiis
788 2399 968 2442 amissis
1006 2398 1213 2457 quintum
1239 2397 1460 2442 decimum
1490 2397 1784 2442 centesimum
1811 2410 1886 2441 an-

274 2480 379 2510 num
409 2467 619 2527 expleuit.

388 2605 408 2642 1
442 2603 529 2644 duo
553 2607 599 2644 et
621 2604 701 2643 LX
723 2603 765 2642 B
788 2602 864 2654 (ex
883 2606 1103 2656 scriptura
1123 2604 1171 2644 II
1195 2606 1240 2644 et
1260 2603 1359 2652 LX)
1441 2605 1466 2643 5
1494 2615 1721 2656 perperna
1741 2602 1783 2640 P
1857 2603 1882 2642 6

274 2658 433 2698 consul
454 2663 709 2700 uocauerat
731 2661 772 2699 J.
794 2661 872 2700 Fr.
906 2660 1142 2701 Gronouius
1164 2666 1205 2700 et
1227 2660 1314 2699 Pb:
1348 2661 1688 2700 conuocauerat
1707 2657 1750 2696 B
1830 2659 1881 2697 10

274 2715 412 2766 appio
435 2715 492 2760 B,
518 2716 645 2768 appii
666 2716 690 2755 b
769 2717 820 2755 12
843 2716 883 2756 V
903 2715 1021 2756 filios
1043 2709 1098 2755 B'
1177 2717 1229 2755 21
1254 2719 1299 2755 et
1322 2715 1468 2756 Siluia
1489 2716 1530 2754 P
1606 2715 1658 2754 22
1680 2713 1880 2752 terentia

273 2770 326 2815 B,
348 2772 427 2810 sed
448 2772 575 2811 entia
596 2773 639 2811 in
659 2785 746 2812 ras.
821 2774 873 2812 23
897 2771 1023 2811 aulifi
1048 2772 1099 2821 B,
1124 2771 1220 2812 auli
1241 2770 1336 2811 filia
1358 2772 1447 2816 Pb,-
1473 2772 1580 2822 fort.
1605 2767 1725 2819 Ofili,
1748 2774 1793 2808 ut
1816 2775 1880 2809 est

272 2828 315 2865 in
337 2827 448 2866 Ptin.
473 2828 527 2867 N.
555 2828 614 2869 Η.
642 2831 676 2873 7,
701 2830 768 2872 48,
791 2828 814 2877 s
838 2829 922 2868 158

385 2885 439 2923 30
462 2882 626 2923 Clodia
649 2883 747 2923 auli
767 2883 862 2923 filia
891 2884 931 2923 V
