1924 3152
210 153 308 206 188
902 159 999 205 Llss.
1039 160 1124 205 1111.

208 266 365 331 sidet,
395 267 522 337 quia
544 265 846 318 dominium
864 285 1045 319 rerum
1066 266 1279 321 conlabi
1302 267 1456 336 Solet,
1477 269 1655 323 bonae
1673 289 1820 324 men-

205 338 274 388 tis
311 337 594 407 usurpatio
620 335 829 389 nullum
855 338 1114 391 tristioris
1141 339 1394 392 fortunae
1414 340 1613 410 recipit
1645 341 1820 394 incur·
1886 390 1891 395 .

206 426 342 458 sum.
417 407 603 477 itaque
639 426 899 478 quorsum
936 409 1132 462 attinet
1167 418 1258 462 aut
1294 409 1520 462 diuitias
1553 411 1610 462 in
1644 411 1822 481 prima

206 477 486 530 felicitatis
523 486 680 548 parte
717 487 810 531 aut
844 488 1224 550 paupertatem
1260 481 1316 532 in
1350 480 1541 533 ultimo
1577 482 1822 534 miseria-

162 571 182 602 5
204 567 325 600 rum
353 556 501 601 statu
526 567 745 619 ponere,
775 568 898 601 cum
926 558 978 602 et
1002 550 1219 603 illarum
1241 550 1391 603 frons
1419 550 1607 604 hilaris
1634 551 1818 604 multis

204 619 351 671 intus
396 619 853 673 amaritudinibus
893 621 964 673 sit
1001 622 1206 674 referta
1255 630 1308 673 et
1343 621 1503 675 huius
1546 621 1822 675 horridior

204 697 455 760 aspectus
493 689 683 743 solidis
722 697 774 743 et
810 692 972 744 certis
1009 691 1168 745 bonis
1205 691 1486 744 abundet?
1533 692 1678 762 quod
1713 711 1819 745 me-

202 759 307 813 lius
335 761 583 831 personis
611 779 772 831 quam
798 761 982 814 uerbis
1011 762 1530 832 repraesentabitur.

311 833 355 883 1.
405 831 578 899 Regio
614 832 845 902 imperio
887 842 1112 902 propter
1150 832 1377 884 nimiam
1413 832 1524 884 Tar
1562 833 1699 885 uinii
1736 851 1820 885 su-

140 926 180 955 10
202 902 452 972 perbiam
478 901 632 954 finito
661 902 975 954 consulatus
1011 902 1228 955 initium
1253 901 1509 973 Valerius
1582 902 1827 957 ublicola.

202 991 325 1024 cum
351 971 507 1024 Iunio
525 972 696 1024 Bruto
724 973 1038 1043 auspicatus
1066 982 1167 1026 est.
1218 973 1469 1044 idemque
1493 981 1685 1045 postea
1709 982 1818 1042 tr&

203 1042 515 1096 consul-atus
563 1044 970 1114 acceptissimos
1018 1043 1219 1115 populo
1263 1045 1508 1098 Romano
1552 1045 1725 1114 gessit
1768 1053 1820 1098 et

201 1112 557 1183 plurimorum
578 1132 641 1166 ac
661 1114 1028 1167 maximorum
1051 1133 1277 1185 operum
1295 1122 1578 1186 praetexto
1599 1115 1822 1167 titulum

200 1185 502 1252 imaginum
522 1203 741 1236 suarum
762 1184 1137 1255 amplificauit,
1166 1204 1290 1238 cum
1309 1186 1531 1238 interim
1553 1185 1818 1239 fastorum

136 1276 177 1308 15
202 1253 340 1306 illud
375 1254 622 1307 columen
647 1256 978 1324 patrimonio
1005 1274 1072 1308 ne
1107 1256 1178 1308 ad
1214 1257 1570 1327 exequiarum
1597 1257 1815 1327 quidem

199 1325 485 1394 inpensam
514 1325 822 1379 sufficiente
853 1326 1116 1393 decessit,
1156 1326 1387 1396 ideoque
1413 1325 1635 1396 publica
1659 1345 1818 1397 pecu-

198 1397 292 1447 nia
328 1396 525 1448 ductae
563 1403 705 1447 sunt.
765 1415 877 1449 non
913 1396 1122 1462 adtinet
1154 1395 1410 1449 ulteriore
1448 1397 1820 1467 disputatione

199 1466 339 1517 tanti
375 1466 480 1517 uiri
515 1474 898 1536 paupertatem
934 1467 1190 1519 scrutari:
1233 1466 1451 1520 abunde
1488 1467 1633 1520 enim
1667 1477 1820 1538 patet

200 1534 332 1606 quid
368 1537 528 1588 uiuus
556 1536 892 1606 possederit,
912 1538 1022 1593 ··cui
1046 1545 1256 1591 mortuo
1284 1537 1455 1590 lectus
1490 1537 1738 1590 funebris
1767 1546 1822 1590 et

135 1628 177 1659 20
199 1625 364 1676 rogus
394 1607 590 1660 defuit.
1445 1626 1450 1630 “

303 1677 353 1729 2.
421 1678 672 1743 Quantae
723 1679 1099 1748 amplitudinis
1148 1678 1462 1731 Menenium
1511 1678 1819 1749 Agrippam

198 1747 369 1799 fuisse
395 1749 753 1815 arbitremur,
792 1767 952 1819 quem
979 1757 1199 1802 senatus
1237 1757 1290 1802 et
1313 1747 1468 1819 plebs
1494 1748 1645 1819 pacis
1680 1749 1819 1802 inter

199 1837 256 1870 se
300 1817 586 1872 faciendae
631 1828 910 1873 auctorem
954 1819 1133 1890 legit.‘?-
1176 1827 1412 1891 quantae
1447 1818 1658 1872 scilicet
1699 1838 1823 1872 esse

201 1889 389 1942 debuit
413 1891 619 1943 arbiter
637 1890 890 1960 publicae
918 1891 1132 1944 salutis.
1170 1890 1260 1942 hic
1284 1891 1392 1943 nisi
1418 1908 1450 1942 a
1466 1889 1667 1962 populo
1694 1909 1818 1943 con·

133 1979 175 2010 25
196 1959 325 2011 latis
361 1960 417 2011 in
445 1961 625 2031 capita
652 1962 997 2014 sextantibus
1025 1961 1313 2013 funeratus
1341 1969 1487 2014 esset
1518 1992 1590 2000 -—
1623 1961 1702 2013 ita
1727 1979 1817 2030 pe·

198 2030 391 2082 cuniae
417 2031 574 2101 inops
597 2030 834 2083 decessit
852 2063 940 2097 —-,
970 2031 1282 2101 sepulturae
1302 2030 1507 2084 honore
1533 2030 1817 2083 caruisset.

196 2117 388 2151 uerum
432 2100 637 2153 idcirco
682 2102 993 2170 perniciosa
1037 2101 1303 2153 seditione
1349 2099 1578 2152 diuidua
1621 2100 1816 2152 ciuitas

166 2211 172 2214 ,
197 2169 449 2222 manibus
478 2171 760 2241 Agrippae
788 2171 845 2222 in
870 2190 1038 2223 unum
1065 2170 1315 2224 contrahi
1332 2169 1542 2238 uoluit,
1571 2171 1698 2240 quia
1724 2188 1814 2222 eas

196 2258 464 2310 pauperes
493 2240 730 2310 quidem,
761 2241 855 2294 sed
882 2249 1101 2294 sanctas
1130 2241 1613 2294 animaduerterat.
1661 2242 1815 2293 cuius

133 2331 174 2363 30
197 2319 258 2363 ut
286 2311 590 2381 superstitis
620 2329 706 2363 aes
730 2310 938 2364 nullum
963 2312 1093 2378 fuit,
1132 2311 1278 2383 quod
1304 2312 1362 2363 in
1387 2329 1608 2365 censum
1643 2310 1819 2364 defer—

196 2389 374 2448 retur,
410 2381 492 2434 ita
526 2381 753 2434 extincti
786 2381 1056 2453 hodieque
1093 2382 1493 2453 amplissimum
1530 2390 1614 2435 est
1648 2381 1815 2453 patri—

198 2452 437 2505 monium
462 2451 712 2505 Romana
738 2452 1048 2506 concordia.

80 2595 172 2630 Par.
309 2588 344 2630 1.
402 2584 491 2630 DE
532 2586 1000 2632 PAVPERTATE.
1075 2585 1280 2632 Valerius
1316 2584 1548 2646 Poplicola
1584 2598 1677 2650 cos.
1728 2591 1814 2628 tam

199 2656 386 2713 exiguae
407 2656 493 2701 suit
513 2656 757 2707 facultatis,
785 2664 837 2702 ut
863 2670 919 2702 ne
941 2656 1121 2716 quidem
1149 2657 1378 2716 exsequiis
1399 2655 1587 2702 relictus
1606 2660 1821 2714 sumptus-

132 2739 174 2771 35
200 2725 445 2771 sufficeret.
498 2731 539 2770 2.
576 2727 809 2773 Menenius
839 2728 1038 2788 Agrippa
1067 2726 1348 2773 sextantibus
1376 2740 1400 2770 a
1426 2725 1595 2786 populo
1623 2724 1820 2769 conlatisv

311 2849 364 2887 22
395 2848 441 2888 in
473 2860 521 2888 se
552 2849 594 2888 B
654 2851 708 2890 26
740 2850 941 2891 decessit
955 2825 1014 2890 *ut
1033 2849 1100 2896 B;
1132 2851 1356 2890 deleuimus
1377 2852 1427 2888 ut
1448 2853 1646 2889 correcta
1667 2847 1814 2888 uerbo-

195 2918 286 2944 rum
315 2906 584 2946 distinetione
615 2906 672 2956 ef.
693 2920 739 2958 p.
765 2909 864 2954 204,
888 2909 943 2946 29
1004 2907 1058 2947 30
1087 2918 1166 2946 aes
1195 2905 1432 2945 addidimus
1459 2900 1480 2958 Η
1509 2916 1644 2945 censo
1669 2903 1693 2943 b
1761 2905 1814 2950 31

193 2961 310 3001 itas*
325 2960 367 3000 B
388 2957 408 3014 Η
427 2960 656 3013 hodieque
673 2962 716 3001 B
737 2975 851 3003 corr.
876 2976 935 3003 ex
956 2961 1059 3003 odio
1082 2972 1224 3013 quae3
1257 2974 1311 3000 an
1333 2959 1467 3001 hodie
1492 2961 1701 3013 quoque?
