1924 3152
747 93 867 139 CAP.
894 94 943 145 v,
968 93 1000 152 g
1029 95 1168 138 1-4.
1671 86 1774 140 301

151 204 313 258 tueri.
375 205 485 274 qua
519 202 734 260 iustitia
769 207 919 255 mota
953 201 1136 254 contio
1172 200 1385 252 actione
1410 199 1775 253 Hortensium

152 274 417 327 desistere
452 273 658 343 coegit:
708 290 808 324 nec
847 292 872 324 *
910 290 967 324 se
1002 289 1063 324 eo
1099 270 1278 338 facto,
1327 270 1472 341 quod
1510 271 1774 342 sequitur,

155 344 420 398 exhibuit.

259 416 310 469 3.
351 414 491 468 Cum
517 413 606 466 Ti.
629 413 915 467 Gracchus
945 421 998 466 et
1025 411 1087 466 O.
1111 410 1375 464 Claudius
1406 412 1476 465 ob
1503 412 1665 464 nimis
1696 430 1774 465 se-

151 505 281 539 uere
306 491 523 554 gestam
549 502 837 537 censuram
862 484 1128 536 maiorem
1162 489 1377 553 partem
1414 483 1654 536 ciuitatis
1684 502 1774 536 ex·
1799 496 1821 529 5

153 563 530 628 asperassent‚
576 554 723 607 diem
757 555 826 607 iis
862 554 924 607 P.
963 553 1212 624 Popilius
1251 554 1507 606 tribunus
1544 553 1620 624 pl.
1656 573 1776 625 per-

153 625 443 679 duellionis
496 625 569 679 ad
617 625 881 696 populum
932 625 1100 692 dixit,
1163 631 1382 694 praeter
1432 642 1778 678 communem

153 688 650 751 consternationem
674 696 894 766 priuata
921 696 1088 748 etiam
1113 696 1198 747 ira
1225 713 1509 763 accensus,
1538 696 1668 766 quia
1687 714 1778 748 ne-

154 767 457 820 cessarium
502 768 618 820 eius
654 766 928 820 Rutilium
966 785 1037 819 ex
1082 764 1302 836 publico
1346 765 1466 820 loco
1511 767 1778 837 parietem

154 838 406 892 demoliri
430 839 724 901 iusserant.
764 856 869 908 quo
896 838 957 889 in
982 836 1184 890 iudicio
1206 837 1414 907 primae
1436 835 1626 890 classis
1654 855 1774 909 per·
1801 850 1841 882 10

153 907 358 962 multae
402 908 682 962 centuriae
724 907 1019 961 Claudium
1064 916 1251 978 aperte
1296 908 1658 975 damnabant,
1712 907 1779 962 de

154 979 397 1033 Gracchi
417 978 760 1038 absolutione
780 980 1073 1034 uniuersae
1094 979 1406 1032 consentire
1425 978 1779 1032 uidebantur.

154 1052 247 1121 qui
275 1049 422 1103 clara
450 1069 584 1104 uoce
610 1050 835 1117 iurauit,
865 1051 912 1102 si
939 1049 1006 1102 de
1033 1048 1244 1119 collega
1266 1067 1361 1102 suo
1382 1051 1609 1119 grauius
1633 1058 1779 1103 esset

152 1122 482 1188 iudicatum,
511 1122 570 1172 in
596 1122 756 1174 factis
787 1140 843 1173 se
870 1121 1097 1192 paribus
1127 1120 1358 1173 eandem
1385 1139 1510 1173 cum
1533 1119 1627 1174 illo
1653 1139 1778 1191 poe-

152 1210 282 1245 nam
307 1191 461 1244 exilii
488 1192 823 1258 subiturum,
863 1210 1034 1262 eaque
1061 1191 1276 1243 iustitia
1302 1199 1419 1244 tota
1452 1190 1547 1243 illa
1573 1199 1776 1262 tempe·
1802 1202 1843 1236 15

153 1271 267 1316 stas
319 1262 390 1321 ab
439 1263 726 1333 utriusque
775 1262 1010 1314 fortunis
1056 1270 1110 1314 et
1161 1262 1340 1332 capite
1393 1262 1625 1331 depulsa
1678 1270 1776 1324 est.

153 1331 446 1401 Claudium
489 1333 635 1385 enim
678 1333 914 1404 populus
961 1331 1226 1399 absoluit,
1280 1333 1533 1386 Graccho
1582 1351 1779 1386 causae

153 1403 453 1468 dictionem
479 1403 725 1475 Popilius
754 1404 983 1456 remisit.

259 1474 311 1527 4.
338 1474 602 1544 Magnam
628 1474 848 1528 laudem
874 1482 928 1527 et
954 1473 1094 1529 illud
1113 1473 1404 1544 collegium
1432 1474 1779 1528 tribunorum

158 1542 311 1611 tulit,
349 1546 520 1615 quod,
562 1564 685 1598 cum
721 1564 862 1598 unus
892 1563 962 1598 ex
989 1563 1050 1598 eo
1076 1544 1141 1596 L.
1171 1544 1334 1598 Cotta
1369 1544 1571 1597 fiducia
1599 1563 1778 1599 sacro-
1802 1558 1844 1591 20

154 1621 378 1667 sanctae
397 1616 684 1685 potestatis
706 1615 1071 1669 creditoribus
1094 1616 1206 1673 suis
1232 1616 1364 1668 satis
1385 1615 1568 1668 facere
1587 1615 1777 1683 nollet,

155 1685 418 1752 decreuit,
447 1686 495 1737 si
514 1705 690 1756 neque
713 1687 952 1739 solueret
971 1687 1261 1755 pecuniam
1280 1704 1456 1756 neque
1477 1687 1635 1738 daret
1657 1705 1779 1738 cum

153 1819 365 1868 iuuenes,
403 1832 488 1878 pro
524 1819 690 1864 rostris
726 1819 998 1864 iurauerunt
1036 1819 1080 1862 in
1116 1818 1329 1879 squalore
1366 1832 1466 1864 esse
1494 1818 1701 1870 futuros,
1739 1821 1777 1864 si
1803 1825 1917 1862 Par..

154 1888 406 1949 imperator
432 1902 590 1935 eorum
616 1902 721 1935 reus
750 1896 873 1935 esset
898 1889 1096 1935 futurus
1173 1891 1213 1933 3.
1253 1889 1363 1934 Cum
1386 1888 1449 1934 Ti.
1479 1889 1707 1936 Gracchus
1734 1897 1780 1935 et

85 1999 89 2003 .
152 1958 200 2004 L.
222 1958 443 2017 ,Claudius
471 1959 528 2005 oh
555 1961 691 2006 nimis
718 1974 878 2006 seuere
917 1967 1089 2020 gestam
1129 1973 1367 2005 censuram
1396 1959 1468 2005 die
1495 1960 1616 2007 dicto
1644 1975 1667 2006 a
1693 1961 1778 2010 Po·
1802 1973 1843 2006 25

151 2029 265 2090 pilio
302 2029 406 2076 trib.
445 2029 507 2091 pl.
546 2032 895 2095 accusarentur,
949 2030 1159 2077 omnibus
1208 2030 1427 2076 centuriis
1464 2031 1779 2077 damnantibus

153 2099 386 2146 Claudium
404 2135 415 2152 ‚
443 2101 790 2148 absoluentibus
817 2101 1347 2153 Gracchum„Gracchus
1376 2102 1495 2148 clara
1521 2116 1635 2148 uoce
1662 2102 1780 2148 iura-

153 2172 246 2222 uit,
284 2172 324 2217 si
350 2171 404 2225 (le
430 2171 607 2233 collega
645 2186 729 2219 suo
758 2174 944 2234 grauius
973 2179 1094 2219 esset
1121 2173 1391 2223 iudicatum,
1432 2187 1480 2219 se
1517 2172 1704 2234 paribus
1734 2176 1779 2219 in

154 2241 284 2287 factis
313 2243 496 2288 eandem
533 2257 635 2289 cum
671 2242 749 2289 illo
778 2257 970 2304 poenam
998 2243 1118 2289 exilii
1156 2244 1434 2290 subiturum.
1512 2248 1554 2290 4.
1594 2243 1703 2290 Cum
1729 2244 1778 2288 L.

155 2311 283 2357 Cotta
311 2313 416 2358 trib.
449 2312 509 2372 pl.
538 2313 700 2359 fiducia
728 2320 1046 2360 sacrosanctae
1074 2314 1320 2374 potcstatis
1348 2314 1567 2361 creditori
1596 2329 1678 2361 suo
1709 2329 1779 2361 sa·
1802 2328 1843 2360 30

268 2449 293 2488 2
318 2449 444 2501 cogit
464 2449 520 2496 B,
544 2451 623 2490 sed
643 2463 756 2491 corr.
781 2453 804 2489 1
829 2464 880 2492 m.
907 2447 927 2503 [1
966 2451 1063 2491 Nec
1088 2463 1226 2491 secus
1250 2463 1298 2492 se
1321 2454 1461 2504 suppl.
1485 2452 1666 2504 Kempf,
1691 2465 1778 2492 nec

155 2516 205 2544 se
230 2505 373 2544 etiam
396 2505 534 2545 aliter
556 2507 654 2546 edd.
678 2512 780 2546 neit.
806 2512 903 2546 ante
928 2506 1028 2546 exh.
1054 2507 1148 2546 inB
1172 2520 1250 2559 my.
1274 2510 1364 2548 m.2
1383 2509 1484 2548 add.
1508 2508 1780 2547 dissimilem

153 2561 182 2600 4
203 2557 297 2614 Ti.]
324 2563 356 2602 t.
380 2561 422 2601 B
483 2563 508 2602 6
531 2562 570 2601 is
592 2555 648 2601 B'
669 2559 687 2615 [l
726 2559 800 2616 Ρ.]
825 2565 1117 2615 praenominis
1140 2570 1241 2604 nota
1263 2565 1400 2604 adhuc
1420 2566 1527 2604 satis
1548 2566 1780 2616 conspicua

153 2618 198 2657 in
218 2617 261 2658 B
283 2630 412 2659 erasa
433 2623 474 2659 et
495 2620 538 2658 in
559 2631 637 2671 my.
662 2631 724 2658 m.
746 2620 897 2660 addita
918 2625 1005 2664 esu
1028 2620 1084 2671 cf.
1107 2620 1256 2671 praef.
1274 2634 1319 2671 p.
1342 2620 1386 2659 X
1466 2622 1518 2661 10
1541 2615 1778 2661 demoliB'

157 2675 212 2714 14
233 2674 394 2715 eadem
416 2668 485 2721 B',
507 2676 587 2715 sed
606 2688 721 2715 corr.
747 2678 770 2715 1
791 2689 840 2716 m.
921 2678 972 2716 15
997 2675 1126 2716 exilii
1151 2689 1228 2717 om.
1254 2677 1296 2716 E
1376 2677 1427 2716 18
1450 2676 1698 2718 dictionem
1720 2691 1776 2720 m.

153 2729 196 2769 B
254 2732 307 2771 21
331 2731 509 2772 nollent
529 2724 586 2771 B'

268 2789 323 2828 23
354 2786 474 2842 esse]
499 2788 607 2840 fort.
634 2800 735 2829 sese
815 2790 869 2829 25
902 2801 1065 2829 seuere
1090 2787 1292 2842 gestam]
1326 2802 1375 2830 se
1397 2794 1449 2830 ut
1470 2791 1593 2844 regis
1615 2791 1785 2857 tasz

154 2841 463 2941 ἔζθηδιὲὲῐζωῧ.
489 2845 630 2898 dicta,
661 2851 706 2886 ut
728 2850 792 2886 est
811 2845 931 2897 infra
949 2859 994 2898 p.
1022 2847 1123 2894 302,
1150 2848 1210 2887 33
1270 2847 1324 2887 26
1347 2846 1688 2888 dominantibus
1717 2842 1778 2888 V'
