1924 3152
591 1 611 14 ¹·
695 0 1007 29 --ῒέψυυντᾌινψῑ
1021 0 1277 29 w‘vw‘fl‘w·
1407 0 1411 1 ⁷
1587 1 1590 4 ’
1654 0 1656 2 ·
1683 0 1701 9 «’
1742 0 1752 10 ·-

605 32 614 42 b
690 27 854 42 <''--·='*
906 26 914 35 2
1215 26 1249 38 ι.

734 124 851 173 CAP.
878 86 928 176 ll,
969 123 999 183 g
1026 126 1164 191 3—7.
1657 115 1762 169 281

139 242 430 288 nocentem
465 243 519 287 et
556 233 821 285 infamem
857 249 1010 286 reum
1045 231 1215 284 iudex
1243 225 1479 282 sedisset
1503 228 1764 284 tabellae-

141 325 246 378 que
273 305 372 358 Cn.
398 304 628 375 Pompei
662 302 1035 356 laudationem
1063 302 1177 354 eius
1207 302 1546 354 continentes
1583 300 1766 372 prola-

140 385 231 430 tae
259 385 469 442 essent,
506 374 698 446 procul
725 371 894 427 dubio
925 373 1177 425 efficaces
1207 372 1426 425 futurae
1451 389 1550 442 pro
1575 372 1762 438 noxi0‚

143 447 440 501 summouit
460 465 551 498 eas
574 464 602 497 e
624 444 966 516 quaestione,
988 442 1166 512 legem
1187 443 1486 509 recitandO,
1510 461 1617 514 qua
1639 461 1764 495 cau—

140 526 259 572 tum
285 525 402 570 erat
424 535 492 568 ne
521 515 867 568 senatoribus
897 514 995 567 tali
1024 513 1231 567 auxilio
1256 514 1338 566 uti
1365 513 1570 567 liceret.
1637 513 1764 566 huic
1787 528 1810 562 5

141 589 290 641 facto
329 606 564 658 persona
600 585 1021 638 admirationem
1062 585 1284 637 ademit.
1360 605 1485 637 nam
1522 603 1664 656 quae
1707 584 1765 636 in
1824 626 1828 630 .

141 657 250 712 alio
283 659 529 711 'audacia
580 657 892 723 uideretur,
955 658 1010 707 in
1060 655 1269 709 Catone
1322 656 1525 708 fiducia
1571 674 1765 726 cogno-

141 730 329 783 scitur.

102 864 103 867 ,
250 815 299 865 6.
342 813 442 866 Cn.
469 812 735 865 Lentulus
762 811 1118 864 Marcellinus
1156 811 1375 878 consul,
1409 831 1531 864 cum
1559 812 1614 864 in
1643 830 1764 864 con-

141 886 290 938 tione
318 883 384 936 de
404 883 595 953 Magni
608 883 837 954 Pompei
857 883 1027 934 nimia
1053 883 1300 952 potentia
1325 891 1645 954 quereretur
1671 883 1764 935 ad·
1789 899 1835 932 10

144 974 443 1027 sensusque
489 955 537 1007 ei
590 954 738 1006 clara
790 971 924 1005 uoce
968 954 1258 1005 uniuersus
1311 953 1546 1024 populus
1600 963 1764 1020 esset,

145 1025 494 1079 ‘adclamate'
522 1026 718 1096 inquit,
749 1023 1022 1090 Quirites,
1064 1024 1418 1090 ‘adclamate,
1458 1026 1586 1077 dum
1611 1025 1762 1077 licet:

141 1099 251 1150 iam
290 1097 432 1150 enim
468 1096 626 1150 uobis
665 1096 870 1165 inpune
897 1096 1079 1147 facere
1105 1115 1216 1149 non
1244 1095 1468 1148 licebit'.
1546 1095 1766 1167 pulsata

142 1178 272 1220 tunc
300 1176 383 1220 est
410 1167 598 1219 eximii
626 1166 760 1218 ciuis
788 1166 1038 1236 potentia
1065 1167 1189 1218 hinc
1210 1166 1486 1219 inuidiosa
1508 1165 1765 1238 querella,

140 1238 268 1291 hinc
292 1237 683 1290 lamentatione
709 1236 1030 1289 miserabili.
1284 1235 1288 1239 ’
1335 1267 1337 1269 v
1790 1251 1835 1285 15

250 1333 299 1380 7.
340 1321 444 1375 Cui
470 1321 710 1375 candida
735 1321 911 1373 fascia
938 1341 1062 1374 crus
1093 1321 1398 1391 adligatum
1425 1322 1767 1375 habentiFa-

140 1395 336 1447 uonius
375 1400 503 1446 ‘non
540 1393 752 1459 refert’,
791 1392 969 1463 inquit
1007 1400 1020 1420 ‘
1063 1411 1135 1444 ua
1159 1393 1216 1444 in
1242 1402 1395 1463 parte
1423 1394 1494 1445 sit
1521 1393 1766 1464 corporis

144 1464 437 1531 diadema’,
477 1464 667 1533 exigui
703 1463 871 1534 panni
916 1413 1269 1516 cauillatione
1314 1464 1494 1534 regias
1532 1465 1579 1516 ei
1617 1465 1765 1517 uires

144 1536 501 1605 exprobrans
563 1542 619 1586 at
653 1535 699 1586 is
737 1543 992 1586 neutram
1030 1534 1086 1586 in
1121 1543 1335 1604 partem
1371 1543 1582 1589 mutato
1609 1535 1767 1598 uultu

142 1613 435 1676 utrumque
465 1605 641 1672 cauit,
678 1624 745 1656 ne
773 1613 869 1657 aut
895 1605 1054 1657 hilari
1090 1605 1273 1658 fronte
1299 1605 1535 1659 libenter
1561 1607 1766 1676 adgno-
1790 1621 1837 1654 20

146 1694 295 1728 scere
320 1675 619 1746 potentiam
657 1687 745 1727 aut
781 1682 917 1728 tristi
948 1676 1193 1746 profiteri
1218 1675 1519 1729 uideretur.
1596 1696 1767 1748 eaque

143 1746 414 1816 patientia
437 1745 715 1798 inferioris
745 1747 910 1799 etiam
937 1748 1152 1815 generis
1183 1756 1236 1799 et
1255 1747 1513 1800 fortunae
1539 1748 1766 1799 homini-

145 1819 249 1869 bus
278 1817 488 1869 aditum
517 1816 784 1868 aduersus
813 1835 869 1868 se
898 1816 1074 1868 dedit:
1118 1835 1146 1868 e
1174 1836 1408 1888 quorum
1435 1819 1601 1871 turba
1629 1818 1768 1871 duos

144 1886 423 1940 rettulisse
451 1886 671 1939 abunde
698 1888 816 1942 erit.

144 2042 306 2080 nentes
332 2034 538 2095 prolatae
566 2042 732 2084 essent,
763 2034 879 2079 ‘illa’
910 2034 1056 2094 inquit
1083 2027 1204 2094 ‘lege
1233 2036 1364 2081 iudex
1392 2051 1516 2088 sum,
1546 2052 1633 2098 qua
1660 2051 1764 2083 cau·
1790 2045 1833 2078 25

143 2112 240 2151 tum
268 2112 338 2151 est
365 2119 421 2150 ne
450 2105 738 2150 senatoribus
767 2105 844 2150 tali
872 2105 1037 2150 auxilio
1067 2106 1131 2151 uti
1162 2106 1334 2155 liceat’.
1410 2110 1449 2153 6.
1491 2107 1567 2153 Cn.
1597 2107 1763 2153 Lentu·
1788 2087 1887 2121 Par.

143 2176 215 2222 lus
245 2176 534 2222 Marcellinus
562 2190 656 2221 cos.
695 2190 795 2221 cum
824 2178 868 2220 in
897 2179 1112 2222 contione
1140 2178 1193 2222 de
1220 2177 1367 2237 Magni
1394 2179 1577 2239 Pompei
1605 2186 1768 2240 poten-

146 2247 205 2292 tia
236 2251 519 2306 quereretur,
549 2247 815 2292 adsentante
835 2248 1008 2308 populo
1038 2246 1323 2295 ‘acclamate'
1352 2252 1500 2310 inquit
1528 2249 1765 2306 eQuirites,

146 2316 391 2363 acclamate
427 2317 533 2362 dum
567 2318 708 2363 licet’.
786 2323 824 2362 7.
878 2318 1108 2364 Fauonius
1146 2320 1362 2380 Pompeio
1401 2321 1588 2367 candida
1628 2321 1763 2366 fascia

147 2401 254 2432 crus
284 2387 529 2446 adligatum
557 2387 742 2433 habenti
772 2389 883 2433 ‘non
910 2388 1070 2434 refert’
1116 2390 1264 2450 inquit
1301 2389 1409 2451 ‘qua
1438 2393 1481 2436 in
1508 2398 1638 2452 parte
1666 2407 1766 2438 cor·
1791 2403 1833 2435 30

145 2458 272 2517 poris
307 2457 511 2502 diadema
550 2457 656 2507 sit,³
693 2458 842 2517 exigui
881 2460 1016 2518 panni
1056 2460 1345 2507 cauillatione
1385 2464 1535 2522 regias
1576 2465 1615 2507 ei
1643 2464 1767 2508 uires

262 2596 287 2635 3
308 2606 390 2646 pro
413 2594 549 2634 noxio
571 2594 613 2634 B
635 2607 750 2634 corr.
776 2607 798 2633 e
820 2596 984 2646 proxia
1045 2597 1069 2635 6
1091 2598 1227 2637 malim
1250 2598 1411 2638 adimit
1471 2601 1494 2639 7
1527 2601 1769 2652 cognosci-

147 2654 223 2690 tur
243 2650 286 2690 B
306 2652 350 2690 in
370 2663 460 2690 ras.
526 2652 576 2690 12
614 2649 881 2690 adclamate
906 2652 1031 2701 Quir.
1055 2652 1118 2694 B,
1148 2655 1230 2693 sed
1258 2668 1346 2693 cum
1373 2656 1507 2706 siym's
1530 2659 1767 2708 transposi-

148 2709 275 2748 tionis
318 2709 370 2747 13
382 2719 473 2747 non
494 2706 609 2746 licet
631 2707 672 2746 B
734 2707 785 2746 18
810 2707 848 2746 ei
873 2709 998 2747 uires
1021 2708 1108 2748 Pb:
1142 2710 1240 2749 eius
1263 2723 1335 2750 res
1357 2711 1399 2750 B
1420 2718 1467 2751 ut
1485 2714 1656 2753 uidetur
1717 2715 1768 2754 19

147 2767 317 2808 neutra
339 2764 387 2803 in
410 2767 543 2815 parte
566 2763 621 2810 B,
647 2776 721 2803 em.
746 2764 890 2803 Per-iz.
971 2766 1025 2805 20
1066 2765 1174 2805 ilari
1196 2766 1251 2814 B,
1282 2769 1363 2807 sed
1382 2768 1397 2806 i
1418 2770 1543 2819 prior
1563 2772 1606 2809 in
1627 2783 1715 2810 ras.
1744 2770 1763 2823 Η

148 2819 490 2873 adcognoscere
512 2819 555 2859 B
636 2821 687 2859 21
714 2823 793 2859 aut
814 2821 937 2860 tristi
960 2834 1038 2860 om.
1064 2821 1120 2867 B,
1146 2826 1227 2862 aut
1248 2824 1372 2863 tristi
1393 2825 1509 2864 iram
1530 2828 1766 2879 suppletum

145 2889 214 2928 pr.
238 2890 288 2916 m.
308 2878 353 2917 in
372 2889 451 2928 my.
475 2876 533 2925 B,
565 2879 646 2915 aut
667 2876 795 2915 tristi
815 2877 908 2916 iam
929 2877 1112 2930 Kempf,
1147 2881 1218 2932 qui
1235 2887 1354 2920 recte
1376 2883 1429 2922 de
1451 2884 1535 2922 loci
1553 2885 1767 2923 sententia

147 2933 372 2976 iudieauit:
400 2935 545 2985 possis
566 2936 690 2973 etiam
713 2935 794 2972 aut
814 2933 939 2973 tristi
962 2946 1062 2974 eam
1123 2937 1178 2975 24
1200 2937 1436 2979 retullisse
1459 2939 1502 2978 B
1669 2932 1687 2946 ’
