1878 3132
717 126 834 172 CAP.
866 125 959 175 v11,
1000 124 1030 184 3
1057 127 1225 169 7-10,
1717 117 1786 170 89

164 235 331 288 stium
371 235 778 288 circumuentus
814 251 965 286 arma
998 232 1066 285 iis
1104 231 1457 299 tradidisset,
1507 230 1594 283 his
1630 249 1785 302 prae-

160 307 368 359 fectum
414 305 748 375 ignominiae
798 303 1090 373 generibus
1143 302 1368 356 adfecit.
1419 302 1611 355 ’1118811
1661 320 1787 355 611111

160 386 293 448 toga
315 376 531 430 laciniis
561 374 790 429 abscisis
819 375 1077 427 amictum
1098 374 1475 444 discinctaque
1494 373 1682 426 tunica
1706 373 1785 425 in-

162 448 356 501 dutum
395 447 560 499 nudis
606 445 839 517 pedibus
884 464 917 498 a
951 463 1111 497 mane
1156 445 1214 496 in
1246 453 1463 498 noctem
1497 462 1671 516 usque
1716 443 1787 497 ad

198 517 434 588 rincipia
475 536 574 588 per
610 534 767 571 omne
802 524 1020 587 tempus
1055 514 1288 568 militiae
1332 515 1543 568 adesse.
1620 515 1783 568 inter·
1808 535 1830 568 5

160 537 304 642 {ixit
328 589 496 642 etiam
531 589 581 640 ei
606 587 919 650 conuictum
953 587 1236 640 hominum
1271 605 1540 657 usumque
1564 586 1787 639 balnea-

158 678 297 726 rum,
318 667 528 712 turmas
568 678 636 711 ue
658 658 917 728 equitum,
940 657 1139 729 quibus
1157 657 1494 728 praefuerat,
1513 657 1786 728 ademptis

161 730 315 801 equis
342 730 402 782 in
427 678 774 783 funditorum
801 727 916 782 alas
944 728 1341 800 transscripsit.
1378 746 1638 798 magnum
1665 747 1786 799 pro-

159 801 303 855 fecto
332 800 566 854 dedecus
594 800 807 872 patriae
833 800 954 871 pari
981 800 1218 854 sontium
1247 798 1514 853 dedecore
1540 799 1786 852 uindica-

160 881 303 939 tum,
331 872 592 943 quoniam
618 871 841 942 quidem
866 871 926 923 id
952 871 1067 940 egit
1092 870 1249 938 Piso,
1276 879 1339 923 ut
1365 870 1458 941 qui
1484 870 1786 942 cupiditate
1811 890 1854 922 10

161 943 311 996 uitae
345 941 572 995 adducti
613 947 773 995 011106
801 941 1139 1011 dignissimis
1166 941 1419 1010 fugitiuis
1454 949 1685 1012 tropaea
1721 941 1788 993 de

162 1033 220 1066 se
273 1021 513 1067 statuere
571 1020 957 1067 concesserant
1004 1012 1355 1083 libertatique
1407 1031 1540 1066 suae
1602 1011 1790 1066 seruili

160 1101 329 1136 manu
386 1083 725 1153 flagitiosum
785 1083 976 1154 inponi
1026 1084 1217 1153 iugum
1266 1102 1375 1137 non
1434 1084 1787 1149 erubuerant,

161 1173 406 1207 amarum
432 1153 569 1207 lucis
604 1173 765 1207 usum
801 1154 1186 1225 experirentur
1210 1161 1576 1225 mortemque,
1624 1172 1790 1226 quam

162 1225 469 1279 effeminate
496 1226 816 1292 timuerant,
856 1224 1091 1278 uiriliter
1116 1232 1384 1296 optarent.
1812 1243 1854 1276 15

271 1296 354 1349 10.
403 1295 520 1349 Ν60
554 1297 735 1349 minus
771 1296 973 1348 Pisone
1008 1297 1210 1349 acriter
1246 1296 1314 1362 Q.
1350 1294 1624 1347 Metellus,
1676 1295 1787 1365 qui,

163 1385 287 1420 cum
314 1366 465 1438 apud
492 1366 847 1421 Contrebiam
872 1385 958 1419 res
986 1374 1297 1436 gereretur,
1328 1365 1641 1420 conlocatas
1671 1385 1704 1418 a
1731 1385 1789 1418 se

162 1438 220 1490 in
299 1437 503 1491 uadam
549 1438 786 1491 statione
831 1437 1069 1509 quinque
1117 1437 1366 1490 cohortes
1414 1444 1579 1508 atque
1621 1456 1691 1489 ex
1727 1456 1791 1489 ea

161 1508 269 1561 uiri
309 1528 374 1561 us
401 1508 644 1561 hostium
671 1507 928 1580 depulsas
957 1516 1205 1579 repetere
1240 1507 1470 1561 eandem
1496 1507 1791 1561 stationem

163 1598 192 1632 e
216 1579 457 1648 uestigio
482 1579 672 1646 iussit,
709 1598 820 1633 non
847 1578 997 1650 quod
1023 1587 1271 1649 speraret
1305 1578 1375 1632 ab
1401 1578 1487 1630 his
1524 1579 1789 1630 amissum
1812 1598 1855 1630 20

162 1648 343 1701 locum
376 1650 690 1719 recuperari
720 1658 915 1720 posse,
971 1649 1067 1702 sed
1104 1659 1167 1703 ut
1202 1650 1536 1720 praeteritae
1571 1648 1790 1720 culpam

161 1737 380 1791 pugnae
403 1720 743 1790 insequentis
767 1720 1080 1773 certaminis
1106 1719 1402 1772 manifesto
1428 1718 1671 1790 periculo
1693 1739 1790 1790 pu-

164 1791 323 1842 niret.
388 1789 563 1842 edixit
598 1789 763 1842 etiam
797 1798 885 1854 ut,
934 1790 980 1842 si
1044 1790 1128 1841 uis
1170 1809 1239 1842 ex
1263 1790 1332 1842 iis
1362 1789 1578 1858 fugiens
1608 1799 1791 1842 068116

163 1859 480 1931 repetisset,
532 1878 631 1931 pro
667 1859 825 1914 hoste
860 1860 1003 1913 inter
1046 1869 1278 1913 ceretur.
1354 1878 1463 1931 qua
1499 1860 1790 1914 seueritate

163 1993 270 2039 dine
307 1993 511 2039 hostium
548 1993 888 2039 circumuentus
916 1993 1000 2039 sub
1027 1995 1185 2055 iugum
1212 2008 1261 2040 se
1298 1994 1419 2039 mitti
1445 2009 1611 2055 passus
1648 2001 1784 2046 esset,
1809 2010 1851 2042 25

164 2065 302 2119 iussit
337 2076 439 2109 eum
469 2070 573 2124 toga
600 2063 778 2110 laciniis
807 2064 998 2110 abscisis
1036 2066 1247 2112 amictum
1286 2065 1596 2126 discinctaque
1634 2067 1785 2111 tunica
1810 2051 1845 2085 P
1842 2062 1878 2085 ‘¹⁷

164 2135 373 2181 indutum
400 2136 444 2180 in
466 2136 702 2196 principiis
730 2142 877 2187 stare,
916 2142 1179 2197 turmasque
1207 2137 1437 2197 equitum,
1467 2136 1635 2196 quihus
1661 2150 1790 2197 prae-

164 2205 337 2256 fuerat,
378 2205 600 2266 ademptis
639 2207 767 2266 equis
805 2208 849 2251 in
886 2206 1172 2253 funditorum
1200 2220 1417 2252 numeros
1460 2207 1789 2268 transscripsit.

163 2278 235 2319 10.
262 2273 313 2331 Q.
334 2275 570 2327 Metellus,
597 2290 699 2323 cum
727 2277 846 2337 apud
873 2276 1159 2324 Contrebiam
1186 2291 1260 2323 res
1289 2284 1552 2337 gereretur,
1580 2277 1791 2324 conloca-

169 2351 236 2391 tas
265 2359 287 2391 a
315 2359 363 2391 se
388 2347 435 2391 in
463 2346 655 2407 quadam
683 2348 881 2394 statione
909 2349 1113 2408 quinque
1140 2348 1359 2395 cohortes
1395 2355 1532 2409 atque
1558 2363 1611 2395 ex
1638 2362 1688 2394 ea
1715 2349 1788 2393 de·
1811 2363 1853 2395 30

165 2410 322 2475 pulsas
357 2423 568 2476 repetere
604 2417 794 2463 eundem
820 2418 972 2465 locum
1008 2420 1144 2465 iussit
1171 2419 1424 2480 edixitque,
1463 2426 1516 2465 ut
1543 2421 1582 2465 si
1608 2420 1711 2480 quis
1739 2433 1791 2464 ex

283 2539 304 2578 1
336 2539 528 2578 armatis
553 2538 670 2580 trad.
700 2539 758 2588 B,
790 2553 839 2581 se
871 2541 1061 2582 armatis
1081 2535 1138 2584 tr.
1168 2542 1192 2582 b
1260 2543 1285 2582 2
1316 2540 1453 2582 adfici
1479 2542 1619 2582 iussit
1642 2572 1651 2581 .
1676 2541 1791 2581 Cum

165 2597 280 2648 toga
297 2594 353 2642 B,
377 2607 451 2635 em.
475 2594 652 2659 {Diylzius
709 2597 734 2636 3
757 2597 956 2638 abscisis
976 2598 1066 2638 Pb.-
1089 2598 1314 2638 abscissis
1335 2596 1396 2637 B¹
1417 2594 1437 2651 Η
1458 2597 1725 2649 decinctaq.
1746 2597 1790 2638 B

165 2653 192 2692 5
223 2650 411 2692 adesset
437 2649 479 2690 B
561 2651 586 2691 9
615 2651 795 2705 patriae
825 2653 929 2705 pari
958 2653 1158 2694 sontium
1188 2654 1377 2706 Kempf:
1414 2653 1577 2706 pariae
1610 2651 1732 2707 (pari
1761 2652 1786 2695 (Ξ

165 2707 300 2758 corr.)
323 2705 510 2761 pisoniii
525 2706 568 2747 B
589 2703 608 2762 ΙΙ
638 2707 926 2748 uindicatum
942 2709 1008 2749 B:
1029 2709 1154 2750 uind.
1180 2713 1250 2750 est
1272 2711 1375 2752 dett.
1393 2716 1435 2750 et
1451 2719 1479 2754 ς
1540 2711 1591 2750 11
1615 2710 1789 2764 dignis-

167 2764 283 2804 sima
304 2763 347 2803 B
408 2765 460 2805 15
481 2765 735 2805 timuerunt
754 2764 796 2804 B
858 2765 910 2805 16
939 2764 1159 2806 Metellus
1181 2766 1223 2805 P
1249 2771 1289 2807 et
1319 2768 1362 2806 in
1382 2779 1472 2808 ras.
1496 2766 1563 2807 B:
1594 2770 1791 2808 messius

165 2821 270 2860 dett.
352 2821 403 2860 17
433 2821 719 2862 contrebiam
747 2821 837 2861 Pb:
875 2821 1073 2862 trebiam
1102 2821 1144 2861 B
1171 2818 1191 2878 Ι]
1219 2822 1465 2864 conlocata
1492 2816 1549 2863 B'
1629 2825 1682 2864 19
1713 2822 1789 2877 de-

166 2875 313 2928 pulsis
341 2869 398 2916 B'
475 2879 529 2919 23
559 2882 606 2918 et
625 2877 743 2918 dixit
771 2871 828 2919 B'
849 2875 868 2932 ΙΙ
895 2882 971 2919 ut*
992 2878 1034 2918 B
1054 2875 1073 2932 Η
1095 2878 1162 2920 618
1186 2878 1236 2928 Ρ,
1267 2879 1340 2920 1118
1362 2879 1405 2919 Β
1464 2881 1519 2920 24
1540 2879 1792 2933 repetisset

167 2932 309 2972 Periz.
333 2939 374 2973 et
395 2933 456 2973 P.-
487 2935 683 2986 petisset
703 2934 745 2974 B
