1878 3132
191 95 271 183 74¹
899 131 997 176 Lm.
1038 131 1088 175 ιι.

190 245 352 297 ebore
400 241 464 306 Q.
514 238 739 291 Catulus
784 237 1120 308 praetexuit:
1185 235 1524 299 uersatilem'
1549 236 1798 290 fecerunt

188 310 430 377 Luculli,
491 309 787 378 argentatis
832 308 1102 376 choragiis
1140 307 1200 360 P.
1237 306 1503 360 Lentulus
1542 307 1798 378 Spinther
1853 306 1859 309 ’

190 380 497 435 adornauit.
549 379 903 444 translatum,
932 386 1091 430 antea
1116 378 1355 448 poenicis
1381 379 1635 431 indutum
1658 378 1797 430 tuni-

190 454 295 518 ciS,
347 450 423 503 M.
461 449 697 503 Scaurus
735 449 1008 518 exquisito
1044 466 1241 517 genere
1277 449 1447 501 uestis
1483 447 1689 501 cultum
1721 448 1797 499 in-

147 547 167 579 5
192 523 365 575 duxit.
443 522 489 572 7.
541 539 667 572 nam
701 519 1088 589 gladiatorium
1114 537 1308 570 munus
1334 519 1570 588 primum
1594 519 1799 571 Romae

191 593 378 644 datum
413 598 496 643 est
536 591 593 642 in
638 589 756 643 foro
794 589 985 642 boario
1024 590 1169 659 App.
1207 588 1436 642 Claudio
1487 589 1555 655 Q.
1600 587 1797 640 Fuluio

190 661 523 715 consulibus
587 661 851 713 dederunt
876 659 1096 711 Marcus
1133 667 1186 711 et
1211 660 1471 711 Decimus
1506 657 1607 711 filii
1642 658 1800 710 Bruti

187 735 361 785 Perae
410 731 629 784 funebri
678 731 937 783 memoria
985 729 1158 799 patris
1209 730 1416 782 cineres
1466 729 1798 782 honorando.

190 802 520 856 athletarum
557 809 833 854 certamen
868 819 900 851 a
925 800 1000 851 M.
1029 799 1218 852 Scauri
1253 808 1492 852 tractum
1519 808 1602 852 est
1628 799 1799 851 muni-

127 873 426 941 mficentia.

75 935 194 1054 Μ’
295 943 367 995 V.
422 944 469 993 1.
510 942 758 994 Statuam
794 948 1043 992 auratam
1077 958 1176 992 nec
1210 940 1268 990 in
1301 940 1438 992 urbe
1463 956 1565 991 neo
1599 939 1658 990 in
1689 937 1800 990 ulla

113 1023 115 1026 ’
190 1023 344 1083 parte
366 1012 558 1064 Italiae
585 1012 872 1082 quisquam
897 1010 1049 1080 prius
1078 1010 1295 1080 aspexit
1321 1029 1484 1080 quam
1510 1029 1542 1061 a
1561 1009 1653 1061 M’.
1674 1008 1799 1061 Aci-

190 1085 263 1138 lio
293 1083 593 1136 Glabrione
634 1081 900 1152 equestris
937 1081 1085 1151 patri
1120 1088 1414 1150 poneretur
1437 1080 1495 1131 in
1522 1079 1656 1132 aede
1680 1078 1799 1130 Pie-

190 1156 337 1207 tatis.
414 1172 533 1205 eam
574 1160 757 1204 autem
801 1152 990 1203 aedem
1035 1151 1094 1202 P.
1145 1150 1398 1203 Cornelio
1444 1148 1677 1202 Lentulo
1724 1148 1800 1200 M.

127 1246 167 1277 15
189 1224 398 1277 Baebio
427 1222 713 1293 Tamphilo
752 1220 1066 1274 consulibus
1093 1221 1210 1290 ipse
1238 1220 1618 1285 dedicauerat,
1659 1237 1799 1272 com-

190 1314 287 1365 pos
332 1294 449 1347 uoti
494 1293 674 1346 factus
719 1310 848 1360 rege
893 1290 1163 1344 Antiocho
1208 1291 1356 1360 apud
1401 1289 1800 1360 Thermopylas

189 1372 253 1418 su
296 1373 464 1417 erato,

257 1384 346 1486 ΡΞ.
396 1434 488 1485 Ius
517 1432 677 1484 ciuile
703 1450 800 1501 per
825 1430 996 1483 multa
1032 1429 1250 1483 saecula
1283 1431 1426 1483 inter
1452 1448 1610 1483 sacra
1635 1429 1802 1482 caeri-

190 1505 510 1573 moniasque
562 1503 785 1554 deorum
845 1501 1213 1552 inmortalium
1263 1500 1512 1553 abditum
1563 1499 1800 1569 solisque

127 1597 168 1628 20
190 1574 536 1645 pontificibus
563 1580 752 1625 notum
779 1571 876 1624 Cn.
903 1572 1129 1623 Flauius
1144 1610 1158 1636 ‚
1196 1569 1448 1623 libertino
1474 1579 1630 1641 patre
1655 1570 1801 1639 geni·
1843 1586 1846 1587 ’

191 1654 278 1697 tus
326 1653 379 1697 et
416 1644 624 1710 scriba,
677 1661 799 1694 cum
834 1642 1043 1711 ingenti
1078 1640 1382 1695 nobilitatis
1429 1640 1802 1710 indignatione

78 1793 168 1826 Par.
194 1779 314 1824 fecit.
392 1781 431 1821 7.
473 1775 797 1822 Gladiatorium
834 1789 996 1820 munus
1033 1775 1228 1834 primum
1263 1774 1430 1819 Romae
1465 1773 1618 1818 datum
1652 1779 1721 1818 est
1756 1773 1803 1816 in

193 1849 296 1894 soro
333 1847 492 1893 boario
531 1848 614 1906 Ap.
643 1846 827 1891 Claudio
856 1846 903 1901 Q.
933 1844 1095 1890 Fuluio
1134 1858 1251 1890 COSS.
1302 1844 1523 1889 dederunt
1548 1843 1721 1890 Marcus
1758 1847 1803 1887 et

191 1918 398 1964 Decimus
426 1917 505 1962 filii
530 1917 658 1962 Bruti
684 1916 846 1966 Perae,
887 1915 1068 1960 funebri
1095 1916 1312 1960 memoria
1337 1915 1479 1974 patris
1502 1914 1694 1958 >cineres
1720 1912 1802 1957 ho-

128 2005 170 2037 25
192 1988 412 2034 norando.
474 1986 743 2031 athletarum
781 1993 1007 2031 certamen
1046 1999 1069 2028 a
1096 1985 1148 2029 M.
1179 1985 1334 2029 Scauri
1370 1983 1677 2028 munificentia
1714 1989 1803 2028 tra·

192 2065 313 2104 ctum
342 2063 427 2104 est.

299 2130 339 2171 1.
367 2126 570 2172 Statuam
597 2127 847 2171 inauratam
874 2139 958 2170 nec
983 2126 1028 2169 in
1055 2124 1168 2169 urbe
1194 2137 1277 2168 nec
1303 2123 1346 2166 in
1375 2122 1467 2168 ulla
1493 2129 1622 2183 parte
1647 2121 1801 2168 Italiae

194 2199 434 2258 quisquam
470 2198 596 2256 prius
635 2195 771 2246 uidit,
810 2209 942 2255 quam
979 2209 1002 2239 a
1040 2194 1185 2238 Manio
1219 2193 1363 2239 Acilio
1392 2192 1631 2238 Glabrione
1668 2205 1803 2252 eque-

194 2269 303 2313 stris
339 2268 457 2327 patri
486 2272 736 2326 poneretur
762 2267 807 2310 in
835 2265 942 2310 aede
968 2264 1176 2314 Pietatis,
1218 2277 1350 2323 quam
1377 2263 1531 2308 aedem
1557 2264 1656 2322 ipse
1683 2262 1804 2307 dedi·

129 2355 171 2387 30
195 2344 392 2384 cauerat.
469 2342 507 2381 2.
545 2336 620 2381 Cn.
646 2335 829 2381 Flauius
856 2335 1027 2386 scriba,
1064 2336 1142 2395 qui
1177 2334 1319 2379 fastos
1355 2332 1585 2393 uulgauit,
1621 2346 1722 2378 cum
1750 2332 1804 2376 ad

309 2477 329 2514 1
365 2476 416 2525 Q.
448 2475 489 2514 B
519 2476 560 2514 in
591 2486 679 2515 ras.
739 2475 764 2512 2
793 2472 982 2512 Luculli
1008 2471 1228 2523 Sigonius:
1258 2470 1417 2510 lucuni
1446 2469 1488 2509 B
1547 2472 1572 2511 3
1601 2468 1805 2509 transla-

194 2529 306 2584 tum]
333 2546 373 2574 u.
395 2532 541 2571 uarias
564 2532 615 2570 cle
637 2531 714 2570 hoc
735 2544 772 2572 u.
798 2530 1058 2569 eruditorum
1078 2529 1312 2568 sentencias
1333 2530 1376 2567 in
1397 2527 1464 2567 ed.
1496 2526 1620 2567 Torr.
1649 2521 1667 2576 ΙΙ
1696 2538 1804 2578 poe·

193 2588 340 2627 niceis
369 2589 463 2627 cod.
495 2586 692 2626 Atrebat.
754 2587 779 2625 6
812 2589 882 2625 est
909 2585 1014 2624 BP:
1047 2598 1122 2626 om.
1155 2585 1257 2624 dett.
1283 2590 1325 2623 et
1354 2593 1381 2627 ς
1441 2585 1464 2623 7
1495 2581 1719 2622 dederunt
1750 2601 1800 2606 —

193 2644 379 2682 funebri
408 2643 448 2682 B
477 2645 519 2683 in
548 2646 677 2682 litura
756 2643 805 2681 11
836 2643 1097 2681 inauratam
1118 2641 1196 2687 Pb,
1229 2645 1333 2679 acu.
1358 2639 1454 2679 Lia.
1478 2640 1545 2683 40,
1571 2639 1641 2684 34,
1665 2639 1691 2675 5
1752 2637 1802 2675 12

193 2696 291 2752 ΜΣ]
318 2711 372 2737 m.
396 2699 438 2738 B
499 2701 550 2740 13
579 2699 628 2738 in
650 2697 763 2738 aede
785 2698 977 2750 pietatis
999 2697 1041 2737 B
1062 2699 1104 2739 in
1125 2698 1255 2737 litura
1314 2697 1365 2735 15
1394 2693 1625 2746 pamphilo
1647 2691 1713 2736 B‚·
1746 2691 1802 2740 ef.

195 2757 233 2802 1,
259 2757 295 2804 1,
322 2757 375 2794 12
435 2756 487 2793 21
519 2767 619 2794 curn
640 2755 819 2807 ingenti
839 2775 893 2782 —
916 2753 1089 2794 curulis
1112 2752 1346 2804 &angerus
1366 2756 1468 2802 post
1489 2749 1574 2801 qui>
1588 2748 1649 2800 (p.
1672 2751 1736 2794 75,
1757 2747 1802 2798 2)

194 2812 515 2861 transponenda
535 2817 678 2850 censet

307 2867 361 2906 23
390 2863 494 2918 Ap.]
529 2879 569 2908 a.
592 2880 635 2918 p.
667 2868 708 2906 V
764 2867 818 2905 24
839 2866 986 2906 Perae
1017 2879 1092 2908 om.
1116 2864 1214 2904 Mai
1229 2860 1248 2916 Η
1268 2862 1420 2903 funeri
1447 2853 1500 2900 V'
1557 2859 1611 2900 28
1632 2859 1803 2912 primus

202 2922 247 2961 V
260 2918 278 2975 Η
299 2921 472 2962 Manlio
500 2923 543 2961 V
598 2924 651 2962 30
673 2923 820 2962 fastus
850 2921 966 2973 V(‘.³)
