1936 3120
1098 0 1159 19 ,·-;·-“
1186 0 1299 34 γὴςῐῐῇε
1317 3 1324 7 ·

229 135 335 187 412
919 142 1016 187 LIB.
1057 142 1159 188 VIII.

232 249 345 300 cari
380 266 540 317 posse
578 247 885 300 confitendo
897 287 911 314 ,
960 248 1053 318 qui
1087 248 1364 302 cotidiano
1398 267 1504 300 usu
1538 249 1654 301 eius
1689 249 1847 302 calle-

229 318 383 370 bant.
435 316 830 387 sapientissimi
855 319 1024 387 igitur
1052 320 1185 372 artis
1207 337 1339 371 suae
1358 318 1701 390 professores
1722 328 1850 372 sunt

231 405 263 438 a
289 387 488 468 quibus
518 395 573 438 et
597 389 822 458 propria
849 388 1033 442 studia
1051 388 1361 442 uerecunde
1381 397 1436 442 et
1455 388 1634 442 aliena
1653 388 1862 442 callide·

230 465 608 510 aestlmantur.

194 573 213 602 5
338 559 460 608 Ext.
512 556 559 607 1.
616 555 863 609 Platonis
913 575 1125 628 quoque
1176 557 1607 610 eruditissimum
1657 565 1847 628 pectus

227 626 362 678 haec
388 626 649 695 cogitatio
679 628 880 696 attigit,
908 628 1003 698 qui
1028 628 1385 681 conductores
1407 645 1595 680 sacrae
1622 646 1750 680 arae
1778 627 1846 680 de

227 696 389 749 modo
419 705 474 748 et
499 696 677 748 forma
703 698 819 749 eius
860 716 1043 750 secum
1079 716 1383 751 sermonem
1417 698 1663 750 conferre
1689 716 1846 752 cona-

226 775 313 820 tos
351 767 419 819 ad
446 767 717 819 Eucliden
752 777 1068 836 geometren
1103 768 1181 820 ire
1216 769 1405 834 iussit,
1443 768 1702 820 scientiae
1727 768 1846 820 eius

229 837 447 903 cedem,
477 838 641 889 immo
668 837 1018 907 professioni.
1700 835 1705 840 ’

167 954 204 984 10
335 935 386 987 2.
444 934 765 988 Gloriantur
810 936 1060 988 Athenae
1102 935 1523 989 armamentario
1565 953 1662 989 suo
1681 973 1695 1001 ,
1745 953 1847 988 nec

228 1007 346 1058 sine
374 1024 566 1057 causa:
609 1015 692 1058 est
719 1007 864 1058 enim
889 1006 1026 1058 illud
1056 1025 1192 1077 opus
1221 1015 1274 1059 et
1298 1007 1529 1076 inpensa
1554 1013 1608 1058 et
1633 1004 1846 1075 elegan—

226 1076 305 1128 tia
347 1076 656 1128 uisendum.
733 1078 887 1129 cuius
935 1077 1295 1130 architectum
1331 1075 1616 1130 Philonem
1656 1075 1732 1127 ita
1766 1076 1845 1127 fa·

227 1146 404 1198 cunde
440 1146 709 1199 rationem
744 1147 1104 1200 institutionis
1151 1166 1283 1200 suae
1317 1149 1373 1199 in
1410 1149 1626 1200 theatro
1665 1145 1847 1199 reddi-

226 1216 372 1268 disse
400 1225 642 1280 constat,
671 1225 734 1269 ut
760 1218 1156 1270 disertissimus
1185 1217 1419 1288 populus
1445 1236 1556 1270 non
1580 1216 1843 1269 minorem

161 1304 200 1335 15
223 1287 444 1339 laudem
472 1286 815 1357 eloquentiae
842 1289 957 1340 eius
984 1307 1148 1358 quam
1175 1289 1280 1341 arti
1305 1288 1588 1341 tribueret.

330 1386 381 1437 3.
420 1385 652 1437 Mirifice
682 1395 736 1438 et
762 1385 854 1437 ille
881 1385 1101 1452 artifex,
1130 1387 1224 1456 qui
1248 1385 1306 1436 in
1327 1403 1489 1455 opere
1510 1403 1607 1438 suo
1634 1385 1843 1436 moneri

225 1474 282 1507 se
318 1474 351 1507 a
386 1466 570 1508 sutore
608 1455 676 1507 de
714 1455 939 1536 crepida
975 1464 1028 1507 et
1062 1455 1268 1507 ansulis
1305 1474 1529 1577 passm,
1578 1453 1643 1507 de
1685 1473 1844 1507 crure

223 1526 388 1606 etiam
416 1525 698 1594 disputare
723 1526 1076 1595 inclpientem
1096 1544 1262 1596 supra
1281 1545 1316 1596 p
1342 1534 1524 1578 antam
1546 1525 1842 1578 ascendere

220 1605 415 1649 uetult.

158 1771 199 1804 20
225 1758 330 1816 quia
359 1757 465 1801 huic
490 1757 708 1801 scientiae
735 1757 875 1802 dediti
904 1764 1056 1807 erant,
1095 1756 1384 1802 consultores
1421 1755 1658 1806 reiciebat,
1696 1754 1750 1801 ab
1777 1756 1844 1801 eis

107 1811 196 1844 pm·
222 1827 268 1872 id
294 1829 533 1887 negotium
560 1829 710 1887 aptius
738 1827 954 1887 explicari
981 1841 1118 1886 posse
1145 1826 1418 1872 confitendo.

330 1901 367 1942 1.
406 1897 535 1942 Plato
574 1897 878 1943 conductores
914 1899 1015 1942 uiae
1052 1911 1206 1943 sacrae
1242 1897 1296 1942 de
1336 1896 1470 1942 modo
1500 1904 1546 1942 et
1571 1895 1716 1942 forma
1742 1895 1840 1941 eius

222 1981 376 2013 secum
405 1981 660 2012 sermonem
687 1968 897 2013 conferre
925 1975 1116 2013 conatos
1143 1968 1196 2012 ad
1222 1967 1453 2012 Euclidem
1474 1973 1754 2027 geometram
1775 1966 1840 2010 ire

219 2039 369 2088 iussit,
397 2039 613 2083 scientiae
636 2040 734 2084 eius
762 2039 945 2084 cedens.
1018 2043 1058 2081 2.
1098 2038 1228 2083 Philo
1265 2039 1540 2083 architectus
1575 2051 1676 2082 cum
1701 2035 1839 2080 Athe-

154 2119 196 2151 25
219 2109 290 2153 nis
318 2109 715 2154 armamentarium
743 2109 954 2158 fecisset,
984 2110 1044 2153 ita
1074 2107 1265 2153 facunde
1291 2110 1514 2152 rationem
1541 2106 1757 2157 reddidit,
1787 2113 1840 2150 ut

219 2178 551 2223 disertissimus
585 2178 784 2238 populus
821 2192 912 2223 non
950 2179 1168 2223 minorem
1207 2177 1384 2222 laudem
1422 2176 1713 2236 eloquentiae
1739 2176 1838 2221 eius

219 2261 354 2308 quam
389 2250 476 2292 arti
514 2247 749 2293 tribueret.
825 2251 864 2293 3.
903 2248 1090 2304 Quidam
1130 2254 1331 2293 sutorem
1367 2247 1422 2292 de
1458 2261 1563 2292 sura
1602 2246 1838 2306 disputare

217 2318 512 2378 incipientem
540 2333 676 2378 supra
702 2318 880 2378 plantas
908 2318 1154 2363 ascendere
1180 2319 1344 2363 uetuit.

330 2470 356 2509 5
392 2468 652 2520 Platonisq.
678 2469 802 2509 erud.
827 2469 869 2508 B
949 2471 974 2510 6
1011 2482 1173 2510 sacrae
1198 2481 1307 2509 arae
1330 2470 1454 2509 codd.
1474 2470 1697 2521 plerique:
1726 2467 1836 2507 uiae

216 2538 380 2566 sacrae
402 2526 443 2564 P
462 2532 503 2565 et
522 2528 566 2565 in
586 2539 675 2566 ras.
698 2526 765 2572 B;
798 2527 897 2566 add.
921 2528 963 2565 in
984 2539 1061 2578 my.
1083 2525 1151 2565 B:
1191 2527 1278 2564 ‘sic
1309 2538 1350 2565 u.
1386 2525 1459 2574 (=
1478 2527 1614 2564 uetus
1638 2526 1666 2565 i.
1690 2537 1727 2564 e.
1749 2524 1835 2563 Pa-

214 2582 295 2633 ris)
326 2594 472 2622 nouus
505 2585 661 2622 autem
693 2594 857 2621 sacrae
890 2585 1042 2631 arae'3
1074 2582 1132 2631 cf.
1165 2583 1279 2621 Ptnt.
1311 2583 1363 2621 de
1390 2584 1516 2632 ,qenio
1537 2580 1661 2622 Socr.
1683 2593 1719 2622 c.
1745 2583 1831 2630 71).

214 2640 297 2677 579
372 2640 395 2678 7
419 2642 612 2678 conatus
637 2637 695 2678 ad
718 2637 958 2678 eu*cliden
979 2631 1035 2677 B'
1108 2639 1134 2678 8
1155 2641 1438 2690 geometram
1463 2637 1502 2676 P
1579 2637 1631 2677 13
1652 2634 1834 2676 ratione

212 2687 270 2733 B'
370 2696 423 2734 16
466 2695 668 2734 muneris
700 2692 849 2746 easiut
870 2708 947 2735 ore
970 2707 1052 2735 suo
1083 2693 1139 2734 de
1161 2694 1204 2733 B
1237 2693 1336 2744 (3116
1359 2706 1435 2735 om.
1458 2691 1583 2744 dett.)
1683 2692 1736 2731 17
1776 2689 1832 2729 de

215 2761 351 2789 cruce
383 2751 425 2789 B

326 2807 379 2846 27
403 2804 555 2846 sutore
576 2806 644 2846 B.-
676 2809 831 2847 sutore
861 2806 902 2845 V
922 2806 1098 2856 (sutore
1118 2825 1175 2834 —-
1195 2805 1451 2858 incipiente
1474 2801 1592 2856 Mai)
