<?xml version="1.0" encoding="UTF-8"?>
<!DOCTYPE html PUBLIC "-//W3C//DTD XHTML 1.0 Transitional//EN"
    "http://www.w3.org/TR/xhtml1/DTD/xhtml1-transitional.dtd">
<html xmlns="http://www.w3.org/1999/xhtml" xml:lang="en" lang="en">
 <head>
  <title>
</title>
<meta http-equiv="Content-Type" content="text/html;charset=utf-8" />
  <meta name='ocr-system' content='tesseract 3.04.00' />
  <meta name='ocr-capabilities' content='ocr_page ocr_carea ocr_par ocr_line ocrx_word'/>
</head>
<body>
  <div class='ocr_page' id='page_1' title='image "./factorumetdictor00valeuoft_0364.png"; bbox 0 0 1924 3152; ppageno 0'>
   <div class='ocr_carea' id='block_1_1' title="bbox 792 0 1924 134">
    <p class='ocr_par' dir='ltr' id='par_1_1' title="bbox 792 0 1924 134">
     <span class='ocr_line' id='line_1_1' title="bbox 792 0 1924 134; baseline 0 3018"><span class='ocrx_word' id='word_1_1' title='bbox 792 0 1924 134; x_wconf 95' lang='lat' dir='ltr'> </span> 
     </span>
    </p>
   </div>
   <div class='ocr_carea' id='block_1_2' title="bbox 183 105 1101 206">
    <p class='ocr_par' dir='ltr' id='par_1_2' title="bbox 183 105 1101 206">
     <span class='ocr_line' id='line_1_2' title="bbox 183 105 1101 206; baseline -0.002 -6"><span class='ocrx_word' id='word_1_2' title='bbox 183 105 316 200; x_wconf 35' lang='lat'>336⁵</span> <span class='ocrx_word' id='word_1_3' title='bbox 741 203 745 206; x_wconf 7' lang='lat' dir='ltr'>t</span> <span class='ocrx_word' id='word_1_4' title='bbox 878 153 977 199; x_wconf 75' lang='lat' dir='ltr'>Lm.</span> <span class='ocrx_word' id='word_1_5' title='bbox 1017 153 1101 198; x_wconf 91' lang='lat' dir='ltr'>v11.</span> 
     </span>
    </p>
   </div>
   <div class='ocr_carea' id='block_1_3' title="bbox 118 258 1795 1947">
    <p class='ocr_par' dir='ltr' id='par_1_3' title="bbox 186 258 1795 546">
     <span class='ocr_line' id='line_1_3' title="bbox 297 258 1793 335; baseline 0.004 -26"><span class='ocrx_word' id='word_1_6' title='bbox 297 260 377 310; x_wconf 81' lang='lat'>15.</span> <span class='ocrx_word' id='word_1_7' title='bbox 417 258 566 310; x_wconf 90' lang='lat' dir='ltr'>Nihil</span> <span class='ocrx_word' id='word_1_8' title='bbox 601 259 769 310; x_wconf 89' lang='lat' dir='ltr'>etiam</span> <span class='ocrx_word' id='word_1_9' title='bbox 796 259 1043 328; x_wconf 80' lang='lat' dir='ltr'>Agesilai</span> <span class='ocrx_word' id='word_1_10' title='bbox 1079 260 1225 314; x_wconf 86' lang='lat' dir='ltr'>facto</span> <span class='ocrx_word' id='word_1_11' title='bbox 1263 263 1597 332; x_wconf 87' lang='lat' dir='ltr'>sapientius,</span> <span class='ocrx_word' id='word_1_12' title='bbox 1627 263 1793 335; x_wconf 74' lang='lat' dir='ltr'>siqui-</span> 
     </span>
     <span class='ocr_line' id='line_1_4' title="bbox 188 327 1795 400; baseline 0.003 -19"><span class='ocrx_word' id='word_1_13' title='bbox 188 330 311 381; x_wconf 92' lang='lat' dir='ltr'>dem</span> <span class='ocrx_word' id='word_1_14' title='bbox 338 347 461 380; x_wconf 91' lang='lat' dir='ltr'>cum</span> <span class='ocrx_word' id='word_1_15' title='bbox 487 327 750 381; x_wconf 89' lang='lat' dir='ltr'>aduersus</span> <span class='ocrx_word' id='word_1_16' title='bbox 787 348 901 382; x_wconf 91' lang='lat' dir='ltr'>rem</span> <span class='ocrx_word' id='word_1_17' title='bbox 940 330 1215 400; x_wconf 82' lang='lat' dir='ltr'>publicam</span> <span class='ocrx_word' id='word_1_18' title='bbox 1239 331 1795 389; x_wconf 81' lang='lat' dir='ltr'>Lacedaemoniorum</span> 
     </span>
     <span class='ocr_line' id='line_1_5' title="bbox 186 398 1795 474; baseline 0.005 -24"><span class='ocrx_word' id='word_1_19' title='bbox 186 398 640 468; x_wconf 80' lang='lat' dir='ltr'>conspirationem</span> <span class='ocrx_word' id='word_1_20' title='bbox 675 408 851 453; x_wconf 90' lang='lat' dir='ltr'>ortam</span> <span class='ocrx_word' id='word_1_21' title='bbox 886 409 1047 456; x_wconf 90' lang='lat' dir='ltr'>noctu</span> <span class='ocrx_word' id='word_1_22' title='bbox 1095 403 1455 473; x_wconf 82' lang='lat' dir='ltr'>conperisset,</span> <span class='ocrx_word' id='word_1_23' title='bbox 1504 403 1652 474; x_wconf 86' lang='lat' dir='ltr'>leges</span> <span class='ocrx_word' id='word_1_24' title='bbox 1687 403 1733 457; x_wconf 92' lang='lat' dir='ltr'>L</span> <span class='ocrx_word' id='word_1_25' title='bbox 1775 435 1795 444; x_wconf 94' lang='lat'>-</span> 
     </span>
     <span class='ocr_line' id='line_1_6' title="bbox 186 425 1794 546; baseline 0.004 -27"><span class='ocrx_word' id='word_1_26' title='bbox 186 470 339 537; x_wconf 89' lang='lat' dir='ltr'>curgi</span> <span class='ocrx_word' id='word_1_27' title='bbox 366 469 622 522; x_wconf 89' lang='lat' dir='ltr'>continuo</span> <span class='ocrx_word' id='word_1_28' title='bbox 651 470 956 540; x_wconf 86' lang='lat' dir='ltr'>abrogauit,</span> <span class='ocrx_word' id='word_1_29' title='bbox 985 490 1122 542; x_wconf 88' lang='lat' dir='ltr'>quae</span> <span class='ocrx_word' id='word_1_30' title='bbox 1151 472 1217 525; x_wconf 93' lang='lat' dir='ltr'>de</span> <span class='ocrx_word' id='word_1_31' title='bbox 1239 472 1567 527; x_wconf 82' lang='lat' dir='ltr'>indemnatis</span> <span class='ocrx_word' id='word_1_32' title='bbox 1590 425 1794 546; x_wconf 56' lang='lat' dir='ltr'>suppfi-</span> 
     </span>
    </p>

    <p class='ocr_par' dir='ltr' id='par_1_4' title="bbox 139 539 1795 892">
     <span class='ocr_line' id='line_1_7' title="bbox 139 539 1795 612; baseline 0.007 -26"><span class='ocrx_word' id='word_1_33' title='bbox 139 554 162 586; x_wconf 84' lang='lat'>5</span> <span class='ocrx_word' id='word_1_34' title='bbox 185 539 329 592; x_wconf 88' lang='lat' dir='ltr'>cium</span> <span class='ocrx_word' id='word_1_35' title='bbox 366 540 507 591; x_wconf 91' lang='lat' dir='ltr'>sumi</span> <span class='ocrx_word' id='word_1_36' title='bbox 549 541 836 595; x_wconf 85' lang='lat' dir='ltr'>uetabant:</span> <span class='ocrx_word' id='word_1_37' title='bbox 889 542 1275 612; x_wconf 77' lang='lat' dir='ltr'>conprehensis</span> <span class='ocrx_word' id='word_1_38' title='bbox 1322 551 1503 596; x_wconf 90' lang='lat' dir='ltr'>autem</span> <span class='ocrx_word' id='word_1_39' title='bbox 1543 551 1597 597; x_wconf 90' lang='lat' dir='ltr'>et</span> <span class='ocrx_word' id='word_1_40' title='bbox 1630 545 1795 599; x_wconf 90' lang='lat' dir='ltr'>inter-</span> 
     </span>
     <span class='ocr_line' id='line_1_8' title="bbox 184 610 1795 686; baseline 0.004 -25"><span class='ocrx_word' id='word_1_41' title='bbox 184 610 341 661; x_wconf 86' lang='lat' dir='ltr'>fectis</span> <span class='ocrx_word' id='word_1_42' title='bbox 385 610 632 663; x_wconf 81' lang='lat' dir='ltr'>sontibus</span> <span class='ocrx_word' id='word_1_43' title='bbox 673 630 701 664; x_wconf 94' lang='lat' dir='ltr'>e</span> <span class='ocrx_word' id='word_1_44' title='bbox 744 612 976 682; x_wconf 91' lang='lat' dir='ltr'>uestigio</span> <span class='ocrx_word' id='word_1_45' title='bbox 1021 613 1260 666; x_wconf 84' lang='lat' dir='ltr'>restituit</span> <span class='ocrx_word' id='word_1_46' title='bbox 1304 622 1464 684; x_wconf 88' lang='lat' dir='ltr'>atque</span> <span class='ocrx_word' id='word_1_47' title='bbox 1505 623 1795 686; x_wconf 87' lang='lat' dir='ltr'>utrumque</span> 
     </span>
     <span class='ocr_line' id='line_1_9' title="bbox 185 679 1793 751; baseline 0.004 -20"><span class='ocrx_word' id='word_1_48' title='bbox 185 679 348 732; x_wconf 90' lang='lat' dir='ltr'>simul</span> <span class='ocrx_word' id='word_1_49' title='bbox 372 680 630 751; x_wconf 89' lang='lat' dir='ltr'>prouidit,</span> <span class='ocrx_word' id='word_1_50' title='bbox 668 700 735 734; x_wconf 93' lang='lat' dir='ltr'>ne</span> <span class='ocrx_word' id='word_1_51' title='bbox 763 683 1017 735; x_wconf 89' lang='lat' dir='ltr'>salutaris</span> <span class='ocrx_word' id='word_1_52' title='bbox 1046 684 1448 738; x_wconf 88' lang='lat' dir='ltr'>animaduersio</span> <span class='ocrx_word' id='word_1_53' title='bbox 1478 684 1564 737; x_wconf 90' lang='lat' dir='ltr'>uel</span> <span class='ocrx_word' id='word_1_54' title='bbox 1591 686 1793 738; x_wconf 81' lang='lat' dir='ltr'>iniusta</span> 
     </span>
     <span class='ocr_line' id='line_1_10' title="bbox 183 750 1791 825; baseline 0.004 -24"><span class='ocrx_word' id='word_1_55' title='bbox 183 759 329 802; x_wconf 90' lang='lat' dir='ltr'>esset</span> <span class='ocrx_word' id='word_1_56' title='bbox 363 750 451 802; x_wconf 92' lang='lat' dir='ltr'>uel</span> <span class='ocrx_word' id='word_1_57' title='bbox 485 751 601 803; x_wconf 91' lang='lat' dir='ltr'>iure</span> <span class='ocrx_word' id='word_1_58' title='bbox 637 752 1010 822; x_wconf 88' lang='lat' dir='ltr'>impediretur.</span> <span class='ocrx_word' id='word_1_59' title='bbox 1085 754 1268 824; x_wconf 83' lang='lat' dir='ltr'>itaque</span> <span class='ocrx_word' id='word_1_60' title='bbox 1312 761 1372 805; x_wconf 92' lang='lat' dir='ltr'>ut</span> <span class='ocrx_word' id='word_1_61' title='bbox 1417 773 1628 825; x_wconf 87' lang='lat' dir='ltr'>semper</span> <span class='ocrx_word' id='word_1_62' title='bbox 1672 775 1791 808; x_wconf 90' lang='lat' dir='ltr'>esse</span> 
     </span>
     <span class='ocr_line' id='line_1_11' title="bbox 183 820 1200 892; baseline 0.004 -19"><span class='ocrx_word' id='word_1_63' title='bbox 183 829 425 891; x_wconf 81' lang='lat' dir='ltr'>possent,</span> <span class='ocrx_word' id='word_1_64' title='bbox 454 820 748 892; x_wconf 89' lang='lat' dir='ltr'>aliquando</span> <span class='ocrx_word' id='word_1_65' title='bbox 774 842 883 875; x_wconf 91' lang='lat' dir='ltr'>non</span> <span class='ocrx_word' id='word_1_66' title='bbox 908 824 1145 877; x_wconf 88' lang='lat' dir='ltr'>fuerunt.</span> <span class='ocrx_word' id='word_1_67' title='bbox 1197 833 1200 835; x_wconf 84' lang='grc'><strong>’</strong></span> 
     </span>
    </p>

    <p class='ocr_par' dir='ltr' id='par_1_5' title="bbox 122 890 1794 1246">
     <span class='ocr_line' id='line_1_12' title="bbox 122 890 1791 966; baseline 0.006 -28"><span class='ocrx_word' id='word_1_68' title='bbox 122 908 161 939; x_wconf 87' lang='lat'>10</span> <span class='ocrx_word' id='word_1_69' title='bbox 294 892 375 944; x_wconf 80' lang='lat'>16.</span> <span class='ocrx_word' id='word_1_70' title='bbox 419 890 528 944; x_wconf 82' lang='lat' dir='ltr'>Sed</span> <span class='ocrx_word' id='word_1_71' title='bbox 553 893 735 946; x_wconf 89' lang='lat' dir='ltr'>nescio</span> <span class='ocrx_word' id='word_1_72' title='bbox 766 912 833 945; x_wconf 90' lang='lat' dir='ltr'>an</span> <span class='ocrx_word' id='word_1_73' title='bbox 853 893 1138 946; x_wconf 89' lang='lat' dir='ltr'>Hannonis</span> <span class='ocrx_word' id='word_1_74' title='bbox 1161 893 1651 948; x_wconf 84' lang='lat' dir='ltr'>excellentissimae</span> <span class='ocrx_word' id='word_1_75' title='bbox 1671 914 1791 966; x_wconf 85' lang='lat' dir='ltr'>pru-</span> 
     </span>
     <span class='ocr_line' id='line_1_13' title="bbox 187 961 1792 1035; baseline 0.004 -23"><span class='ocrx_word' id='word_1_76' title='bbox 187 961 402 1015; x_wconf 84' lang='lat' dir='ltr'>dentiae</span> <span class='ocrx_word' id='word_1_77' title='bbox 431 962 733 1015; x_wconf 90' lang='lat' dir='ltr'>consilium.</span> <span class='ocrx_word' id='word_1_78' title='bbox 807 963 1042 1034; x_wconf 84' lang='lat' dir='ltr'>Magone</span> <span class='ocrx_word' id='word_1_79' title='bbox 1071 964 1213 1017; x_wconf 88' lang='lat' dir='ltr'>enim</span> <span class='ocrx_word' id='word_1_80' title='bbox 1240 963 1542 1018; x_wconf 83' lang='lat' dir='ltr'>Cannensis</span> <span class='ocrx_word' id='word_1_81' title='bbox 1578 983 1792 1035; x_wconf 85' lang='lat' dir='ltr'>pugnae</span> 
     </span>
     <span class='ocr_line' id='line_1_14' title="bbox 184 1033 1792 1106; baseline 0.003 -23"><span class='ocrx_word' id='word_1_82' title='bbox 184 1033 390 1084; x_wconf 89' lang='lat' dir='ltr'>exitum</span> <span class='ocrx_word' id='word_1_83' title='bbox 418 1034 634 1086; x_wconf 85' lang='lat' dir='ltr'>senatui</span> <span class='ocrx_word' id='word_1_84' title='bbox 659 1033 965 1087; x_wconf 88' lang='lat' dir='ltr'>Poenorum</span> <span class='ocrx_word' id='word_1_85' title='bbox 1001 1036 1289 1088; x_wconf 86' lang='lat' dir='ltr'>nuntiante</span> <span class='ocrx_word' id='word_1_86' title='bbox 1312 1036 1487 1106; x_wconf 86' lang='lat' dir='ltr'>&#39;inque</span> <span class='ocrx_word' id='word_1_87' title='bbox 1513 1036 1652 1088; x_wconf 90' lang='lat' dir='ltr'>tanti</span> <span class='ocrx_word' id='word_1_88' title='bbox 1678 1054 1792 1088; x_wconf 89' lang='lat' dir='ltr'>suc-</span> 
     </span>
     <span class='ocr_line' id='line_1_15' title="bbox 184 1103 1794 1159; baseline 0.003 -6"><span class='ocrx_word' id='word_1_89' title='bbox 184 1121 365 1154; x_wconf 87' lang='lat' dir='ltr'>cessus</span> <span class='ocrx_word' id='word_1_90' title='bbox 395 1103 560 1155; x_wconf 90' lang='lat' dir='ltr'>fidem</span> <span class='ocrx_word' id='word_1_91' title='bbox 597 1104 789 1156; x_wconf 90' lang='lat' dir='ltr'>anulos</span> <span class='ocrx_word' id='word_1_92' title='bbox 829 1123 1021 1157; x_wconf 88' lang='lat' dir='ltr'>aureos</span> <span class='ocrx_word' id='word_1_93' title='bbox 1057 1107 1222 1157; x_wconf 87' lang='lat' dir='ltr'>trium</span> <span class='ocrx_word' id='word_1_94' title='bbox 1248 1106 1556 1159; x_wconf 90' lang='lat' dir='ltr'>modiorum</span> <span class='ocrx_word' id='word_1_95' title='bbox 1581 1125 1794 1158; x_wconf 92' lang='lat' dir='ltr'>mensu-</span> 
     </span>
     <span class='ocr_line' id='line_1_16' title="bbox 182 1173 1792 1246; baseline 0.002 -22"><span class='ocrx_word' id='word_1_96' title='bbox 182 1191 299 1225; x_wconf 90' lang='lat' dir='ltr'>ram</span> <span class='ocrx_word' id='word_1_97' title='bbox 326 1173 606 1243; x_wconf 84' lang='lat' dir='ltr'>explentes</span> <span class='ocrx_word' id='word_1_98' title='bbox 643 1175 930 1242; x_wconf 85' lang='lat' dir='ltr'>fundente,</span> <span class='ocrx_word' id='word_1_99' title='bbox 968 1176 1060 1246; x_wconf 90' lang='lat' dir='ltr'>qui</span> <span class='ocrx_word' id='word_1_100' title='bbox 1093 1175 1397 1229; x_wconf 88' lang='lat' dir='ltr'>interfectis</span> <span class='ocrx_word' id='word_1_101' title='bbox 1432 1177 1634 1229; x_wconf 89' lang='lat' dir='ltr'>nostris</span> <span class='ocrx_word' id='word_1_102' title='bbox 1662 1176 1792 1229; x_wconf 90' lang='lat' dir='ltr'>ciui-</span> 
     </span>
    </p>

    <p class='ocr_par' dir='ltr' id='par_1_6' title="bbox 122 1243 1792 1593">
     <span class='ocr_line' id='line_1_17' title="bbox 122 1243 1792 1317; baseline 0.004 -26"><span class='ocrx_word' id='word_1_103' title='bbox 122 1259 159 1291; x_wconf 79' lang='grc'>15</span> <span class='ocrx_word' id='word_1_104' title='bbox 182 1243 284 1296; x_wconf 92' lang='lat' dir='ltr'>bus</span> <span class='ocrx_word' id='word_1_105' title='bbox 314 1243 544 1296; x_wconf 89' lang='lat' dir='ltr'>detracti</span> <span class='ocrx_word' id='word_1_106' title='bbox 572 1255 742 1309; x_wconf 85' lang='lat' dir='ltr'>erant,</span> <span class='ocrx_word' id='word_1_107' title='bbox 771 1247 1042 1316; x_wconf 89' lang='lat' dir='ltr'>quaesiuit</span> <span class='ocrx_word' id='word_1_108' title='bbox 1063 1265 1132 1298; x_wconf 91' lang='lat' dir='ltr'>an</span> <span class='ocrx_word' id='word_1_109' title='bbox 1151 1245 1346 1316; x_wconf 88' lang='lat' dir='ltr'>aliquis</span> <span class='ocrx_word' id='word_1_110' title='bbox 1375 1248 1647 1300; x_wconf 89' lang='lat' dir='ltr'>sociorum</span> <span class='ocrx_word' id='word_1_111' title='bbox 1667 1254 1792 1317; x_wconf 87' lang='lat' dir='ltr'>post</span> 
     </span>
     <span class='ocr_line' id='line_1_18' title="bbox 183 1313 1790 1387; baseline 0.001 -22"><span class='ocrx_word' id='word_1_112' title='bbox 183 1322 392 1365; x_wconf 82' lang='lat' dir='ltr'>tantam</span> <span class='ocrx_word' id='word_1_113' title='bbox 419 1313 629 1367; x_wconf 85' lang='lat' dir='ltr'>cladem</span> <span class='ocrx_word' id='word_1_114' title='bbox 656 1334 688 1367; x_wconf 94' lang='lat' dir='ltr'>a</span> <span class='ocrx_word' id='word_1_115' title='bbox 714 1316 975 1382; x_wconf 84' lang='lat' dir='ltr'>Romanis</span> <span class='ocrx_word' id='word_1_116' title='bbox 1013 1316 1330 1383; x_wconf 76' lang='lat' dir='ltr'>defecisset,</span> <span class='ocrx_word' id='word_1_117' title='bbox 1367 1325 1530 1387; x_wconf 89' lang='lat' dir='ltr'>atque</span> <span class='ocrx_word' id='word_1_118' title='bbox 1555 1325 1615 1369; x_wconf 92' lang='lat' dir='ltr'>ut</span> <span class='ocrx_word' id='word_1_119' title='bbox 1641 1317 1790 1369; x_wconf 92' lang='lat' dir='ltr'>audi-</span> 
     </span>
     <span class='ocr_line' id='line_1_19' title="bbox 181 1385 1790 1458; baseline 0.001 -23"><span class='ocrx_word' id='word_1_120' title='bbox 181 1386 264 1436; x_wconf 91' lang='lat' dir='ltr'>uit</span> <span class='ocrx_word' id='word_1_121' title='bbox 289 1385 560 1436; x_wconf 88' lang='lat' dir='ltr'>neminem</span> <span class='ocrx_word' id='word_1_122' title='bbox 587 1386 658 1437; x_wconf 91' lang='lat' dir='ltr'>ad</span> <span class='ocrx_word' id='word_1_123' title='bbox 684 1385 1056 1438; x_wconf 88' lang='lat' dir='ltr'>Hannibalem</span> <span class='ocrx_word' id='word_1_124' title='bbox 1083 1387 1374 1454; x_wconf 87' lang='lat' dir='ltr'>transisse,</span> <span class='ocrx_word' id='word_1_125' title='bbox 1413 1388 1588 1457; x_wconf 72' lang='lat' dir='ltr'>suasit</span> <span class='ocrx_word' id='word_1_126' title='bbox 1622 1387 1790 1458; x_wconf 89' lang='lat' dir='ltr'>proti-</span> 
     </span>
     <span class='ocr_line' id='line_1_20' title="bbox 182 1454 1789 1527; baseline 0.003 -22"><span class='ocrx_word' id='word_1_127' title='bbox 182 1473 282 1506; x_wconf 90' lang='lat' dir='ltr'>nus</span> <span class='ocrx_word' id='word_1_128' title='bbox 309 1454 476 1523; x_wconf 86' lang='lat' dir='ltr'>legati</span> <span class='ocrx_word' id='word_1_129' title='bbox 502 1455 750 1522; x_wconf 85' lang='lat' dir='ltr'>Romam,</span> <span class='ocrx_word' id='word_1_130' title='bbox 778 1474 874 1525; x_wconf 89' lang='lat' dir='ltr'>per</span> <span class='ocrx_word' id='word_1_131' title='bbox 901 1475 1034 1526; x_wconf 91' lang='lat' dir='ltr'>quos</span> <span class='ocrx_word' id='word_1_132' title='bbox 1064 1456 1131 1509; x_wconf 88' lang='lat' dir='ltr'>de</span> <span class='ocrx_word' id='word_1_133' title='bbox 1156 1475 1292 1527; x_wconf 91' lang='lat' dir='ltr'>pace</span> <span class='ocrx_word' id='word_1_134' title='bbox 1312 1465 1583 1526; x_wconf 82' lang='lat' dir='ltr'>ageretur,</span> <span class='ocrx_word' id='word_1_135' title='bbox 1612 1457 1789 1510; x_wconf 89' lang='lat' dir='ltr'>mitte-</span> 
     </span>
     <span class='ocr_line' id='line_1_21' title="bbox 184 1526 1790 1593; baseline 0.002 -18"><span class='ocrx_word' id='word_1_136' title='bbox 184 1532 389 1576; x_wconf 86' lang='lat' dir='ltr'>rentur.</span> <span class='ocrx_word' id='word_1_137' title='bbox 451 1526 602 1577; x_wconf 89' lang='lat' dir='ltr'>cuius</span> <span class='ocrx_word' id='word_1_138' title='bbox 641 1527 686 1578; x_wconf 91' lang='lat' dir='ltr'>si</span> <span class='ocrx_word' id='word_1_139' title='bbox 723 1527 993 1578; x_wconf 89' lang='lat' dir='ltr'>sententia</span> <span class='ocrx_word' id='word_1_140' title='bbox 1026 1526 1316 1593; x_wconf 88' lang='lat' dir='ltr'>ualuisset,</span> <span class='ocrx_word' id='word_1_141' title='bbox 1351 1546 1417 1579; x_wconf 91' lang='lat' dir='ltr'>ne</span> <span class='ocrx_word' id='word_1_142' title='bbox 1458 1546 1525 1579; x_wconf 92' lang='lat' dir='ltr'>ue</span> <span class='ocrx_word' id='word_1_143' title='bbox 1556 1527 1790 1585; x_wconf 91' lang='lat' dir='ltr'>secundo</span> 
     </span>
    </p>

    <p class='ocr_par' dir='ltr' id='par_1_7' title="bbox 118 1547 1789 1668">
     <span class='ocr_line' id='line_1_22' title="bbox 118 1547 1789 1668; baseline 0.003 -24"><span class='ocrx_word' id='word_1_144' title='bbox 118 1615 160 1646; x_wconf 79' lang='lat'>20</span> <span class='ocrx_word' id='word_1_145' title='bbox 176 1594 386 1647; x_wconf 85' lang='lat' dir='ltr'>Punico</span> <span class='ocrx_word' id='word_1_146' title='bbox 414 1594 555 1649; x_wconf 91' lang='lat' dir='ltr'>bello</span> <span class='ocrx_word' id='word_1_147' title='bbox 577 1597 726 1648; x_wconf 87' lang='lat' dir='ltr'>uicta</span> <span class='ocrx_word' id='word_1_148' title='bbox 746 1597 1030 1665; x_wconf 84' lang='lat' dir='ltr'>Karthago</span> <span class='ocrx_word' id='word_1_149' title='bbox 1051 1615 1227 1668; x_wconf 89' lang='lat' dir='ltr'>neque</span> <span class='ocrx_word' id='word_1_150' title='bbox 1248 1599 1409 1651; x_wconf 90' lang='lat' dir='ltr'>tertio</span> <span class='ocrx_word' id='word_1_151' title='bbox 1421 1547 1611 1650; x_wconf 59' lang='lat' dir='ltr'>(deleta</span> <span class='ocrx_word' id='word_1_152' title='bbox 1630 1597 1789 1651; x_wconf 86' lang='lat' dir='ltr'>foret.</span> 
     </span>
    </p>

    <p class='ocr_par' dir='ltr' id='par_1_8' title="bbox 181 1665 1791 1947">
     <span class='ocr_line' id='line_1_23' title="bbox 293 1665 1789 1738; baseline 0.003 -22"><span class='ocrx_word' id='word_1_153' title='bbox 293 1666 374 1717; x_wconf 84' lang='lat'>17.</span> <span class='ocrx_word' id='word_1_154' title='bbox 414 1665 497 1718; x_wconf 91' lang='lat' dir='ltr'>Ne</span> <span class='ocrx_word' id='word_1_155' title='bbox 526 1666 795 1719; x_wconf 83' lang='lat' dir='ltr'>Samnites</span> <span class='ocrx_word' id='word_1_156' title='bbox 835 1667 1054 1737; x_wconf 90' lang='lat' dir='ltr'>quidem</span> <span class='ocrx_word' id='word_1_157' title='bbox 1083 1686 1284 1737; x_wconf 88' lang='lat' dir='ltr'>paruas</span> <span class='ocrx_word' id='word_1_158' title='bbox 1311 1686 1515 1738; x_wconf 88' lang='lat' dir='ltr'>poenas</span> <span class='ocrx_word' id='word_1_159' title='bbox 1542 1669 1789 1720; x_wconf 88' lang='lat' dir='ltr'>consimi-</span> 
     </span>
     <span class='ocr_line' id='line_1_24' title="bbox 181 1735 1791 1807; baseline 0.002 -21"><span class='ocrx_word' id='word_1_160' title='bbox 181 1735 248 1787; x_wconf 89' lang='lat' dir='ltr'>lis</span> <span class='ocrx_word' id='word_1_161' title='bbox 277 1737 474 1788; x_wconf 89' lang='lat' dir='ltr'>erroris</span> <span class='ocrx_word' id='word_1_162' title='bbox 503 1738 891 1807; x_wconf 89' lang='lat' dir='ltr'>pependerunt,</span> <span class='ocrx_word' id='word_1_163' title='bbox 920 1738 1068 1807; x_wconf 87' lang='lat' dir='ltr'>quod</span> <span class='ocrx_word' id='word_1_164' title='bbox 1095 1737 1339 1791; x_wconf 87' lang='lat' dir='ltr'>Herenni</span> <span class='ocrx_word' id='word_1_165' title='bbox 1366 1739 1528 1792; x_wconf 88' lang='lat' dir='ltr'>Ponti</span> <span class='ocrx_word' id='word_1_166' title='bbox 1554 1737 1791 1791; x_wconf 86' lang='lat' dir='ltr'>salutare</span> 
     </span>
     <span class='ocr_line' id='line_1_25' title="bbox 181 1805 1791 1881; baseline 0.002 -24"><span class='ocrx_word' id='word_1_167' title='bbox 181 1805 473 1858; x_wconf 89' lang='lat' dir='ltr'>consilium</span> <span class='ocrx_word' id='word_1_168' title='bbox 498 1807 870 1881; x_wconf 76' lang='lat' dir='ltr'>neglexerant.</span> <span class='ocrx_word' id='word_1_169' title='bbox 946 1809 1039 1878; x_wconf 91' lang='lat' dir='ltr'>qui</span> <span class='ocrx_word' id='word_1_170' title='bbox 1075 1809 1397 1862; x_wconf 88' lang='lat' dir='ltr'>auctoritate</span> <span class='ocrx_word' id='word_1_171' title='bbox 1425 1817 1478 1861; x_wconf 88' lang='lat' dir='ltr'>et</span> <span class='ocrx_word' id='word_1_172' title='bbox 1502 1809 1791 1879; x_wconf 88' lang='lat' dir='ltr'>prudentia</span> 
     </span>
     <span class='ocr_line' id='line_1_26' title="bbox 182 1879 1789 1947; baseline 0.002 -19"><span class='ocrx_word' id='word_1_173' title='bbox 182 1885 389 1930; x_wconf 90' lang='lat' dir='ltr'>ceteros</span> <span class='ocrx_word' id='word_1_174' title='bbox 418 1887 704 1947; x_wconf 89' lang='lat' dir='ltr'>praestans</span> <span class='ocrx_word' id='word_1_175' title='bbox 734 1879 804 1932; x_wconf 90' lang='lat' dir='ltr'>ab</span> <span class='ocrx_word' id='word_1_176' title='bbox 832 1880 1075 1932; x_wconf 89' lang='lat' dir='ltr'>exercitu</span> <span class='ocrx_word' id='word_1_177' title='bbox 1102 1887 1156 1932; x_wconf 92' lang='lat' dir='ltr'>et</span> <span class='ocrx_word' id='word_1_178' title='bbox 1184 1879 1320 1932; x_wconf 90' lang='lat' dir='ltr'>duce</span> <span class='ocrx_word' id='word_1_179' title='bbox 1347 1880 1490 1947; x_wconf 78' lang='lat' dir='ltr'>eiuS,</span> <span class='ocrx_word' id='word_1_180' title='bbox 1526 1879 1637 1933; x_wconf 90' lang='lat' dir='ltr'>filio</span> <span class='ocrx_word' id='word_1_181' title='bbox 1676 1898 1789 1944; x_wconf 85' lang='lat' dir='ltr'>sue,</span> 
     </span>
    </p>
   </div>
   <div class='ocr_carea' id='block_1_4' title="bbox 68 2011 1838 2702">
    <p class='ocr_par' dir='ltr' id='par_1_9' title="bbox 68 2011 1838 2352">
     <span class='ocr_line' id='line_1_27' title="bbox 120 2011 1788 2072; baseline 0 -17"><span class='ocrx_word' id='word_1_182' title='bbox 120 2024 161 2056; x_wconf 78' lang='lat'>25</span> <span class='ocrx_word' id='word_1_183' title='bbox 184 2023 408 2070; x_wconf 74' lang='lat' dir='ltr'>pauperes</span> <span class='ocrx_word' id='word_1_184' title='bbox 436 2011 706 2071; x_wconf 82' lang='lat' dir='ltr'>constringi,</span> <span class='ocrx_word' id='word_1_185' title='bbox 735 2012 900 2057; x_wconf 84' lang='lat' dir='ltr'>diuites</span> <span class='ocrx_word' id='word_1_186' title='bbox 927 2026 1018 2057; x_wconf 90' lang='lat' dir='ltr'>non</span> <span class='ocrx_word' id='word_1_187' title='bbox 1045 2011 1248 2072; x_wconf 82' lang='lat' dir='ltr'>adligari.</span> <span class='ocrx_word' id='word_1_188' title='bbox 1318 2015 1384 2057; x_wconf 84' lang='lat'>15.</span> <span class='ocrx_word' id='word_1_189' title='bbox 1423 2012 1661 2072; x_wconf 81' lang='lat' dir='ltr'>Agesilaus</span> <span class='ocrx_word' id='word_1_190' title='bbox 1689 2025 1788 2056; x_wconf 91' lang='lat' dir='ltr'>cum</span> 
     </span>
     <span class='ocr_line' id='line_1_28' title="bbox 68 2067 1787 2142; baseline 0.001 -17"><span class='ocrx_word' id='word_1_191' title='bbox 68 2067 158 2100; x_wconf 49' lang='grc' dir='ltr'>ΡΜ·</span> <span class='ocrx_word' id='word_1_192' title='bbox 184 2080 402 2125; x_wconf 89' lang='lat' dir='ltr'>aduersus</span> <span class='ocrx_word' id='word_1_193' title='bbox 440 2094 534 2125; x_wconf 88' lang='lat' dir='ltr'>rem</span> <span class='ocrx_word' id='word_1_194' title='bbox 560 2081 1028 2128; x_wconf 79' lang='lat' dir='ltr'>Lacedaemoniorum</span> <span class='ocrx_word' id='word_1_195' title='bbox 1057 2082 1442 2142; x_wconf 82' lang='lat' dir='ltr'>conspirationem</span> <span class='ocrx_word' id='word_1_196' title='bbox 1479 2089 1623 2127; x_wconf 87' lang='lat' dir='ltr'>ortam</span> <span class='ocrx_word' id='word_1_197' title='bbox 1650 2087 1787 2126; x_wconf 85' lang='lat' dir='ltr'>noctu</span> 
     </span>
     <span class='ocr_line' id='line_1_29' title="bbox 181 2149 1838 2211; baseline 0.001 -16"><span class='ocrx_word' id='word_1_198' title='bbox 181 2149 478 2209; x_wconf 81' lang='lat' dir='ltr'>conperisset,</span> <span class='ocrx_word' id='word_1_199' title='bbox 506 2149 630 2209; x_wconf 82' lang='lat' dir='ltr'>leges</span> <span class='ocrx_word' id='word_1_200' title='bbox 648 2152 843 2211; x_wconf 81' lang='lat' dir='ltr'>Lycurgi</span> <span class='ocrx_word' id='word_1_201' title='bbox 873 2154 1090 2197; x_wconf 84' lang='lat' dir='ltr'>continuo</span> <span class='ocrx_word' id='word_1_202' title='bbox 1119 2151 1372 2210; x_wconf 82' lang='lat' dir='ltr'>abrogauit,</span> <span class='ocrx_word' id='word_1_203' title='bbox 1402 2166 1517 2211; x_wconf 83' lang='lat' dir='ltr'>quae</span> <span class='ocrx_word' id='word_1_204' title='bbox 1544 2151 1598 2196; x_wconf 90' lang='lat' dir='ltr'>de</span> <span class='ocrx_word' id='word_1_205' title='bbox 1619 2151 1787 2196; x_wconf 89' lang='lat' dir='ltr'>indem-</span> <span class='ocrx_word' id='word_1_206' title='bbox 1835 2156 1838 2158; x_wconf 84' lang='grc'><strong>’</strong></span> 
     </span>
     <span class='ocr_line' id='line_1_30' title="bbox 181 2220 1788 2281; baseline 0.002 -18"><span class='ocrx_word' id='word_1_207' title='bbox 181 2221 299 2264; x_wconf 80' lang='lat' dir='ltr'>natis</span> <span class='ocrx_word' id='word_1_208' title='bbox 326 2220 598 2279; x_wconf 83' lang='lat' dir='ltr'>supplicium</span> <span class='ocrx_word' id='word_1_209' title='bbox 627 2221 743 2266; x_wconf 88' lang='lat' dir='ltr'>sumi</span> <span class='ocrx_word' id='word_1_210' title='bbox 770 2221 998 2266; x_wconf 84' lang='lat' dir='ltr'>uetabant.</span> <span class='ocrx_word' id='word_1_211' title='bbox 1038 2222 1320 2281; x_wconf 84' lang='lat' dir='ltr'>comprensis</span> <span class='ocrx_word' id='word_1_212' title='bbox 1341 2229 1386 2267; x_wconf 87' lang='lat' dir='ltr'>et</span> <span class='ocrx_word' id='word_1_213' title='bbox 1405 2221 1656 2267; x_wconf 81' lang='lat' dir='ltr'>intersectis</span> <span class='ocrx_word' id='word_1_214' title='bbox 1685 2236 1788 2267; x_wconf 91' lang='lat' dir='ltr'>son-</span> 
     </span>
     <span class='ocr_line' id='line_1_31' title="bbox 180 2290 1786 2352; baseline 0.002 -18"><span class='ocrx_word' id='word_1_215' title='bbox 180 2290 300 2334; x_wconf 84' lang='lat' dir='ltr'>tibus</span> <span class='ocrx_word' id='word_1_216' title='bbox 342 2290 518 2334; x_wconf 85' lang='lat' dir='ltr'>easdem</span> <span class='ocrx_word' id='word_1_217' title='bbox 562 2291 688 2351; x_wconf 82' lang='lat' dir='ltr'>leges</span> <span class='ocrx_word' id='word_1_218' title='bbox 733 2293 952 2337; x_wconf 85' lang='lat' dir='ltr'>restituit.</span> <span class='ocrx_word' id='word_1_219' title='bbox 1030 2294 1095 2336; x_wconf 86' lang='grc'>16.</span> <span class='ocrx_word' id='word_1_220' title='bbox 1147 2292 1274 2352; x_wconf 80' lang='lat' dir='ltr'>Mago</span> <span class='ocrx_word' id='word_1_221' title='bbox 1321 2292 1563 2338; x_wconf 78' lang='lat' dir='ltr'>Cannensis</span> <span class='ocrx_word' id='word_1_222' title='bbox 1607 2306 1786 2352; x_wconf 76' lang='lat' dir='ltr'>pugnae</span> 
     </span>
    </p>

    <p class='ocr_par' dir='ltr' id='par_1_10' title="bbox 117 2353 1784 2563">
     <span class='ocr_line' id='line_1_32' title="bbox 117 2353 1784 2422; baseline 0.004 -21"><span class='ocrx_word' id='word_1_223' title='bbox 117 2369 158 2401; x_wconf 87' lang='lat'>30</span> <span class='ocrx_word' id='word_1_224' title='bbox 182 2353 351 2406; x_wconf 78' lang='lat' dir='ltr'>exitum</span> <span class='ocrx_word' id='word_1_225' title='bbox 379 2361 556 2406; x_wconf 84' lang='lat' dir='ltr'>senatui</span> <span class='ocrx_word' id='word_1_226' title='bbox 583 2360 840 2407; x_wconf 88' lang='lat' dir='ltr'>Poenorum</span> <span class='ocrx_word' id='word_1_227' title='bbox 867 2362 1104 2413; x_wconf 76' lang='lat' dir='ltr'>nuntians,</span> <span class='ocrx_word' id='word_1_228' title='bbox 1134 2362 1444 2422; x_wconf 84' lang='lat' dir='ltr'>interrogatus</span> <span class='ocrx_word' id='word_1_229' title='bbox 1472 2363 1525 2408; x_wconf 85' lang='lat' dir='ltr'>ab</span> <span class='ocrx_word' id='word_1_230' title='bbox 1553 2362 1784 2413; x_wconf 85' lang='lat' dir='ltr'>Hannone,</span> 
     </span>
     <span class='ocr_line' id='line_1_33' title="bbox 181 2430 1784 2492; baseline 0.001 -16"><span class='ocrx_word' id='word_1_231' title='bbox 181 2445 235 2476; x_wconf 82' lang='lat' dir='ltr'>an</span> <span class='ocrx_word' id='word_1_232' title='bbox 262 2430 426 2490; x_wconf 87' lang='lat' dir='ltr'>aliquis</span> <span class='ocrx_word' id='word_1_233' title='bbox 456 2431 683 2483; x_wconf 77' lang='lat' dir='ltr'>sociorum</span> <span class='ocrx_word' id='word_1_234' title='bbox 713 2440 818 2492; x_wconf 87' lang='lat' dir='ltr'>post</span> <span class='ocrx_word' id='word_1_235' title='bbox 847 2440 1015 2478; x_wconf 82' lang='lat' dir='ltr'>tantam</span> <span class='ocrx_word' id='word_1_236' title='bbox 1042 2433 1214 2479; x_wconf 81' lang='lat' dir='ltr'>cladem</span> <span class='ocrx_word' id='word_1_237' title='bbox 1241 2448 1264 2478; x_wconf 85' lang='lat' dir='ltr'>a</span> <span class='ocrx_word' id='word_1_238' title='bbox 1291 2434 1503 2478; x_wconf 86' lang='lat' dir='ltr'>Romanis</span> <span class='ocrx_word' id='word_1_239' title='bbox 1531 2433 1784 2483; x_wconf 77' lang='lat' dir='ltr'>defecisset,</span> 
     </span>
     <span class='ocr_line' id='line_1_34' title="bbox 180 2501 1784 2563; baseline 0.001 -18"><span class='ocrx_word' id='word_1_240' title='bbox 180 2503 379 2561; x_wconf 85' lang='lat' dir='ltr'>negauit.</span> <span class='ocrx_word' id='word_1_241' title='bbox 433 2509 526 2546; x_wconf 91' lang='lat' dir='ltr'>tum</span> <span class='ocrx_word' id='word_1_242' title='bbox 555 2501 629 2547; x_wconf 89' lang='lat' dir='ltr'>ille</span> <span class='ocrx_word' id='word_1_243' title='bbox 658 2505 867 2562; x_wconf 87' lang='lat' dir='ltr'>protinus</span> <span class='ocrx_word' id='word_1_244' title='bbox 897 2505 1039 2548; x_wconf 77' lang='lat' dir='ltr'>suasit</span> <span class='ocrx_word' id='word_1_245' title='bbox 1068 2511 1117 2548; x_wconf 86' lang='lat' dir='ltr'>ut</span> <span class='ocrx_word' id='word_1_246' title='bbox 1145 2504 1281 2563; x_wconf 84' lang='lat' dir='ltr'>legati</span> <span class='ocrx_word' id='word_1_247' title='bbox 1309 2503 1491 2548; x_wconf 83' lang='lat' dir='ltr'>Romam</span> <span class='ocrx_word' id='word_1_248' title='bbox 1511 2539 1521 2557; x_wconf 85' lang='lat'>‚</span> <span class='ocrx_word' id='word_1_249' title='bbox 1561 2517 1642 2563; x_wconf 91' lang='lat' dir='ltr'>per</span> <span class='ocrx_word' id='word_1_250' title='bbox 1669 2517 1784 2563; x_wconf 89' lang='lat' dir='ltr'>quos</span> 
     </span>
    </p>

    <p class='ocr_par' dir='ltr' id='par_1_11' title="bbox 156 2573 1783 2702">
     <span class='ocr_line' id='line_1_35' title="bbox 156 2573 1783 2632; baseline 0.001 -16"><span class='ocrx_word' id='word_1_251' title='bbox 156 2573 233 2618; x_wconf 81' lang='lat' dir='ltr'>,de</span> <span class='ocrx_word' id='word_1_252' title='bbox 275 2586 386 2632; x_wconf 87' lang='lat' dir='ltr'>pace</span> <span class='ocrx_word' id='word_1_253' title='bbox 433 2580 668 2632; x_wconf 81' lang='lat' dir='ltr'>ageretur,</span> <span class='ocrx_word' id='word_1_254' title='bbox 716 2575 1023 2628; x_wconf 82' lang='lat' dir='ltr'>mitterentur.</span> <span class='ocrx_word' id='word_1_255' title='bbox 1101 2577 1167 2619; x_wconf 91' lang='lat'>17.</span> <span class='ocrx_word' id='word_1_256' title='bbox 1210 2574 1460 2620; x_wconf 85' lang='lat' dir='ltr'>Herennius</span> <span class='ocrx_word' id='word_1_257' title='bbox 1498 2573 1686 2618; x_wconf 87' lang='lat' dir='ltr'>Pontius</span> <span class='ocrx_word' id='word_1_258' title='bbox 1730 2573 1783 2618; x_wconf 85' lang='lat' dir='ltr'>ab</span> 
     </span>
     <span class='ocr_line' id='line_1_36' title="bbox 181 2643 1783 2702; baseline -0.001 -15"><span class='ocrx_word' id='word_1_259' title='bbox 181 2643 379 2688; x_wconf 78' lang='lat' dir='ltr'>exercitu</span> <span class='ocrx_word' id='word_1_260' title='bbox 408 2643 672 2689; x_wconf 81' lang='lat' dir='ltr'>Samnitium</span> <span class='ocrx_word' id='word_1_261' title='bbox 701 2659 750 2690; x_wconf 84' lang='lat' dir='ltr'>ac</span> <span class='ocrx_word' id='word_1_262' title='bbox 778 2645 888 2690; x_wconf 90' lang='lat' dir='ltr'>duce</span> <span class='ocrx_word' id='word_1_263' title='bbox 917 2646 1012 2689; x_wconf 88' lang='lat' dir='ltr'>eius</span> <span class='ocrx_word' id='word_1_264' title='bbox 1041 2644 1133 2690; x_wconf 85' lang='lat' dir='ltr'>filio</span> <span class='ocrx_word' id='word_1_265' title='bbox 1162 2658 1245 2690; x_wconf 90' lang='lat' dir='ltr'>suo</span> <span class='ocrx_word' id='word_1_266' title='bbox 1274 2644 1534 2694; x_wconf 85' lang='lat' dir='ltr'>consultuS,</span> <span class='ocrx_word' id='word_1_267' title='bbox 1574 2643 1783 2702; x_wconf 79' lang='lat' dir='ltr'>quidnam</span> 
     </span>
    </p>
   </div>
   <div class='ocr_carea' id='block_1_5' title="bbox 180 2774 1786 2999">
    <p class='ocr_par' dir='ltr' id='par_1_12' title="bbox 180 2774 1786 2932">
     <span class='ocr_line' id='line_1_37' title="bbox 293 2774 1784 2842; baseline -0.003 -22"><span class='ocrx_word' id='word_1_268' title='bbox 293 2782 318 2820; x_wconf 84' lang='lat'><strong>3</strong></span> <span class='ocrx_word' id='word_1_269' title='bbox 342 2781 686 2832; x_wconf 88' lang='lat' dir='ltr'>conspiratione</span> <span class='ocrx_word' id='word_1_270' title='bbox 711 2785 898 2821; x_wconf 84' lang='lat' dir='ltr'>mortem</span> <span class='ocrx_word' id='word_1_271' title='bbox 920 2774 975 2820; x_wconf 82' lang='lat' dir='ltr'>B&#39;</span> <span class='ocrx_word' id='word_1_272' title='bbox 1004 2778 1022 2834; x_wconf 76' lang='lat' dir='ltr'>[l</span> <span class='ocrx_word' id='word_1_273' title='bbox 1062 2780 1241 2834; x_wconf 79' lang='lat' dir='ltr'>lycurgi</span> <span class='ocrx_word' id='word_1_274' title='bbox 1265 2781 1480 2822; x_wconf 84' lang='lat' dir='ltr'>continuo</span> <span class='ocrx_word' id='word_1_275' title='bbox 1503 2779 1544 2818; x_wconf 93' lang='lat' dir='ltr'><em>B</em></span> <span class='ocrx_word' id='word_1_276' title='bbox 1561 2779 1720 2842; x_wconf 51' lang='lat' dir='ltr'>parl&#39;im</span> <span class='ocrx_word' id='word_1_277' title='bbox 1741 2779 1784 2817; x_wconf 82' lang='lat' dir='ltr'>in</span> 
     </span>
     <span class='ocr_line' id='line_1_38' title="bbox 180 2833 1786 2889; baseline -0.001 -15"><span class='ocrx_word' id='word_1_278' title='bbox 180 2848 268 2875; x_wconf 76' lang='lat' dir='ltr'>ras.</span> <span class='ocrx_word' id='word_1_279' title='bbox 337 2837 361 2875; x_wconf 84' lang='lat'>6</span> <span class='ocrx_word' id='word_1_280' title='bbox 383 2833 610 2889; x_wconf 87' lang='lat' dir='ltr'>sontibus]</span> <span class='ocrx_word' id='word_1_281' title='bbox 639 2838 738 2878; x_wconf 77' lang='lat' dir='ltr'>add.</span> <span class='ocrx_word' id='word_1_282' title='bbox 764 2836 946 2877; x_wconf 86' lang='lat' dir='ltr'>easdem</span> <span class='ocrx_word' id='word_1_283' title='bbox 969 2837 1010 2876; x_wconf 89' lang='lat' dir='ltr'><em>B</em></span> <span class='ocrx_word' id='word_1_284' title='bbox 1032 2850 1109 2889; x_wconf 72' lang='lat' dir='ltr'>my.</span> <span class='ocrx_word' id='word_1_285' title='bbox 1133 2850 1190 2877; x_wconf 75' lang='lat' dir='ltr'>ea:</span> <span class='ocrx_word' id='word_1_286' title='bbox 1211 2838 1252 2876; x_wconf 91' lang='lat' dir='ltr'><em>P</em></span> <span class='ocrx_word' id='word_1_287' title='bbox 1318 2839 1366 2876; x_wconf 93' lang='grc'>11</span> <span class='ocrx_word' id='word_1_288' title='bbox 1397 2836 1595 2886; x_wconf 84' lang='lat' dir='ltr'>inagone</span> <span class='ocrx_word' id='word_1_289' title='bbox 1618 2834 1659 2874; x_wconf 88' lang='lat' dir='ltr'><em>B</em></span> <span class='ocrx_word' id='word_1_290' title='bbox 1732 2835 1786 2874; x_wconf 82' lang='lat'>17</span> 
     </span>
     <span class='ocr_line' id='line_1_39' title="bbox 182 2888 1454 2932; baseline 0 -1"><span class='ocrx_word' id='word_1_291' title='bbox 182 2892 330 2931; x_wconf 84' lang='lat' dir='ltr'>suasit</span> <span class='ocrx_word' id='word_1_292' title='bbox 352 2896 400 2931; x_wconf 82' lang='lat' dir='ltr'>ut</span> <span class='ocrx_word' id='word_1_293' title='bbox 422 2892 487 2931; x_wconf 85' lang='lat' dir='ltr'>Pb</span> <span class='ocrx_word' id='word_1_294' title='bbox 547 2894 601 2932; x_wconf 82' lang='lat'>20</span> <span class='ocrx_word' id='word_1_295' title='bbox 623 2892 779 2932; x_wconf 84' lang='lat' dir='ltr'>delata</span> <span class='ocrx_word' id='word_1_296' title='bbox 801 2888 857 2931; x_wconf 86' lang='lat' dir='ltr'>B&#39;</span> <span class='ocrx_word' id='word_1_297' title='bbox 1448 2888 1454 2900; x_wconf 90' lang='grc'><em>’</em></span> 
     </span>
    </p>

    <p class='ocr_par' dir='ltr' id='par_1_13' title="bbox 294 2945 801 2999">
     <span class='ocr_line' id='line_1_40' title="bbox 294 2945 801 2999; baseline 0.002 -12"><span class='ocrx_word' id='word_1_298' title='bbox 294 2949 346 2988; x_wconf 73' lang='grc'>27</span> <span class='ocrx_word' id='word_1_299' title='bbox 371 2948 449 2999; x_wconf 89' lang='lat' dir='ltr'>qui</span> <span class='ocrx_word' id='word_1_300' title='bbox 464 2970 518 2975; x_wconf 84' lang='lat'>-—</span> <span class='ocrx_word' id='word_1_301' title='bbox 538 2945 733 2988; x_wconf 79' lang='lat' dir='ltr'>uetabat</span> <span class='ocrx_word' id='word_1_302' title='bbox 761 2950 801 2988; x_wconf 90' lang='lat' dir='ltr'><em>V</em></span> 
     </span>
    </p>
   </div>
  </div>
 </body>
</html>
