1878 3132
1201 0 1224 19 .'
1262 0 1284 21 's‘
1304 0 1404 27 WG‘

179 109 280 162 102
801 122 807 129 ’
885 113 982 159 LIB.
1023 113 1070 158 11.

282 221 332 274 6.
371 222 520 289 Age,
558 238 658 289 par
683 219 1021 290 proferamus
1047 218 1263 291 aequali
1289 220 1416 290 iugo
1442 221 1663 275 uirtutis
1679 222 1784 287 ,ho-

176 309 474 361 norumque
510 290 771 343 societate
798 290 1065 358 iunctum,
1102 291 1366 343 instinctu
1399 299 1582 345 autem
1606 309 1784 348 aemu-

176 362 396 414 lationis
436 362 615 413 animo
653 360 945 414 dissidens,
1007 359 1269 413 Claudius
1306 360 1451 414 Nero
1485 361 1784 433 Liuiusque

179 431 473 496 Salinator,
502 430 727 483 secundi
746 431 939 483 Punici
957 430 1086 484 belli
1114 431 1454 501 temporibus
1474 431 1786 485 firmissima

136 515 156 548 5
180 503 258 555 rei
293 501 542 571 publicae
581 502 780 567 latera,
827 519 989 572 quam
1015 500 1336 554 destrictam
1363 501 1522 554 simul
1558 510 1786 571 egerunt

177 573 485 624 censuram!
533 590 658 623 nam
692 590 813 623 eum
850 573 1091 642 equitum
1128 572 1399 623 centurias
1438 590 1785 642 recognosce-

178 650 298 694 rent
333 651 384 695 et
422 643 527 711 ipsi
554 649 773 712 propter
798 642 963 694 robur
997 642 1194 694 aetatis
1222 642 1389 694 etiam
1422 660 1565 695 nunc
1599 660 1787 695 eorum

179 722 361 766 essent
387 731 416 764 e
442 730 689 779 numere,
727 721 786 765 ut
823 720 906 764 est
940 711 1011 764 ad
1038 711 1270 765 Polliam
1305 719 1526 764 uentum
1562 713 1786 777 tribum,

178 802 374 853 praeco
402 781 542 835 lecto
570 783 787 835 nomine
815 781 1138 835 Salinatoris
1179 781 1460 834 citandum
1486 800 1654 835 necne
1683 782 1789 834 sibi.

114 867 156 900 10
180 861 324 907 esset
358 853 666 906 haesitauit.
728 854 874 922 quod
902 852 994 904 ubi
1032 851 1306 904 intellexit
1331 850 1505 918 Ner0,
1544 860 1597 905 et
1632 852 1789 904 citari

180 923 445 993 collegam
480 932 533 976 et
569 941 766 994 equum
791 922 1031 974 uendere
1058 923 1245 987 iussit,
1282 923 1411 992 quia
1435 921 1788 993 populi'iudi.-

180 996 262 1048 cio
300 994 588 1047 damnatus
626 1002 785 1045 esset.
848 992 1123 1045 Salinator
1149 1010 1360 1063 quoque
1395 992 1586 1045 eadem
1622 992 1789 1044 anim-

181 1064 506 1118 aduersione
539 1063 811 1116 Neronem
848 1071 1164 1142 persecutus
1204 1072 1314 1128 est,
1352 1054 1565 1115 adiecta
1607 1080 1788 1126 causa,

181 1135 327 1206 quod
369 1154 477 1188 non
521 1136 734 1187 sincer'a
776 1133 884 1186 fide
932 1151 1115 1185 secum
1158 1133 1214 1183 in
1257 1132 1493 1200 gratiam
1538 1131 1790 1184 redisset.

118 1218 159 1250 15
184 1206 381 1276 quibus
408 1206 541 1258 uiris
570 1206 614 1256 si
644 1205 764 1275 quis
802 1202 1119 1256 caelestium
1155 1201 1520 1270 significasset
1546 1201 1792 1255 futurum

184 1284 243 1328 ut
294 1294 481 1328 eorum
526 1275 748 1343 sanguis
798 1272 1110 1326 inlustrium
1160 1273 1463 1341 imaginum
1509 1273 1650 1333 serie
1702 1270 1789 1323 de-

184 1347 381 1399 ductus
417 1347 471 1397 in
499 1354 676 1399 ortum
704 1343 960 1396 salutaris
988 1343 1250 1414 principis
1279 1343 1451 1395 nostri
1479 1341 1791 1406 conflueret,

185 1416 448 1486 depositis
493 1415 795 1466 inimicitiis
845 1414 1120 1467 artissimo
1168 1431 1226 1465 se
1263 1413 1537 1465 amicitiae
1572 1411 1793 1466 foedere

184 1487 509 1552 iunxissent,
539 1493 812 1537 seruatam
834 1484 903 1536 ab
930 1485 944 1535 i
991 1484 1064 1536 sis
1086 1484 1320 1553 patriam
1343 1483 1616 1536 communi
1636 1482 1796 1551 stirpi

121 1570 163 1604 20
187 1556 511 1609 seruandam
547 1554 805 1607 relicturi.
868 1553 941 1606 Sa
965 1555 1145 1606 inator
1180 1570 1310 1605 uero
1339 1560 1596 1623 quattuor
1630 1560 1792 1622 atque

185 1627 412 1696 triginta
447 1626 622 1679 tribus
663 1627 804 1678 inter
839 1625 1076 1677 aerarios
1113 1623 1319 1676 referre
1353 1641 1464 1675 non
1501 1621 1794 1686 dubitauit,

185 1696 351 1767 quod,
379 1716 502 1749 eum
530 1715 587 1749 se
615 1695 982 1760 damnassent,
1011 1702 1203 1765 postea
1229 1692 1505 1746 consulem
1532 1700 1586 1745 et
1612 1709 1795 1744 censo·

186 1786 299 1820 rem
335 1767 618 1830 fecissent,
672 1766 1087 1836 praetexuitque
1124 1782 1370 1831 causam,
1423 1763 1553 1833 quia
1577 1779 1796 1815 necesse

187 1846 332 1891 esset
358 1856 447 1891 eas
476 1836 740 1889 alterutro
769 1835 914 1888 facto
943 1835 1169 1887 crimine
1196 1833 1520 1887 temeritatis
1558 1840 1654 1885 aut
1679 1849 1796 1902 per-

122 1920 165 1954 25
185 1908 313 1960 iurii
339 1908 528 1960 teneri.
591 1925 757 1959 unam
791 1905 1164 1958 tantummodo
1201 1904 1474 1970 tribuum,
1510 1902 1797 1965 Maeciam,

93 1978 95 1981 ’
185 1996 417 2030 uacuam
444 1986 576 2031 nota
600 1976 833 2047 reliquit,
861 1994 998 2046 quae
1026 1993 1150 2027 eum
1171 1973 1446 2041 suffragiis
1475 1971 1586 2024 suis
1611 1978 1801 2023 utnon

190 2047 538 2100 damnatione
554 2086 567 2115 ,
595 2047 673 2099 ita
698 2064 766 2098 ne
794 2045 996 2098 honore
1022 2043 1243 2113 quidem
1271 2042 1498 2110 dignum
1525 2040 1798 2095 iudicaue-

187 2126 290 2170 rat.
359 2136 521 2198 quam
565 2124 816 2186 putemus
858 2114 1155 2167 constantis
1183 2121 1256 2165 'et
1299 2109 1604 2182 praeualidi
1648 2109 1799 2162 illum

190 2189 247 2240 in
290 2188 398 2239 eni1
425 2188 622 2253 fuisse,
660 2187 753 2256 qui
780 2203 953 2255 neque
980 2184 1124 2235 tristi
1152 2182 1476 2236 iudiciorum
1498 2181 1656 2235 'exitu
1681 2198 1800 2233 con·
1872 2202 1873 2205 ¹

126 2270 169 2304 30
189 2277 257 2330 pe
283 2257 319 2309 li
358 2277 424 2310 ne
465 2276 530 2310 ue
559 2258 822 2309 honorum
850 2252 1228 2323 magnitudine
1263 2252 1463 2305 adduci
1489 2251 1667 2320 potuit
1694 2268 1799 2320 quo

193 2347 250 2381 se
294 2276 635 2381 blandiorem
679 2327 746 2386 in,
780 2324 1258 2378 administratione
1300 2323 1380 2375 rei
1414 2319 1667 2393 publicae
1713 2338 1801 2388 ge-

190 2400 371 2452 reret?

310 2573 329 2611 1
354 2567 463 2623 iugfl
481 2568 668 2623 aequali
689 2568 712 2609 b
741 2564 760 2622 [l
788 2567 985 2608 uirtutes
1007 2557 1063 2606 B'
1121 2566 1146 2605 2
1175 2564 1437 2605 instrictum
1457 2561 1512 2610 B,
1545 2573 1620 2603 em.
1641 2562 1686 2601 in
1705 2559 1801 2600 edd.

194 2631 295 2666 uetc.
358 2629 383 2667 3
415 2640 471 2667 ·e.
502 2626 531 2668 l.
553 2637 691 2677 naero
717 2625 765 2667 ·l.
789 2622 967 2676 iuliusq.
991 2621 1220 2662 salinator
1247 2620 1288 2660 B
1356 2622 1382 2660 5
1410 2617 1667 2682 districtam
1696 2614 1719 2655 b
1780 2615 1802 2654 7

195 2681 330 2722 robor
351 2675 405 2721 B'
431 2680 449 2733 ll
483 2683 732 2723 etiamnum
749 2682 772 2722 b
842 2682 893 2721 10
916 2686 962 2720 et
985 2678 1123 2719 citari
1143 2678 1191 2717 h:
1224 2674 1421 2718 excitari
1442 2674 1483 2714 B
1557 2673 1606 2712 17
1629 2669 1805 2712 saluta-

195 2750 292 2780 rem
313 2738 418 2777 noni.
435 2739 571 2777 I’eriz.
635 2740 686 2778 19
708 2740 850 2791 stIrpe
871 2729 925 2776 B'
985 2737 1038 2776 22
1062 2733 1180 2788 quod
1201 2732 1248 2773 b:
1271 2746 1347 2773 om.
1371 2729 1413 2770 B
1471 2729 1526 2769 24
1547 2730 1629 2768 aut
1647 2725 1814 2778 Kempf

197 2807 286 2836 cum
317 2795 341 2833 2
363 2794 486 2835 codd.
518 2793 736 2835 Jbrrenii:
769 2799 814 2835 et
835 2793 889 2839 B,
922 2791 999 2833 uel
1020 2801 1047 2835 ς
1106 2791 1160 2831 25
1190 2788 1351 2828 tribu*
1381 2786 1440 2836 B,
1470 2783 1641 2824 tribum
1669 2781 1692 2822 b
1753 2781 1806 2821 28

199 2848 509 2890 consultantis
538 2849 594 2894 Ji,
628 2862 700 2889 em.
733 2851 774 2888 in
803 2863 878 2901 ms!-
912 2848 953 2887 B
1012 2849 1066 2889 29
1098 2845 1255 2898 quinq.
1280 2841 1405 2883 tristi
1431 2833 1481 2882 B'
1509 2836 1528 2893 {l
1557 2838 1727 2880 iudicio
1760 2837 1807 2877 in

198 2901 310 2947 eorii
330 2905 500 2946 exitum
522 2904 545 2943 b
