1878 3100
594 103 633 129 ’Ἰ

199 135 301 181 17111
906 135 1228 181 PRAEFATIO.

211 274 305 323 sed
332 271 676 338 profitendum
703 279 781 320 est
805 273 1032 337 Kempfii
1058 271 1250 332 cur'am,
1278 279 1334 321 ut
1359 274 1414 321 in
1441 274 1552 323 aliis
1580 275 1816 340 partibus

211 345 369 392 multa
393 342 549 391 habet
578 358 708 407 quae
733 343 917 390 tollere
953 350 1039 390 aut
1075 343 1349 391 emendare
1383 344 1538 404 uelis,
1582 344 1638 393 id
1674 346 1811 410 quod

210 415 332 462 mihi
361 430 470 460 cum
495 413 549 460 in
578 412 1021 461 emendationibus
1049 413 1355 473 Valerianis,
1386 420 1493 462 tum
1516 415 1813 463 in‘censura

213 485 320 532 eius
356 483 471 531 libri
509 483 701 530 nuntiis
738 483 974 531 literariis
1001 483 1396 532 Monacensibus
1432 500 1477 532 a.
1509 485 1643 533 1854
1679 486 1728 544 Ι,
1756 503 1810 550 p.

212 556 313 602 233
342 570 455 618 sqq.
484 554 678 602 inserta
704 552 1061 617 comprobasse
1087 552 1281 612 uideor,
1309 554 1381 601 ita
1406 554 1459 601 in
1485 554 1581 602 hac
1607 571 1814 620 quoque*

209 631 356 688 parte
383 640 615 671 mancam
642 629 692 671 et
717 623 1084 686 neglegentem
1117 623 1300 671 uideri.
1366 625 1494 672 Nam
1520 641 1624 672 non
1650 625 1813 672 solum

208 695 396 742 multas
425 694 642 758 optimas
679 699 766 741 aut
790 692 1144 741 memorabiles
1180 693 1428 741 lectiones
1458 695 1813 758 praeteruidit,

210 763 306 813 sed
329 765 480 812 etiam
500 765 695 828 aliquot
717 779 912 811 errores
933 763 987 810 in
1009 762 1187 811 codice
1211 763 1526 812 conferendo
1549 765 1814 823 commisit,

213 835 301 899 qui
326 834 561 882 inscitiae
588 833 757 898 potius
798 849 950 898 quam
979 834 1344 896 neglegentiae
1375 833 1703 882 adscribendi
1738 835 1813 881 ui-

191 904 413 952 ·dentur.
440 903 819 967 Neglegentiae
841 909 1009 950 autem
1027 918 1149 950 suae
1171 919 1354 965 graues
1371 919 1569 967 poenas
1589 905 1703 967 ipse
1725 903 1811 951 de·

214 973 312 1036 dit3
359 990 478 1021 nam
502 973 640 1021 haud
667 989 855 1037 paucas
884 973 1100 1036 optimas
1126 973 1402 1033 lectiones,
1445 989 1571 1038 quas
1607 980 1818 1038 praeter

209 1044 528 1092 Bernensem
556 1044 643 1109 alii
670 1059 872 1107 quoque
898 1042 1014 1090 libri
1034 1042 1242 1102 habent,
1273 1044 1582 1107 quamquam‘
1595 1044 1813 1091 ueritate

208 1115 325 1178 ipsa
352 1113 694 1162 commendari
722 1112 1055 1171 uidebantur,
1076 1154 1078 1156 .
1099 1111 1160 1159 ob
1198 1111 1389 1173 nullam
1424 1113 1574 1160 aliam
1612 1129 1814 1160 causam

209 1184 429 1248 spreuit,
464 1200 614 1247 quam
643 1182 780 1247 quod
806 1183 860 1230 in
885 1183 1166 1241 Bernensi,
1206 1182 1287 1230 cui
1323 1198 1380 1230 se
1405 1188 1566 1230 totum
1594 1184 1812 1231 emanci-

209 1261 438 1318 pauerat,
468 1270 573 1301 non
597 1259 873 1301 exstarent.
927 1251 1080 1316 Quod
1105 1252 1345 1300 iudicium
1370 1269 1436 1300 ne
1453 1253 1678 1317 iniquius
1699 1268 1814 1310 esse

208 1323 459 1383 uideatur,
479 1339 542 1370 ex
561 1323 933 1387 praetermissis
953 1322 1016 1370 ab
1040 1338 1099 1370 eo
1121 1321 1426 1370 lectionibus
1447 1323 1573 1371 alias
1587 1322 1817 1370 breuiter

210 1393 535 1452 enumerabo,
568 1393 632 1440 de
661 1394 773 1441 aliis
801 1393 956 1457 paulo
986 1392 1240 1456 copiosius
1265 1390 1528 1440 disseram.
1579 1393 1656 1440 Ac
1673 1399 1814 1440 recte

211 1463 418 1528 quidem
463 1463 619 1510 habet
654 1463 698 1510 B
730 1466 785 1522 1,
827 1466 882 1522 1,
924 1465 986 1511 13
1026 1469 1150 1510 extr.
1196 1465 1433 1522 expianda
1467 1470 1645 1521 esset,
1689 1465 1734 1522 1,
1766 1465 1812 1522 1,

207 1535 328 1582 Ext.
360 1537 384 1580 1
413 1548 463 1580 se
488 1537 617 1593 ipsa
644 1570 654 1580 .
688 1568 699 1579 .
726 1535 953 1592 defendit,
993 1549 1090 1597 quo
1118 1534 1172 1580 in
1198 1533 1308 1580 loeo
1334 1533 1603 1596 Kempfius
1630 1548 1685 1580 se
1711 1536 1814 1592 ipsa

208 1604 383 1652 inuitis
407 1603 546 1652 libris
571 1602 644 1667 (at
663 1620 711 1651 u.
727 1604 943 1651 Torren.
948 1600 967 1665 )
993 1618 1260 1651 reuocasse
1281 1601 1478 1664 scribit,
1511 1605 1556 1662 1,
1577 1603 1623 1661 5,
1646 1603 1814 1650 Ext.2

210 1677 551 1735 adsiynarunt;
589 1677 633 1733 1,
665 1676 710 1733 6,
743 1676 770 1722 6
809 1675 966 1734 nihilq.
993 1687 1044 1720 eo
1075 1670 1203 1735 (non
1238 1674 1398 1732 nihilq.
1428 1677 1474 1719 in
1501 1670 1591 1735 eo),
1632 1675 1676 1730 1,
1707 1674 1752 1731 6,
1784 1674 1814 1720 7

210 1748 554 1801 calamitatium,
582 1751 637 1791 ut
662 1744 716 1791 in
745 1760 839 1791 em.
860 1744 976 1817 val:
998 1760 1048 1824 p.
1071 1744 1104 1789 4
1133 1759 1196 1790 ex
1214 1741 1407 1790 Paride
1436 1740 1814 1790 emendandum

209 1815 367 1863 fuisse
393 1815 592 1875 monui;
637 1817 680 1873 1,
713 1816 757 1872 6,
791 1816 852 1860 δ1
883 1830 911 1859 a
932 1828 1120 1873 primo
1138 1816 1236 1872 pilo
1266 1809 1352 1875 (cf.
1369 1814 1414 1871 6,
1435 1815 1478 1871 1,
1497 1815 1577 1860 10.
1615 1813 1660 1870 9,
1677 1807 1722 1870 3,
1739 1810 1814 1872 6),

213 1901 384 1949 quam
379 1884 613 1932 eandem
639 1851 915 1931 lectionem
933 1883 1038 1930 Mai
1066 1898 1269 1953 quoque
1294 1882 1348 1929 in
1371 1849 1560 1930 P’aride
1587 1888 1814 1945 praeter·—

208 1956 369 2015 misit,
411 1958 455 2013 1,
488 1957 531 2014 7,
560 1955 679 2002 Ext.
711 1956 776 2002 10
800 1968 851 2000 se
877 1956 940 2000 ad
962 1942 1178 2012 hospitem
1205 1955 1414 2010 contulit,
1439 1958 1496 1999 ut
1518 1952 1663 1999 Paris
1692 1967 1815 2015 quo-

211 2041 309 2089 que
337 2023 517 2086 habet,
551 2027 594 2082 1,
626 2027 671 2083 8,
699 2025 820 2071 Ext.
850 2024 879 2070 5
911 2030 961 2070 et
987 2024 1032 2082 5,
1056 2023 1103 2081 4,
1129 2024 1156 2069 7
1182 2025 1475 2082 yenetricis;
1503 2022 1549 2079 2,
1574 2021 1620 2079 2,
1644 2022 1674 2068 5
1700 2026 1818 2067 inse

209 2099 358 2155 ipsum
410 2109 734 2141 connexum
782 2059 1155 2143 stabilimentum,
1208 2108 1358 2156 quam
1400 2091 1671 2138 lectionem
1715 2091 1816 2137 iam

212 2165 442 2224 Colerus,
473 2165 559 2228 qui
585 2164 779 2228 alioqui
800 2163 981 2211 multas
1009 2162 1165 2210 falsas
1193 2168 1278 2209 aut
1304 2177 1334 2208 a
1359 2177 1414 2209 se
1442 2162 1552 2225 ipso
1574 2163 1815 2208 inuentas

211 2235 460 2282 lectiones
491 2250 517 2281 6
544 2234 801 2282 Bernensi
826 2233 1050 2297 protulit,
1081 2232 1319 2280 attulerat
1344 2238 1586 2295 recteque
1611 2229 1819 2277 uidetur

213 2305 528 2368 explicasse3
559 2306 604 2363 2,
630 2306 675 2363 3,
703 2307 728 2351 1
759 2307 951 2350 dilectus
979 2301 1079 2364 (sic
1101 2303 1144 2349 B
1180 2318 1255 2365 pr.
1278 2298 1385 2363 m.),
1422 2303 1469 2360 2,
1508 2301 1556 2359 4,
1588 2301 1615 2347 7
1656 2302 1816 2346 datum

151 2388 155 2391 ·
211 2381 302 2431 est,
342 2373 430 2421 ubi
455 2375 722 2437 Kempfius
750 2373 881 2421 falso
913 2372 1037 2420 dicit
1064 2380 1089 2418 ἒ
1114 2373 1225 2420 siue
1250 2377 1321 2417 est
1346 2369 1573 2419 secunda
1615 2368 1816 2417 demum

209 2459 363 2491 manu
383 2443 613 2492 additum
641 2459 781 2505 esse,
811 2444 856 2503 2,
879 2445 923 2501 6,
949 2445 1015 2490 10
1041 2446 1268 2488 animas
1287 2442 1519 2487 hominum
1538 2442 1819 2486 immortales

209 2528 339 2564 esse;
387 2515 442 2573 2,
474 2516 530 2572 9,
563 2516 587 2560 1
625 2514 667 2561 Β
703 2514 755 2561 id
802 2514 969 2577 ipsum
994 2511 1151 2559 habet
1179 2510 1313 2576 quod
1338 2511 1603 2575 Kempfius
1636 2525 1699 2557 ex
1725 2525 1819 2556 sua

212 2584 504 2631 coniectura
525 2584 728 2647 scripsit
745 2597 848 2630 cum
867 2586 1050 2630 interim
1074 2584 1335 2641 consumpti
1355 2587 1494 2627 sunt
1520 2583 1634 2626 anni
1646 2583 1815 2630 uestri,-

214 2654 259 2711 1,
292 2654 372 2711 10,
403 2654 431 2698 2
470 2661 704 2712 tamquam
731 2657 995 2713 aliquam
1022 2654 1407 2713 reliyiosissimam
1434 2666 1568 2696 aram
1579 2668 1597 2701 ;
1632 2650 1678 2702 3,
1708 2649 1753 2706 2,
1786 2651 1813 2694 1

212 2735 279 2768 ne
306 2725 407 2767 telis
433 2724 636 2781 quidem,
675 2725 720 2780 3,
751 2725 797 2780 2,
830 2725 860 2771 3
896 2738 982 2769 sua
999 2726 1290 2782 potissimum
1316 2723 1595 2778 dextera,
1625 2720 1678 2778 3,
1708 2720 1754 2778 6,
1785 2720 1818 2766 6

211 2793 362 2852 quod
385 2793 520 2837 Liber
536 2797 700 2850 pater,
739 2808 836 2855 quo
862 2794 916 2839 in
942 2793 1052 2840 loco
1080 2791 1346 2855 Kempfius
1375 2787 1678 2854 compendio
1705 2803 1816 2834 uoc.

211 2863 334 2921 quod
365 2877 471 2909 non
507 2860 770 2908 intellecto
811 2862 923 2909 sine
959 2878 1112 2920 eausa
1145 2864 1358 2922 quoniam
1401 2859 1627 2923 scripsit3
1672 2859 1729 2916 3,
1768 2859 1816 2916 7,
