1936 3120
568 179 688 228 CAP.
715 181 783 233 v1,
809 181 839 243 s
867 183 1008 228 1-4,
1039 180 1136 228 Ext.
1164 181 1194 242 g
1215 184 1255 229 1.
1281 186 1322 229 2.
1649 152 1758 231 455

14 361 22 369 '
99 291 280 345 ⁴>stere
317 289 516 360 coegit.
580 289 756 344 iratus
793 308 1027 360 namque
1062 290 1298 358 Bituito,
1336 290 1455 361 regi
1480 290 1759 344 Aruerno-

138 380 287 429 rum,
329 360 478 433 quod
525 361 690 430 [tum]
738 379 894 414 suam
937 367 991 414 et
1026 360 1391 430 Allobrogum
1433 370 1654 431 gentem
1698 380 1759 415 se

139 432 309 487 etiam
333 439 448 485 tum
472 431 532 483 in
555 432 842 502 prouincia
874 440 1123 486 morante
1161 432 1232 485 ad
1261 432 1328 499 Q.
1355 433 1518 486 Fabii
1545 451 1761 486 succes-

143 504 288 559 soris
339 503 427 556 sui
471 503 761 555 dexteram
802 502 1099 572 confugere
1139 503 1392 556 hortatus
1438 511 1610 572 esset,
1660 521 1761 576 per

139 573 418 645 conloquii
462 572 866 626 simulationem
909 574 1231 627 arcessitum
1255 574 1622 647 hospitioque
1664 594 1756 629 ex·
1782 592 1806 627 5

143 651 362 727 ceptum
386 643 568 697 uinxit
595 663 659 697 ac
680 644 912 697 Romam
936 663 1077 698 naue
1099 644 1503 716 deportandum
1526 647 1760 699 curauit.

142 734 298 770 culus
325 715 539 767 factum
565 723 786 769 senatus
813 734 988 786 neque
1014 716 1250 787 probare
1274 717 1455 788 potuit
1477 735 1653 788 neque
1679 735 1762 770 re-

141 785 392 840 scindere
417 784 623 854 uoluit,
650 806 718 839 ne
744 787 1007 840 remissus
1034 787 1091 838 in
1115 787 1354 857 patriam
1380 787 1622 841 Bituitus
1649 786 1763 842 bel-

144 858 258 910 lum
291 865 600 911 renouaret.
678 857 846 927 igitur
886 876 1011 910 eum
1038 858 1239 911 Albam
1277 858 1561 912 custodiae
1595 877 1764 912 causa

144 928 430 998 relegauit.
1781 949 1823 981 10

253 999 306 1051 4.
343 998 584 1052 Viriathi
620 999 784 1051 etiam
819 998 1015 1052 caedes
1054 998 1327 1070 duplicem
1370 999 1631 1071 perfidiae
1675 1019 1763 1053 ac-

143 1069 487 1124 cusationem
512 1069 747 1141 recepit,
783 1070 841 1121 in
868 1069 1082 1136 amiciS,
1119 1072 1262 1142 quod
1300 1089 1486 1124 eorum
1512 1071 1764 1125 manibus

147 1142 506 1212 interemptus
550 1148 657 1208 est,
703 1141 761 1193 in
807 1141 875 1207 Q.
922 1140 1156 1195 Seruilio
1202 1141 1477 1212 Caepione
1521 1142 1763 1210 consule,

148 1213 279 1284 quia
303 1212 351 1264 is
380 1211 599 1264 sceleris
626 1210 786 1264 huius
815 1220 1005 1265 auctor
1030 1212 1342 1283 inpunitate
1361 1213 1634 1284 promissa
1659 1214 1767 1266 fuit

148 1282 546 1354 uictoriamque
571 1302 682 1336 non
707 1284 924 1350 meruit,
954 1282 1047 1335 sed
1077 1285 1221 1336 emit.
1788 1301 1831 1335 15

257 1358 376 1406 Ext.
408 1354 456 1410 l.
504 1353 713 1406 Verum
755 1362 818 1407 ut
861 1355 1041 1425 ipsum
1084 1355 1293 1407 fontem
1337 1354 1600 1425 perfidiae
1644 1373 1766 1408 con·

150 1423 503 1495 templemur,
540 1423 1035 1494 Karthaginienses
1073 1425 1458 1496 Xanthippum
1491 1425 1766 1478 Lacedae-

154 1496 422 1564 monium,
460 1495 613 1548 cuius
641 1497 851 1566 optima
878 1515 1044 1567 opera
1068 1497 1246 1567 primo
1274 1496 1483 1549 Punico
1510 1496 1654 1549 bello
1680 1496 1769 1549 usi

156 1567 378 1620 fuerant
413 1574 467 1619 et
539 1584 608 1618 uo
648 1567 870 1620 iuuante
906 1566 1140 1620 Atilium
1176 1566 1449 1638 Regulum
1493 1575 1767 1638 ceperant,

153 1635 476 1691 simulantes
554 1655 736 1690 omum
773 1657 830 1690 se
863 1638 1149 1705 reuehere‚
1196 1638 1253 1690 in
1287 1637 1398 1690 alto
1442 1646 1767 1705 merserunt,
1792 1657 1835 1689 20

154 1707 290 1780 quid
314 1714 469 1761 tanto
496 1706 739 1761 facinore
763 1710 1048 1779 petentes?
1099 1728 1170 1761 an
1195 1728 1264 1762 ne
1289 1710 1554 1762 uictoriae
1581 1728 1770 1762 eorum

153 1778 335 1832 socius
358 1779 708 1849 superesset?
748 1787 901 1832 extat
920 1779 1090 1833 nihilo
1110 1780 1310 1846 minus,
1333 1789 1386 1833 et
1404 1780 1624 1851 quidem
1647 1798 1771 1832 cum

156 1849 482 1921 opprobrio,
511 1868 674 1920 quem
702 1850 817 1903 sine
841 1850 953 1902 ulla
977 1849 1184 1920 gloriae
1210 1851 1422 1903 iactura
1447 1849 1772 1903 inuiolatum

155 1919 522 1991 reliquissent.

267 1992 319 2045 2.
357 1990 641 2044 Hannibal
675 2009 836 2062 porro
877 1991 1210 2059 NucerinOS,
1255 1991 1477 2044 hortatu
1514 2010 1609 2044 suo
1647 2009 1772 2043 cum
1794 2007 1837 2043 25

157 2063 304 2117 binis
318 2062 662 2115 uestimentis
682 2063 876 2116 urbem
896 2062 1418 2133 inexpugnabilibus
1438 2062 1607 2115 muris
1631 2063 1772 2114 cinc-

158 2183 314 2228 mitius
340 2183 484 2228 iratus
509 2182 701 2233 Bituito,
739 2184 837 2244 regi
862 2184 1193 2232 Aruernorum,
1222 2197 1304 2243 per
1330 2182 1562 2243 conloquii
1590 2181 1770 2228 simula·
1793 2188 1890 2222 Par.
1911 2210 1915 2216 .

161 2254 333 2298 tionem
377 2253 647 2299 arcessitum
694 2253 990 2315 hospitioque
1039 2260 1275 2315 exceptum
1321 2254 1466 2299 uinxit
1501 2267 1552 2300 ac
1587 2253 1774 2299 Romam

157 2323 493 2384 deportandum
521 2326 712 2369 curauit.

271 2396 310 2436 1.
349 2393 750 2454 Karthaginienses
775 2395 1082 2455 Xanthippum
1109 2395 1564 2441 Lacedaemoniorum
1602 2395 1773 2444 ducem,
1798 2403 1840 2435 30

160 2463 347 2509 domum
375 2478 424 2510 se
451 2465 673 2510 reuehere
699 2465 963 2511 simulantes
991 2465 1035 2509 in
1064 2465 1155 2511 alto
1184 2472 1454 2510 merserunt.
1529 2470 1569 2510 2.
1610 2465 1775 2509 Hanni-

162 2533 239 2579 hal
281 2533 557 2585 Nucerinos,
616 2535 800 2581 hortatu
845 2550 928 2581 suo
974 2549 1076 2581 cum
1126 2535 1243 2580 binis
1287 2534 1574 2581 uestimentis
1618 2534 1778 2580 urbem

282 2659 303 2698 1
326 2658 491 2699 uituito
513 2658 615 2712 regi
638 2658 941 2699 arbennorum
961 2651 1018 2698 B'
1059 2661 1083 2698 2
1107 2661 1202 2698 tum
1221 2659 1320 2698 incl.
1343 2658 1516 2711 Kempf,
1541 2656 1661 2710 quod
1682 2661 1779 2698 tam

163 2727 299 2756 suam
322 2726 459 2766 quam
482 2718 528 2755 et
551 2715 629 2758 all.
652 2715 675 2755 b
754 2717 779 2756 3
813 2715 870 2755 ad
892 2727 934 2768 q.
958 2715 1006 2756 b:
1039 2718 1133 2766 atq.
1156 2715 1198 2754 B
1274 2716 1301 2755 4
1334 2718 1512 2755 ortatus
1535 2708 1591 2754 B'
1658 2716 1683 2755 5
1706 2727 1781 2754 ar-

165 2771 389 2812 cersitum
410 2771 452 2811 B
533 2771 585 2811 10
605 2772 826 2824 religauit
847 2765 902 2812 B'
982 2773 1035 2812 14
1063 2772 1134 2812 his
1156 2768 1216 2811 B'
1292 2772 1342 2812 17
1372 2774 1646 2824 xantippum
1671 2770 1715 2823 (x
1735 2773 1779 2811 in

165 2827 278 2881 ras.)
301 2827 343 2867 B
405 2830 456 2869 19
480 2840 568 2880 quo
590 2828 638 2868 b:
671 2841 725 2880 q*
744 2828 786 2868 B
846 2831 901 2870 20
922 2828 1245 2869 serereuehere
1268 2827 1322 2876 B,
1347 2841 1447 2869 sese
1471 2827 1625 2868 reueh.
1649 2827 1672 2867 b
1693 2824 1713 2881 Π
1733 2827 1781 2866 in

168 2885 268 2926 alto
291 2888 548 2926 merserunt
568 2885 610 2924 B
629 2887 673 2925 in
693 2898 782 2927 ras.
843 2887 896 2926 22
922 2888 1081 2925 extant
1095 2877 1150 2924 B'
1170 2882 1188 2938 Η
1212 2884 1422 2937 equidem
1442 2884 1484 2924 B
1543 2886 1598 2926 23
1618 2896 1783 2937 oppro-

167 2940 274 2982 bria
297 2935 352 2980 B'

287 2999 341 3040 30
362 2999 634 3052 xantippum
662 2999 704 3038 V
