1924 3152
806 19 814 30 v
842 3 885 22 ''⁴'ssss
920 4 930 29 ⁷-
958 19 1000 33 f„
1019 0 1378 42 -zffl'feyzfflg
1388 0 1419 11 ὐ
1431 0 1493 21 ’.ῥ-
1506 0 1595 21 5:7¹5:-
1626 4 1633 18 Ἰ,
1649 0 1660 5 1
1679 0 1690 7 -,
1713 0 1751 11 ῑ’·.
1768 2 1780 9 v
1843 7 1845 9 .
1863 7 1869 10 .

801 48 811 55 Β
826 35 839 45 x
961 32 1003 46 *Ta—
1039 34 1064 51 ,ζ’
1103 38 1107 54 ;
1123 39 1150 56 “⁴5
1164 32 1201 53 ’.νρ
1227 38 1233 43 ··
1262 45 1279 55 ,τ
1374 48 1378 51 ,
1433 35 1438 38 ⁴

24 86 321 161 ⁸⁸⁸
702 93 1174 183 CAP.vl11,§4—7.
1233 92 1235 94 ’
1643 116 1748 169 313

20 260 23 262 ·
96 250 108 270 ¹
127 235 394 302 narratiO,
423 233 522 286 sed
548 251 657 286 non
682 251 856 304 parua
879 231 1110 284 materia
1134 229 1486 283 laudationis.
1548 247 1676 281 nam
1703 230 1751 281 si

129 307 252 378 quis
278 313 404 358 ante
433 303 618 358 oculos
644 322 847 374 ponere
873 301 1009 354 uelit
1028 301 1273 355 subitum
1296 300 1535 352 militum
1555 299 1748 352 adcur-

131 396 271 443 sum,
301 373 563 428 conuulsa
587 375 783 426 ianuae
809 373 1076 438 claustra,
1105 372 1375 424 minacem
1399 389 1610 438 uocem,
1638 378 1750 423 tru—

129 466 218 500 ces
263 445 474 512 uultus,
521 444 790 513 fulgentia
826 462 1006 509 arma,
1053 461 1169 494 rem
1203 461 1335 494 uera
1373 441 1751 494 aestimatione
1802 506 1811 510 ἡ

78 516 81 519 ⁴
130 524 517 589 prosequetur,
554 533 656 566 nec
682 533 846 585 quam
881 515 988 566 cito
1024 513 1228 565 dicitur
1254 512 1493 583 aliquem
1517 531 1616 583 pro
1645 510 1752 585 alio
1774 522 1795 555 5

130 587 268 640 mori
293 586 552 649 uoluisse,
583 593 695 636 tam
721 584 780 636 id
807 603 878 636 ex
901 582 1054 635 facili
1079 583 1245 635 etiam
1266 584 1385 635 fieri
1405 585 1649 654 potuisse
1670 601 1753 642 ar-

129 657 445 711 bitrabitur.
518 656 764 724 Panapio
811 663 992 707 autem
1027 662 1292 725 quantum
1328 673 1486 707 seruo
1528 653 1755 706 deberet

131 727 373 798 amplum
425 727 475 779 ei
518 725 769 778 faciendo
821 733 1230 779 monumentum
1274 744 1337 777 ac
1381 724 1756 778 testimonium

134 799 359 869 pietatis
388 804 545 866 grato
574 797 731 849 titulo
758 796 1038 848 reddendo
1067 795 1355 848 confessus
1384 805 1485 848 est.

244 870 289 923 7.
331 866 632 920 Contentus
672 885 848 920 essem
882 866 1043 918 huius
1073 865 1339 936 exemplis
1366 866 1612 935 generis7
1647 864 1756 917 nisi
1778 876 1819 908 10

131 957 300 991 unum
343 958 429 991 me
474 937 691 990 adicere
736 937 1030 990 admiratio
1067 937 1201 988 facti
1239 946 1474 1005 cogeret.
1552 936 1753 987 Antius

133 1009 341 1075 Restm,
370 1009 708 1079 proscriptus
738 1027 770 1059 a
797 1008 1095 1060 triumuiris
1103 1047 1117 1073 ,
1146 1026 1268 1058 cum
1291 1026 1476 1060 omnes
1500 1006 1755 1059 domesti-

134 1098 223 1132 cos
247 1080 393 1131 circa
413 1080 662 1149 rapinam
682 1087 737 1130 et
748 1077 1010 1148 praedam
1022 1086 1318 1147 occupatos
1330 1077 1564 1143 uideret,
1593 1095 1757 1147 quam

134 1151 371 1202 maxime
408 1158 622 1219 poterat
658 1148 1007 1201 dissimulata
1040 1150 1178 1217 fuga
1214 1167 1271 1200 se
1308 1149 1600 1219 penatibus
1641 1147 1755 1199 suis

132 1221 462 1290 intempesta
486 1227 643 1272 nocte
673 1220 958 1272 subduxit.
1011 1220 1165 1271 cuius
1187 1220 1456 1271 furtiuum
1478 1236 1759 1288 egressum
1781 1228 1822 1261 15

137 1307 323 1344 seruos
352 1291 422 1343 ab
451 1307 512 1342 eo
540 1289 888 1343 uinculorum
915 1308 1094 1360 poena
1122 1290 1390 1342 coercitus
1413 1287 1758 1359 inexpiabili-

136 1380 240 1432 que
276 1359 582 1413 litterarum
618 1370 750 1413 nota
786 1380 884 1430 per
920 1379 1189 1412 summam
1226 1360 1335 1413 oris
1374 1358 1760 1412 contumeliam

136 1434 352 1484 inustus
383 1431 612 1483 curiosis
643 1430 955 1501 speculatus
985 1430 1152 1482 oculis
1182 1449 1244 1482 ac
1271 1430 1523 1499 'uestigia
1549 1430 1655 1482 huc
1680 1436 1758 1481 at-

136 1520 240 1574 que
274 1500 406 1554 illuc
444 1502 684 1554 errantia
717 1501 976 1554 beniuolo
1018 1501 1199 1554 studio
1237 1502 1562 1553 subsecutus
1600 1500 1760 1552 lateri

141 1571 485 1624 uoluntarius
516 1590 695 1623 comes
725 1572 985 1641 adrepsit.
1047 1590 1151 1642 quo
1181 1572 1404 1642 quidem
1430 1581 1543 1625 tam
1570 1570 1757 1642 exqui-
1781 1583 1823 1614 20

138 1642 242 1694 sito
269 1649 490 1712 tamque
517 1642 745 1712 ancipiti
781 1643 963 1695 officio
990 1642 1450 1712 perfectissimum
1478 1649 1760 1712 spectatae

137 1711 361 1783 pietatis
390 1711 666 1763 cumulum
693 1712 1027 1782 expleuerat.
1096 1713 1162 1763 iis
1192 1714 1354 1778 enim,
1384 1730 1613 1782 quorum
1640 1711 1758 1763 feli-

140 1782 253 1835 cior
278 1783 334 1832 in
362 1781 523 1836 domo
554 1790 729 1834 status
757 1784 965 1848 fuerat,
992 1782 1144 1835 lucro
1170 1782 1421 1849 intentis,
1449 1783 1596 1852 ipse,
1623 1779 1761 1833 nihil

139 1870 304 1922 quam
341 1853 539 1905 umbra
565 1861 618 1905 et
653 1853 835 1921 imago
873 1852 1263 1922 suppliciorum
1300 1871 1550 1918 suorum,
1587 1851 1758 1903 maxi-

138 1942 288 1975 mum
314 1941 435 1974 esse
463 1922 884 1976 emolumentum
913 1924 1048 1989 eius,
1078 1941 1110 1974 a
1131 1942 1236 1993 quo
1256 1931 1369 1974 tam
1395 1923 1637 1992 grauiter
1660 1941 1756 1992 pu-
1781 1935 1822 1967 25

138 1995 288 2046 nitus
326 2000 470 2060 erat,
509 1992 742 2046 salutem
768 1993 1065 2060 iudicauit,
1106 2012 1338 2064 cumque
1371 1992 1589 2046 abunde
1616 1992 1760 2045 foret

142 2111 417 2162 triumuiris,
458 2119 585 2157 ueste
612 2128 714 2159 cum
742 2127 796 2158 eo
825 2118 1078 2172 permutata
1105 2112 1285 2171 postico
1313 2112 1429 2158 clam
1457 2113 1607 2157 emisit
1633 2119 1679 2157 et
1705 2127 1754 2158 se
1777 2122 1871 2156 Par.

139 2196 224 2242 pro
250 2182 509 2244 Panapione
536 2184 679 2229 occidi
705 2198 869 2244 passus
897 2190 980 2228 est.
1030 2187 1070 2226 7.
1095 2183 1259 2228 Antius
1284 2183 1440 2228 Restio
1470 2185 1760 2244 proscriptus

141 2268 163 2297 a
193 2253 445 2298 triumuiris
473 2253 687 2299 comitem
716 2254 850 2312 fugae
877 2268 984 2300 suae
1012 2268 1151 2298 unum
1192 2267 1378 2299 seruum
1407 2255 1610 2300 uinctum
1639 2248 1770 2298 inexss

140 2322 386 2384 piabilique
412 2323 666 2369 litterarum
694 2330 804 2369 nota
831 2324 1032 2369 inustum
1059 2323 1232 2369 habuit.
1295 2325 1372 2384 qui
1411 2339 1511 2369 cum
1541 2337 1758 2384 superue-
1783 2334 1824 2366 30

143 2391 324 2438 nientes
359 2392 528 2438 milites
567 2394 888 2452 cognouisset‚
932 2401 1084 2438 amoto
1131 2394 1315 2439 domino
1361 2408 1524 2453 rogum
1562 2395 1758 2439 extruxit

143 2463 276 2522 eique
304 2462 478 2507 ardenti
506 2477 811 2523 conprensum
840 2470 885 2509 et
912 2465 1112 2509 occisum
1142 2477 1294 2508 senem
1323 2466 1583 2524 superiecit.
1621 2466 1761 2509 inter-

115 2633 122 2641 *
259 2586 287 2624 4
309 2586 680 2625 aestimationem
702 2590 1058 2638 prosequeretur
1079 2585 1134 2632 B,
1166 2587 1247 2626 sed
1266 2599 1383 2626 corr.
1409 2589 1432 2624 1
1453 2601 1503 2628 m.
1527 2592 1572 2625 ut
1593 2588 1762 2626 uidetur

144 2641 169 2679 6
192 2641 499 2681 arbitrabitur
530 2643 658 2681 decc..·
689 2642 932 2682 mirabitur
951 2641 994 2680 B
1023 2642 1065 2681 z'n
1087 2640 1175 2683 φας’.
1237 2644 1260 2682 7
1283 2642 1483 2695 panopio
1506 2634 1554 2681 B'
1616 2644 1668 2682 10
1690 2642 1760 2682 his

142 2696 277 2737 huius
299 2698 323 2738 b
404 2699 453 2736 11
477 2710 548 2737 me
571 2698 726 2738 dicere
747 2698 802 2744 B,
827 2711 903 2739 em.
926 2699 1068 2738 Periz.
1151 2699 1202 2739 15
1225 2699 1551 2751 intempestate
1573 2693 1630 2737 B'
1708 2699 1760 2738 16

127 2764 301 2794 -seruos
322 2753 390 2793 B.-
423 2766 581 2794 seruus
604 2754 627 2793 b
687 2756 739 2794 21
765 2755 919 2807 ancipi
939 2747 992 2793 B'
1033 2750 1053 2806 l}
1093 2758 1337 2805 spectatae
1358 2756 1400 2794 F
1417 2762 1460 2795 et
1480 2756 1640 2808 aliquot
1662 2757 1759 2795 alii.-

147 2814 423 2862 expectatae
446 2810 502 2861 B,
527 2811 854 2863 inexpectatae
877 2811 1020 2853 Periz.
1100 2811 1153 2850 22
1175 2811 1232 2851 iis
1255 2811 1319 2850 E:
1351 2811 1423 2851 his
1444 2811 1487 2851 B
1566 2814 1620 2852 23
1642 2811 1762 2852 nihil

144 2864 210 2904 B:
244 2878 346 2906 cum
366 2866 481 2906 nihil
506 2867 632 2907 aliud
654 2867 692 2917 b,
716 2866 830 2907 nihil
853 2865 978 2907 aliud
1000 2869 1108 2908 dett.
1169 2868 1223 2907 25
1247 2880 1350 2908 esse
1375 2867 1438 2911 P:
1461 2871 1584 2908 esset
1606 2869 1645 2907 B
1706 2868 1760 2907 26

145 2921 342 2962 salutem
365 2935 493 2964 suam
517 2923 540 2963 b
