1878 3132
680 166 798 213 CAP.
828 167 924 217 1111,
965 166 995 225 g
1022 169 1163 211 2—5.
1510 224 1514 230 ι
1672 160 1735 211 71

111 283 228 329 stus
258 274 486 341 adiecit,
524 293 694 346 eaque
720 293 808 327 res
835 273 1047 327 ludium
1075 293 1145 326 ex
1170 273 1396 326 Etruria
1423 272 1742 325 arcessendi

109 365 336 400 causam
381 345 552 399 dedit.
618 345 771 397 cuius
820 345 1020 399 decora
1069 344 1368 415 pernicitas
1414 352 1632 397 uetusto
1673 362 1743 396 ex

113 436 264 471 more
303 416 566 470 Curetum
601 415 1022 488 Lydorumque,
1062 434 1094 467 a
1166 416 1329 469 uibus
1370 415 1539 468 Tusci
1579 415 1741 484 origi-

113 507 239 542 nem
282 495 602 554 traxerunt,
655 487 901 540 nouitate
942 494 1102 556 grata
1197 505 1515 539 omanorum
1558 485 1741 539 oculos

114 558 423 631 permulsit,
469 566 524 611 et
549 558 677 629 quia
702 557 883 610 ludius
912 557 1061 628 apud
1088 576 1180 610 eos
1208 557 1402 610 histrio
1430 557 1744 628 appellaba·
1768 579 1788 612 5

114 639 222 696 tur,
252 629 502 682 scaenico
529 647 725 681 nomen
750 628 1035 682 histrionis
1063 628 1300 681 inditum
1327 636 1426 680 est.
1475 627 1743 699 paulatim

116 699 314 755 deinde
347 699 560 752 ludicra
596 719 684 752 ars
714 700 785 752 ad
821 707 1132 752 saturarum
1157 699 1347 753 modos
1376 700 1672 770 perrepsit,
1713 718 1744 752 a

46 828 49 831 ,
115 772 315 843 quibus
352 771 560 841 primus
596 771 839 824 omnium
882 778 1045 841 poeta
1080 770 1274 822 Liuius
1321 770 1394 822 ad
1430 770 1745 823 fabularum

116 850 441 912 argumenta
476 843 844 913 spectantium
878 842 1087 894 animos
1123 840 1437 907 transtulit,
1475 841 1630 912 isque
1660 841 1745 894 sui

116 913 299 984 operis
328 921 510 980 actor,
547 932 671 966 cum
697 914 915 983 saepius
944 931 976 965 a
1003 912 1203 983 populo
1232 920 1520 965 reuocatus
1549 931 1742 965 uocem
1767 934 1808 965 10

117 983 447 1051 obtudisset,
475 983 722 1038 adhibito
742 984 899 1054 pueri
926 1002 989 1036 ac
1015 983 1256 1036 tibicinis
1284 991 1552 1037 concentu
1578 984 1744 1052 gesti·

117 1054 450 1108 culationem
484 1055 683 1108 tacitus
721 1054 949 1125 peregit.
1013 1053 1237 1106 atellani
1274 1062 1457 1106 autem
1485 1055 1555 1107 ab
1584 1055 1743 1108 Oscis

118 1125 281 1179 acciti
317 1132 464 1178 sunt.
524 1126 671 1196 quod
696 1144 869 1194 genus
906 1124 1285 1178 delectationis
1313 1124 1506 1177 Italica
1544 1126 1745 1178 seueri-

117 1204 232 1250 tate
267 1204 634 1266 temperatum
668 1196 901 1267 ideoque
926 1215 1163 1248 uacuum
1191 1204 1324 1249 nota
1351 1204 1457 1248 est:
1500 1215 1627 1248 nam
1652 1215 1743 1249 ne-

119 1286 223 1339 que
268 1267 419 1324 tribu
452 1276 706 1321 mouetur
751 1286 850 1320 nec
888 1286 920 1319 a
955 1266 1285 1320 militaribus
1323 1267 1613 1337 stipendiis
1663 1286 1743 1320 re·
1768 1286 1810 1319 15

117 1337 358 1410 pellitur.

225 1410 275 1463 5.
328 1409 403 1463 Et
429 1410 558 1480 quia
586 1410 754 1462 ceteri
779 1408 895 1462 ludi
922 1409 1055 1480 ipsis
1096 1407 1561 1480 appellationibus
1599 1409 1744 1461 unde

119 1480 409 1532 trahantur
435 1488 692 1551 apparet,
730 1498 839 1532 non
865 1479 1170 1533 absurdum
1203 1479 1425 1532 uidetur
1452 1479 1745 1532 saeculari-

119 1551 222 1604 bus
258 1551 475 1604 initium
511 1570 698 1618 suum,
747 1551 899 1603 cuius
937 1551 1149 1620 generis
1178 1550 1355 1602 minus
1384 1551 1517 1603 trita
1550 1551 1747 1603 notitia

122 1630 229 1688 est,
265 1621 514 1675 reddere.
577 1621 716 1675 Cum
749 1622 964 1691 ingenti
998 1620 1315 1693 pestilentia
1348 1622 1480 1675 urbs
1517 1622 1744 1693 agrique
1770 1641 1811 1672 20

122 1699 505 1758 uastarentur,
555 1692 842 1759 Valesius,
894 1694 980 1745 uir
1023 1692 1267 1763 locuples
1304 1693 1545 1745 rusticae
1580 1694 1746 1759 uitae,

125 1762 338 1815 duobus
365 1762 493 1815 filiis
522 1771 576 1815 et
601 1763 715 1816 filia
741 1764 813 1816 ad
841 1763 1279 1834 desperationem
1313 1782 1376 1815 us
1419 1783 1486 1816 ue
1513 1763 1747 1816 medico-

123 1852 245 1885 rum
270 1833 677 1899 laborantibus,
716 1853 918 1904 aquam
954 1833 1192 1886 calidam
1226 1834 1293 1884 iis
1323 1852 1355 1884 a
1407 1852 1504 1887 oco
1535 1842 1746 1904 petens,

123 1904 357 1972 genibus
402 1904 566 1956 nixus
602 1903 746 1956 lares
781 1903 1079 1956 familiares
1116 1913 1177 1956 ut
1210 1922 1502 1974 puerorum
1535 1906 1748 1975 pericu-

121 1974 237 2026 lum
271 1975 328 2026 in
361 1975 534 2045 ipsius
562 1982 728 2045 caput
751 1975 1117 2027 transferrent
1145 1975 1339 2028 orauit.
1400 1983 1519 2028 orta
1547 1974 1747 2027 deinde
1770 1993 1811 2026 25

122 2062 234 2097 uox
268 2054 379 2113 est,
434 2045 753 2098 habiturum
797 2065 922 2098 eum
956 2045 1096 2098 filios
1144 2045 1358 2112 saIUOS,
1408 2046 1453 2098 si
1488 2046 1747 2100 continuo

123 2114 348 2168 flumine
386 2116 578 2170 Tiberi
612 2116 871 2170 deuectos
910 2117 1215 2169 Tarentum
1251 2124 1528 2188 portasset
1562 2116 1746 2188 ibique

125 2265 257 2323 graui
294 2263 558 2324 pestilentia
596 2264 759 2311 ciuitas
795 2265 1039 2311 laboraret.
1102 2268 1141 2310 5.
1186 2264 1494 2311 Saecularium
1528 2263 1741 2310 ludorum
1772 2275 1864 2310 Par.

124 2334 308 2379 initium
342 2334 431 2379 tale
468 2342 551 2381 est.
621 2350 724 2381 cum
760 2334 1020 2396 pestilentia
1064 2335 1175 2380 urbs
1213 2335 1405 2396 agrique
1438 2342 1746 2386 uastarentur‚

125 2402 332 2450 Valesius
359 2406 433 2450 uir
458 2405 664 2466 locuples
690 2409 887 2452 rusticae
915 2407 1058 2457 uitae,
1095 2405 1272 2452 duobus
1300 2405 1406 2452 filiis
1435 2414 1479 2451 et
1505 2405 1598 2451 filia
1624 2406 1749 2452 labo·
1773 2417 1813 2449 30

127 2474 357 2528 rantibus,
395 2490 556 2536 aquam
584 2478 649 2522 cis
677 2477 867 2523 calidam
894 2491 917 2522 a
944 2478 1047 2523 foco
1075 2484 1259 2538 petens,
1297 2477 1490 2536 genibus
1526 2477 1659 2522 nixus
1696 2484 1747 2522 ut

128 2557 378 2603 puerorum
398 2546 651 2605 periculum
677 2549 722 2592 in
750 2550 894 2608 ipsius
921 2556 1059 2608 caput
1085 2548 1417 2593 transferretur
1444 2550 1611 2593 orauit.
1649 2554 1750 2593 orta

127 2613 290 2660 deinde
316 2629 406 2660 uox
432 2624 502 2660 est
527 2615 787 2663 habiturum
814 2633 917 2664 eum
946 2618 1099 2664 saluos
1127 2618 1262 2667 filios,
1292 2620 1329 2662 si
1357 2618 1575 2664 continuo
1600 2617 1750 2662 Tiberi

244 2754 266 2791 1
300 2752 567 2794 arcersendi
595 2753 635 2792 B
696 2755 721 2793 2
752 2755 1057 2806 pertinacitas
1080 2754 1121 2794 B
1182 2757 1206 2795 3
1239 2757 1491 2795 cumretum
1509 2748 1564 2794 B'
1625 2755 1650 2794 5
1679 2754 1749 2794 hi-

129 2810 227 2848 ster
246 2808 424 2861 Piylzius
455 2823 513 2850 θα]
538 2810 635 2852 Lizc.
668 2814 704 2855 7,
724 2813 766 2857 2,
788 2813 812 2850 6
872 2812 897 2851 6
927 2811 1142 2851 schenico
1172 2823 1340 2852 nomen
1370 2811 1560 2851 sti-ionis
1592 2811 1635 2850 B
1697 2813 1747 2850 11

129 2863 345 2905 tibicines
375 2859 431 2905 B'
490 2868 544 2906 22
574 2865 714 2907 filiam
736 2867 778 2906 B
838 2869 891 2907 23
922 2868 962 2908 is
991 2867 1046 2914 B,
1081 2868 1146 2908 eis
1168 2867 1232 2908 Pb
1293 2868 1346 2908 26
1379 2881 1481 2908 eum
1511 2867 1630 2908 filios
1655 2867 1748 2908 sal-

130 2921 262 2960 uosP
279 2927 323 2961 et
340 2924 382 2961 in
403 2935 481 2974 my.
504 2923 571 2962 B:
606 2936 682 2964 eos
706 2923 862 2964 saluos
885 2923 927 2963 B
987 2926 1039 2964 27
1062 2927 1329 2977 portassent
1351 2918 1406 2964 B'

244 2979 298 3018 33
319 2977 438 3019 filios
459 2978 611 3020 saluos
634 2980 677 3020 B
