1878 3132
682 132 798 175 CAP.
828 131 918 180 vii,
961 131 990 188 g
1017 134 1042 172 4
1117 135 1156 173 τ.
1660 125 1727 176 37
1772 126 1774 129 ’

108 241 321 294 euenit:
363 258 492 291 nam
527 239 584 289 in
612 237 754 290 'aede
791 238 940 290 Iouis
968 236 1220 289 Mariana
1257 245 1478 290 senatus
1516 235 1729 290 consul-

108 322 227 364 tum
254 309 321 363 de
346 309 526 362 reditu
553 318 636 362 est
661 309 776 360 eius
803 307 1027 360 factum.

218 382 267 434 6.
310 380 451 434 Graio
472 387 655 431 autem
677 377 927 431 Graccho
947 378 1261 430 inminentis
1284 397 1442 430 casus
1465 379 1729 432 atrocitas

111 451 295 524 palam
354 458 518 521 atque
569 458 757 520 aperte
806 467 904 518 per
954 449 1193 518 quietem
1254 449 1578 502 denuntiata
1628 458 1727 502 est.

108 541 300 576 somno
320 521 463 573 enim
484 538 705 590 pressus
727 519 935 572 Tiberii
959 518 1244 590 [Gracchi]
1275 519 1461 572 fratris
1490 520 1731 589 effigiem
1754 534 1775 567 5

106 593 278 659 uidit,
318 591 550 644 dicentis
580 591 686 643 sibi
712 589 862 642 nulla
887 590 1097 642 ratione
1125 609 1249 642 eum
1274 590 1448 643 uitare
1476 609 1636 661 posse
1664 611 1731 643 ne

108 684 174 717 eo
211 663 326 716 fato
361 663 588 732 periret,
632 681 738 732 quo
775 661 895 730 ipse
922 660 1229 713 occidisset.
1289 660 1349 712 id
1384 680 1454 712 ex
1481 661 1730 714 Graccho

108 734 262 806 prius
285 751 450 803 quam
474 732 832 797 tribunatum,
860 731 917 782 in
938 751 1044 801 quo
1071 731 1378 784 fraternum
1405 732 1612 784 exitum
1638 732 1730 784 ha-

117 804 260 870 buit,
297 804 461 856 iniret
496 801 652 854 multi
686 801 994 854 audierunt.
1071 801 1288 855 Caelius
1317 803 1512 868 etiam,
1550 812 1730 856 certus

111 876 389 929 Romanae
433 874 696 926 historiae
744 881 959 939 auctor,
1014 892 1322 926 sermonem
1357 874 1423 925 de
1467 893 1532 926 ea
1567 893 1624 926 re
1660 873 1732 926 ad
1756 890 1797 919 10

110 964 240 998 suas
269 963 428 996 aures
455 943 547 995 illo
575 943 752 995 adhuc
777 944 905 995 uiuo
933 945 1252 1013 peruenisse
1280 944 1490 996 scribit.

221 1017 269 1068 7.
332 1015 521 1067 Vincit
564 1014 786 1066 huiusce
834 1014 1008 1066 somni
1045 1015 1550 1085 dirumaspectum
1586 1015 1733 1085 quod.

112 1086 431 1166 insequitur.
492 1085 659 1155 Apud
688 1084 913 1136 Actium
938 1084 1013 1135 M.
1042 1084 1271 1138 Antonii
1305 1085 1498 1138 fractis
1536 1086 1731 1156 opibus

114 1156 339 1209 Cassms
378 1156 716 1220 Parmensis,
770 1155 862 1224 qui
897 1164 1083 1225 partes
1121 1156 1234 1207 eius
1273 1166 1492 1209 secutus
1528 1157 1732 1223 fuerat,

113 1226 362 1280 Athenas
392 1225 658 1294 confugit.
717 1226 814 1278 ubi
842 1226 1109 1278 concubia
1143 1234 1297 1278 nocte
1326 1246 1450 1278 cum
1477 1226 1732 1280 sollicitu-
1759 1241 1799 1272 15

114 1297 334 1350 dinibus
362 1304 414 1348 et
439 1297 582 1348 curis
619 1305 803 1348 mente
829 1297 1008 1366 sopita
1033 1296 1090 1347 in
1117 1296 1316 1350 lectulo
1352 1298 1583 1363 iaceret,
1621 1298 1735 1349 exi-

115 1361 361 1419 stimauit
396 1366 468 1419 ad
502 1386 559 1419 se
596 1367 786 1419 uenire
821 1367 1093 1420 hominem
1130 1367 1365 1436 ingentis
1402 1368 1733 1438 magnitudi-

114 1439 218 1505 nis,
247 1438 444 1490 coloris
472 1437 632 1506 nigri,
662 1437 974 1508 squalidum
994 1438 1168 1490 barba
1190 1446 1242 1490 et
1261 1438 1459 1509 capillo
1488 1440 1733 1505 inmiSSO,

115 1509 615 1578 interrogatumque
665 1508 919 1578 quisnam
969 1518 1114 1560 esset
1163 1509 1512 1579 respondisse
1559 1508 1736 1561 κακὸν

115 1579 374 1646 δαίμονα,
447 1580 772 1649 perterritus
819 1579 1018 1631 deinde
1052 1588 1225 1633 taetro
1263 1580 1387 1632 uisu
1434 1589 1488 1633 et
1520 1581 1736 1632 nomine
1759 1596 1801 1627 20

114 1649 383 1702 horrendo
411 1668 599 1702 seruos
626 1649 943 1701 inclamauit
968 1650 1387 1720 sciscitatusque
1410 1660 1492 1704 est
1512 1670 1739 1722 ecquem

115 1719 242 1772 talis
267 1718 489 1772 habitus
526 1728 621 1771 aut
646 1720 944 1772 intrantem
970 1719 1279 1773 cubiculum
1315 1729 1411 1773 aut
1447 1731 1738 1774 exeuntem

116 1789 403 1841 uidissent.
481 1790 679 1858 quibus
721 1790 1140 1842 adfirmantibus
1177 1791 1449 1843 neminem
1485 1792 1613 1844 illuc
1651 1811 1735 1844 ac-

119 1923 156 1953 s.
184 1923 221 1953 c.
250 1908 417 1952 fact-um
455 1914 525 1952 est
553 1908 606 1952 de
633 1908 889 1953 reuocando
918 1922 1001 1953 eo..
1064 1912 1104 1952 6.
1159 1909 1204 1954 C.
1234 1911 1434 1956 Graccho
1473 1911 1734 1956 inminentis
1758 1918 1851 1953 Par.

117 1993 250 2024 casus
294 1978 512 2023 atrocitas
559 1978 702 2038 palam
751 1993 833 2038 per
869 1979 1069 2038 quietem
1115 1981 1379 2026 denuntiata
1415 1989 1500 2027 est.
1577 1991 1802 2027 son1n025

118 2050 238 2093 enim
263 2062 450 2109 pressus
474 2048 637 2094 Tiberii
665 2049 821 2094 fratris
849 2049 1044 2109 effigiem
1072 2051 1187 2095 uidit
1208 2051 1429 2098 dicentem
1457 2053 1581 2098 nullo
1605 2052 1736 2098 modo

120 2133 256 2179 posse
293 2133 394 2163 euin
431 2120 576 2164 uitare
612 2133 666 2164 ne
703 2134 756 2165 eo
793 2121 888 2165 fato
926 2121 1125 2180 periret,
1167 2136 1256 2181 quo
1294 2124 1391 2183 ipse
1428 2123 1677 2184 propulsus
1714 2138 1739 2168 a

118 2189 341 2250 Capitolio
381 2189 638 2235 occidisset.
713 2195 752 2236 7.
794 2191 975 2236 Cassius
1000 2192 1259 2237 Parmensis
1297 2194 1416 2253 apud
1442 2196 1621 2239 Actium
1647 2196 1738 2238 An-

122 2261 231 2305 tonii
258 2259 417 2305 fractis
445 2260 633 2319 opibus,
680 2275 782 2306 cum
808 2269 930 2306 esset
957 2264 1154 2322 partium
1182 2264 1302 2314 eius,
1352 2266 1550 2310 Athenas
1578 2265 1737 2310 consu-

116 2332 203 2388 git.
264 2329 326 2374 ibi
370 2335 530 2375 somno
574 2345 760 2391 pressus
805 2334 1081 2379 existimauit
1124 2333 1177 2377 ad
1224 2348 1272 2379 se
1320 2337 1475 2380 uenire
1510 2336 1802 2381 homine1n30

122 2401 317 2458 ingentis
343 2400 689 2459 magnitudinis,
717 2394 886 2447 coloris
913 2405 1054 2462 nigri,
1084 2403 1367 2463 squalidum:
1406 2408 1738 2466 interrogatum

122 2471 326 2528 quisnam
354 2477 475 2514 essct
500 2473 792 2530 respondisse
820 2462 979 2517 κακὸν
1006 2471 1230 2533 δαίμονα.
1294 2476 1381 2521 hoc
1418 2477 1574 2522 eadem
1602 2483 1737 2521 nocte

239 2592 258 2629 l
292 2590 453 2631 aedem
487 2592 525 2630 Β
559 2607 674 2636 corr.
705 2608 763 2634 ex
793 2596 980 2641 eaedem
1041 2600 1065 2637 2
1099 2602 1169 2637 est
1191 2598 1464 2637 eius-BCV:
1498 2599 1596 2638 eius
1620 2602 1691 2638 est
1712 2609 1739 2643 ς

120 2649 147 2687 5
182 2644 425 2701 [Gracchi]
460 2648 747 2690 Kellerbauer
814 2655 839 2692 6
869 2652 1100 2693 dicentem
1130 2654 1171 2692 P
1236 2657 1258 2694 7
1290 2654 1462 2706 periret
1489 2656 1532 2695 P
1556 2662 1597 2695 et
1624 2655 1667 2694 B
1697 2657 1740 2695 in

121 2717 209 2745 ras.
226 2705 412 2744 maiore:
433 2717 524 2744 non
539 2708 711 2757 periret
727 2709 850 2747 codd.
866 2711 1060 2761 plerique
1119 2710 1334 2750 9.inirent
1348 2705 1406 2749 B'
1465 2713 1516 2751 12
1533 2712 1699 2752 somnii
1718 2713 1741 2752 b

125 2761 175 2800 13
204 2771 327 2799 nunc
348 2761 557 2813 sequitur
587 2765 696 2802 coni.
726 2763 849 2803 Torr.
931 2767 982 2805 19
1012 2765 1303 2818 respondisse
1334 2764 1379 2818 (c
1401 2769 1543 2808 ultima
1564 2770 1607 2809 in
1628 2772 1738 2819 ras.)

122 2815 164 2872 B
184 2812 369 2870 ΗΚΑΚωΝ
392 2829 570 2858 ΔΕΜΟΝΑ
591 2818 634 2858 Β
701 2822 754 2860 20
784 2824 904 2860 tetro
933 2835 989 2868 m,
1022 2822 1191 2862 iterato
1214 2822 1256 2861 B
1285 2824 1328 2863 in
1356 2837 1468 2870 ras„
1502 2828 1596 2864 tam
1619 2829 1738 2865 tetro

122 2873 226 2912 dett.
256 2879 389 2924 pauci
413 2870 432 2927 Η
460 2874 641 2915 homine
671 2876 720 2920 b,
752 2874 807 2916 a'n
837 2877 1016 2917 omine?
1085 2879 1136 2918 21
1166 2878 1442 2919 inclamauit
1472 2879 1666 2931 (amauit
1696 2883 1738 2920 in

0 2930 6 2936 '¹
52 2938 55 2945 ¹
121 2928 232 2979 ras.)
256 2929 298 2968 B
318 2926 337 2982 Η
367 2943 557 2981 ecquem
582 2933 645 2972 Γ.·
679 2935 724 2972 et
747 2945 880 2983 quem
902 2933 965 2980 B,
1001 2947 1059 2973 an
1082 2947 1214 2986 quem
1237 2935 1259 2975 b
1319 2938 1372 2975 23
1394 2936 1632 2977 uidessent
1652 2937 1693 2976 B
1709 2938 1726 2953 ⁶
