1936 3120
253 0 261 7 2-
334 14 338 22 v
384 0 389 2 --
399 6 412 10 ⁴*
459 0 531 23 ,μην
535 0 598 23 ,τυ-..ω’
611 0 673 15 *3⁷⁴⁷
686 0 718 14 χ’·
766 2 771 14 ;
837 2 843 7 -
941 0 951 10 r-
965 0 1026 15 φηγ
1039 0 1265 23 ·vvv··=v·qss,)·=‚]->3;:r²n.
1286 3 1314 15 --,
1342 10 1346 11 ⁷
1366 6 1383 19 „2
1430 10 1433 14 f
1458 14 1463 15 1

445 24 451 26 ,
559 26 566 34 ἢ,
618 18 623 24 .
954 19 956 22 ›
998 18 1002 19 ν
1020 19 1026 23 -
1105 19 1111 26 -.
1223 23 1228 33 v,
1257 27 1266 29 ..
1283 19 1339 36 ..μ-ς
1394 20 1405 32 e

290 107 398 162 456
963 113 1064 159 LIB.
1101 114 1225 160 VIIII.

289 229 407 274 tam
441 238 716 289 egressos3,
760 237 968 291 uapore
1003 227 1057 273 61
1091 219 1240 274 fumo
1282 219 1602 275 balnearum
1645 229 1896 294 strangu-

294 290 475 356 land0‚
504 299 558 344 et
575 290 979 343 Acerranorum
1005 299 1269 359 senatum,
1298 291 1489 345 eadem
1506 294 1717 346 ratione
1738 302 1900 347 extra

294 361 510 414 moenia
536 369 841 426 euocatum,
868 361 924 413 in
951 360 1285 431 profundum
1304 371 1590 433 puteorum
1610 364 1898 418 abiciendo

293 449 495 497 nonne,
530 431 735 484 bellum
772 432 1036 484 aduersus
1070 431 1332 503 populum
1366 433 1668 487 Romanum
1705 442 1757 487 et
1787 435 1899 488 Ita-

251 501 421 554 5liam
446 501 754 571 professus,
794 501 1058 554 aduersus
1094 503 1269 584 ipsam
1303 503 1467 556 fidem
1504 505 1681 557 acrius
1706 507 1897 575 gessit,

294 571 593 624 mendaciis
631 581 686 626 et
720 571 943 624 fallacia
985 591 1143 643 quas1
1185 574 1480 644 praeclaris
1516 575 1722 628 artibus
1767 594 1899 645 gau-

295 641 465 695 dens?
534 661 638 713 quo
674 643 856 695 euenit
890 651 950 695 111
982 642 1186 714 alioqui
1228 644 1497 714 insignem
1541 646 1773 698 nominis
1811 646 1898 699 8111

295 714 614 766 memoriam
650 713 955 778 relicturUS‚
996 714 1051 765 in
1079 713 1246 767 dubio
1274 715 1516 768 maiorne
1541 733 1611 767 an
1635 716 1790 786 peior
1812 719 1901 768 uir

293 783 484 837 haberi
511 783 736 837 deberet
760 792 1005 854 poneret.

232 941 274 973 10
633 925 763 977 VII.
804 928 899 976 DE
943 929 1019 978 VI
1042 928 1136 976 ET
1162 927 1559 977 SEDITIONE.

404 1025 451 1077 1.
476 1022 585 1076 Sed
605 1031 666 1075 111
684 1022 977 1076 uiolentiae
998 1031 1045 1075 et
1066 1023 1345 1076 seditionis
1366 1031 1478 1076 tam
1498 1030 1715 1093 togatae
1737 1043 1900 1096 quam

296 1094 461 1147 etiam
488 1101 730 1146 armatae
756 1093 905 1147 facta
929 1094 1267 1161 referantur,
1294 1093 1359 1147 L.
1385 1094 1695 1165 Equitium,
1759 1095 1814 1147 ui
1841 1114 1900 1148 se

295 1164 380 1217 Ti.
419 1164 658 1217 Gracchi
692 1164 863 1216 filium
898 1164 1194 1218 simulabat
1226 1164 1564 1218 tribunatum
1603 1183 1671 1217 ue
1708 1183 1739 1217 a
1780 1184 1899 1219 uer-

298 1254 389 1288 sus
417 1234 566 1304 leges
594 1253 715 1288 cum
739 1235 804 1287 L.
831 1235 1125 1289 Saturnino
1152 1235 1392 1306 petebat,
1420 1253 1452 1287 a
1472 1235 1534 1288 C.
1613 1235 1727 1288 ario
1747 1236 1898 1307 quin-

234 1323 275 1355 15
297 1315 412 1360 tum
438 1305 781 1359 consulatum
806 1314 1027 1375 gerente
1051 1306 1109 1357 in
1134 1304 1409 1375 publicam
1444 1304 1747 1357 custodiam
1773 1306 1899 1358 duc-

296 1384 409 1429 tum
427 1416 442 1444 ‚
493 1375 726 1447 populus
773 1375 1026 1428 claustris
1073 1375 1304 1427 carceris
1357 1374 1628 1427 conuulsis
1679 1384 1900 1447 raptum

296 1448 537 1500 humeris
589 1447 701 1499 suis
745 1465 843 1516 per
893 1464 1159 1498 summam
1210 1445 1513 1499 animorum
1563 1445 1901 1499 alacritatem

295 1518 555 1589 portauit.
630 1517 683 1569 2.
721 1516 973 1587 idemque
1007 1516 1072 1583 Q.
1100 1515 1384 1569 Metellum
1410 1534 1712 1582 censorem,
1753 1516 1900 1588 quod

298 1588 368 1642 ab
408 1606 469 1641 eo
505 1595 782 1657 tamquam
817 1587 1053 1641 Gracchi
1089 1586 1198 1638 filio
1235 1605 1454 1639 censum
1489 1586 1600 1639 reci
1644 1604 1733 1639 ere
1757 1585 1900 1639 nole-

233 1676 275 1709 20
296 1659 418 1726 bat,
454 1657 726 1729 lapidibus
754 1665 1094 1728 prosternere
1118 1664 1340 1710 conatus
1369 1664 1478 1724 681,
1519 1656 1590 1710 ad
1631 1664 1900 1710 rmantem

297 1738 408 1783 tres
434 1736 650 1782 tantum
674 1729 835 1782 modo
862 1727 1002 1782 filios
1031 1729 1115 1780 Ti.
1147 1727 1394 1782 Graccho
1421 1727 1590 1780 fuisse
1604 1768 1618 1794 ,
1647 1746 1675 1780 e
1702 1728 1899 1798 quibus

296 1819 465 1853 unum
499 1799 557 1850 in
593 1798 848 1852 Sardinia
883 1799 1156 1870 stipendia
1195 1805 1518 1866 merentem,
1558 1797 1787 1852 alterum
1821 1798 1900 1850 in-

180 1943 274 1979 Par.
299 1946 537 1994 egressos,
572 1946 747 1993 uapore
775 1939 820 1979 et
846 1931 968 1978 fumo
1005 1931 1285 1977 balineorum
1314 1931 1628 1992 strangulauit.
1688 1931 1804 1976 idem
1831 1944 1902 1976 se·

299 2010 454 2050 natum
473 2004 802 2050 Acerranorum
830 2010 952 2049 extra
978 2004 1154 2049 moenia
1181 2005 1417 2048 euocatum
1444 2003 1490 2047 in
1516 2001 1790 2062 profundum
1816 2015 1900 2061 pu-

234 2087 276 2120 26
299 2081 421 2120 teum
449 2073 624 2120 abiecit.
676 2128 681 2133 .

405 2144 500 2190 DE
541 2144 615 2189 VI
643 2141 736 2189 ET
767 2142 1142 2189 SEDITIONE.
1203 2144 1243 2187 1.
1281 2141 1330 2190 L.
1356 2141 1612 2202 Equitium,
1651 2142 1727 2201 qui
1754 2153 1802 2186 86
1827 2140 1898 2186 Ti.

300 2215 487 2261 Gracchi
515 2214 657 2260 filium
685 2214 923 2259 simulabat
956 2213 1327 2273 tribunatumque
1355 2226 1455 2258 cum
1479 2211 1526 2257 L.
1555 2211 1794 2257 Saturnino
1818 2224 1900 2274 pe—

301 2285 445 2336 tebat,
491 2301 515 2331 a
550 2287 594 2330 C.
632 2284 770 2330 Mario
807 2285 852 2329 in
889 2284 1137 2330 custodiam
1181 2283 1436 2329 coniectum
1472 2282 1669 2343 populus
1707 2281 1898 2342 eripuit:

240 2375 243 2377 ·
298 2361 338 2402 2.
378 2363 424 2402 61
449 2355 497 2412 Q.
524 2354 750 2401 Metellum
777 2368 1010 2401 censorem
1035 2353 1260 2414 lapidibus
1285 2359 1578 2414 prosternere
1598 2357 1788 2398 conatus
1816 2357 1901 2403 est,

235 2441 277 2475 30
301 2427 423 2488 quod
449 2428 487 2472 is
514 2426 568 2472 ab
595 2440 649 2472 eo
678 2439 883 2477 censum,
923 2432 1147 2486 tamquam
1176 2439 1199 2470 a
1226 2424 1322 2469 Tib.
1350 2423 1534 2470 Gracchi
1562 2422 1680 2474 filio,
1717 2421 1903 2467 nolebat

301 2499 529 2558 accipere,
569 2495 807 2542 adfirmans
835 2496 1082 2565 Gracchum
1117 2503 1209 2540 tres
1247 2494 1366 2540 filios
1403 2494 1640 2544 habuisse,
1678 2505 1702 2538 e
1737 2491 1902 2552 quibus

415 2637 437 2675 1
459 2634 744 2676 balineorum
765 2636 807 2674 P
860 2637 886 2675 3
907 2632 1181 2687 profundum
1203 2633 1264 2672 P:
1296 2630 1520 2686 profundo
1541 2630 1582 2671 B
1609 2627 1630 2685 ss
1655 2632 1841 2683 puteum
1861 2627 1906 2667 P

302 2693 351 2732 11
374 2692 611 2732 uolentiae
633 2686 689 2731 B'
715 2687 736 2745 ss
765 2693 811 2730 et
832 2704 908 2731 om.
933 2690 974 2730 B
1002 2687 1021 2744 ΙΙ
1049 2693 1144 2729 tam
1166 2689 1215 2729 b:
1245 2702 1366 2731 *ssam
1387 2687 1430 2728 B
1453 2688 1526 2738 (an
1542 2688 1694 2739 fuerat
1711 2683 1902 2726 seditio—

299 2748 418 2799 nisq.
441 2751 536 2788 tam
557 2747 597 2800 ‘?)
678 2749 731 2787 12
761 2747 1016 2798 aequitium
1039 2746 1118 2798 qui
1139 2758 1187 2786 se
1210 2747 1287 2786 titi
1315 2746 1358 2785 B
1436 2745 1490 2784 14
1517 2756 1619 2784 cum
1638 2741 1728 2782 Pb:
1757 2753 1834 2781 om.
1856 2738 1900 2778 B

302 2805 448 2859 (leges
470 2805 596 2845 habet
615 2802 674 2854 B)
715 2799 734 2857 Η
775 2799 1003 2856 quintum]
1030 2805 1206 2843 sextum
1226 2802 1350 2855 Piyh.
1432 2802 1485 2841 15
1506 2799 1694 2852 gerente
1714 2789 1770 2836 B'
1847 2797 1900 2836 17

301 2873 503 2904 amorum
524 2861 567 2900 B
588 2873 702 2902 corr.
723 2861 767 2900 in
788 2871 1012 2900 armorum
1074 2860 1126 2899 18
1148 2857 1268 2898 idem
1292 2859 1345 2910 Q.
1367 2859 1475 2898 coni.
1497 2856 1654 2907 Periz„
1711 2854 1763 2894 19
1784 2855 1905 2892 tam·

301 2931 436 2972 quam
460 2930 487 2958 a
509 2917 591 2958 tib.
614 2915 805 2970 gracchi
824 2916 867 2955 P
922 2916 974 2955 21
998 2910 1092 2968 Ti.]
1118 2917 1167 2955 .t.
1190 2914 1233 2954 B
