1878 3132
669 134 786 180 CAP.
815 113 883 184 vl,
924 132 953 192 g
980 133 1149 176 7-11.
1654 123 1720 176 81

95 248 231 302 buto
260 245 336 298 eis
401 241 690 297 atrimonio
717 248 773 295 et
798 239 949 294 cultu
974 258 1074 293 suo
1102 239 1379 310 sacrisque
1407 236 1722 292 domesticis

97 316 297 371 maiori
320 262 466 368 fifiae
499 312 721 367 traditis
747 310 1030 382 poculum,
1066 310 1125 362 in
1151 327 1257 381 quo
1293 327 1567 362 uenenum
1590 315 1722 362 tem-

137 395 348 442 eratum
373 394 506 451 erat,
533 382 809 437 constanti
827 381 1059 435 dextera
1083 380 1336 452 arripuit.
1373 387 1492 433 tum
1514 379 1722 433 defusis

163 457 372 512 ercurio
411 454 794 508 delibamentis
835 460 890 505 et
923 452 1181 505 inuocato
1220 452 1443 505 numine
1479 451 1623 518 eius,
1660 458 1723 504 ut

101 549 159 583 se
193 527 412 599 placido
447 526 643 579 itinere
676 524 734 576 in
767 522 1048 576 meliorem
1082 522 1229 575 sedis
1267 521 1517 575 infernae
1554 521 1723 575 dedu-
1747 535 1767 568 5

100 607 248 653 ceret
272 605 504 670 partem,
533 595 731 667 cupido
757 595 960 647 haustu
983 592 1326 648 mortiferam
1350 594 1524 647 traxit
1549 593 1723 664 potio-

99 688 243 737 nem,
271 687 335 722 ac
362 685 610 721 sermone
637 665 953 737 significans
982 683 1251 735 quasnam
1277 664 1511 718 subinde
1536 672 1721 735 partes

99 740 342 812 corporis
388 739 475 791 sui
517 738 669 807 rigor
718 744 1036 808 occuparet,
1090 754 1214 788 cum
1256 735 1369 787 iam
1412 735 1721 788 uisceribus

99 830 224 864 eum
250 818 304 863 et
329 809 480 863 cordi
503 808 789 861 imminere
817 816 963 860 esset
989 806 1227 874 elocuta,
1266 806 1503 859 filiarum
1528 825 1720 860 manus

101 882 173 935 ad
199 899 513 962 supremum
538 878 1023 950 opprimendorum
1049 877 1331 932 oculorum
1356 877 1602 932 officium
1628 877 1721 930 ad-
1746 891 1787 923 10

98 960 339 1006 uocauit.
399 958 616 1004 nostros
643 957 845 1017 autem,
872 950 1092 1002 tametsi
1117 968 1259 1003 nouo
1287 948 1601 1020 spectaculo
1630 948 1722 1003 ob—

101 1022 400 1094 stupefacti
426 1028 607 1088 erant,
649 1021 885 1073 suffusos
911 1027 1093 1073 tamen
1118 1020 1359 1073 lacrimis
1388 1020 1615 1073 dimisit.

207 1094 255 1146 9.
324 1091 435 1145 Sed
467 1099 530 1144 ut
564 1091 636 1144 ad
668 1090 1100 1144 Massiliensium
1135 1091 1440 1160 ciuitatem,
1486 1091 1631 1144 unde
1667 1090 1725 1142 in
1783 1102 1794 1122 ⁸

98 1162 630 1218 hoc.deuerticulum
655 1163 897 1230 excessi,
924 1169 1199 1230 reuertar,
1226 1162 1433 1216 intrare
1460 1162 1725 1232 oppidum

101 1253 286 1289 eorum
311 1232 450 1286 nulli
475 1252 599 1286 cum
624 1232 731 1285 telo
759 1232 912 1300 licet,
953 1240 1176 1314 praesto
1218 1252 1286 1285 ue
1324 1241 1406 1286 est
1432 1234 1526 1303 qui
1550 1233 1608 1285 id
1635 1250 1723 1284 cu·
1749 1245 1791 1278 15

101 1304 311 1358 stodiae
348 1305 529 1374 gratia
561 1310 848 1375 acceptum
884 1314 1098 1358 exituro
1124 1252 1352 1371 reddat,
1390 1311 1451 1356 ut
1483 1303 1725 1374 hospitia

101 1395 227 1443 sua,
255 1374 716 1447 quemadmodum
740 1375 1162 1429 aduenientibus
1188 1375 1428 1427 humana
1454 1382 1608 1442 sunt,
1646 1374 1725 1427 ita

100 1446 234 1518 ipsis
263 1464 477 1518 quoque
501 1454 621 1499 tuta
646 1446 772 1498 sint.
1075 1475 1077 1477 ·

209 1517 293 1570 10.
330 1517 548 1571 Horum
580 1518 795 1570 moenia
820 1535 1041 1587 egresso
1076 1525 1237 1570 uetus
1271 1515 1364 1569 ille
1389 1536 1507 1571 mos
1537 1515 1723 1569 Gallo-

100 1606 222 1640 rum
248 1588 514 1655 occurrit,
555 1606 690 1670 quos
727 1588 987 1640 memoria
1022 1588 1306 1659 proditum
1342 1596 1427 1641 est
1460 1588 1722 1659 pecunias
1747 1601 1788 1633 20

100 1666 318 1711 mutuas
332 1688 364 1725 ,·
386 1677 525 1729 quae
549 1659 617 1711 ils
647 1659 796 1729 apud
821 1658 1028 1712 inferos
1055 1658 1450 1726 redderentur,
1480 1659 1612 1711 dare
1640 1677 1722 1712 so-

100 1727 227 1781 litos
242 1768 256 1795 ,
285 1729 413 1799 quia
437 1747 760 1799 persuasum
784 1728 1079 1782 habuerint
1104 1733 1312 1782 animas
1339 1729 1619 1782 hominum
1644 1729 1723 1780 in-
1744 1794 1747 1797 .

100 1797 362 1852 mortales
402 1817 538 1851 esse.
616 1799 854 1851 dicerem
890 1798 1115 1865 stultos,
1167 1799 1276 1851 nisi
1318 1799 1467 1851 idem
1508 1799 1725 1852 bracati
1777 1802 1779 1804 “

104 1869 423 1937 sensissent,
465 1869 613 1940 quod
639 1868 897 1940 palliatus
924 1868 1273 1940 Bythagoras
1301 1869 1555 1922 credidit.

212 1941 296 1992 11.
346 1939 539 1992 Auara
574 1948 627 1993 et
659 1939 998 1993 feneratoria
1033 1939 1321 1993 Gallorum
1356 1939 1722 2011 philosophia,
1746 1954 1789 1987 25

102 2009 300 2063 alacris
337 2017 392 2062 et
425 2010 583 2063 fortis
613 2009 960 2064 Cimbrorum
995 2019 1049 2064 et
1076 2010 1500 2079 Celtiberorum,
1575 2011 1633 2063 ui
1666 2011 1724 2062 in

103 2080 219 2133 acie
246 2079 447 2151 gaudio
485 2080 812 2135 exultabant
838 2089 1118 2153 tamquam
1144 2082 1382 2152 gloriose
1410 2091 1463 2135 et
1488 2081 1543 2135 fe
1567 2082 1724 2134 iciter

99 2151 218 2204 uita
244 2152 549 2218 excessuri,
585 2151 1030 2206 lamentabantur
1065 2153 1123 2204 in
1148 2153 1339 2207 morbo
1368 2154 1527 2224 quasi
1551 2154 1724 2224 turpi-

101 2229 184 2274 ter
210 2230 265 2275 et
289 2223 635 2275 miserabiter
658 2223 906 2294 perituri.
945 2223 1210 2278 Celtiberi
1236 2225 1402 2277 etiam
1419 2223 1573 2277 nefas
1603 2243 1722 2277 esse

102 2367 273 2419 hibuit,
310 2375 501 2429 propter
538 2385 648 2430 quas
684 2384 810 2416 mors
845 2370 913 2416 illi
951 2371 1011 2417 sit
1049 2372 1312 2432 expetenda.
1384 2374 1426 2416 9.
1462 2371 1721 2418 Eorundem
1744 2385 1836 2419 Par.

31 2464 33 2466 -
100 2439 272 2483 intrare
310 2439 525 2498 oppidum
562 2454 663 2487 cum
700 2441 791 2487 telo
819 2441 934 2487 nulli
972 2444 1273 2503 permittitur,
1307 2447 1598 2503 'praestoque
1634 2449 1721 2492 est,
1746 2458 1787 2489 30

105 2508 183 2568 qui
211 2507 257 2552 id
281 2508 515 2555 custodiae
537 2512 683 2569 gratia
710 2518 944 2572 acceptum
972 2515 1150 2559 exituro
1179 2513 1352 2559 reddat.
1408 2515 1476 2557 11.
1504 2511 1720 2559 Celtiberi

218 2660 270 2700 10
292 2660 374 2699 litt.
395 2671 516 2700 mum
548 2660 895 2713 opprimendorfi
918 2663 961 2702 B
991 2664 1033 2702 in
1053 2676 1143 2706 ras.
1205 2666 1258 2704 13
1281 2662 1338 2704 ad
1361 2676 1439 2706 om.
1461 2659 1519 2702 B'
1579 2665 1631 2704 14
1653 2662 1720 2703 di-

102 2714 379 2756 uerticulum
400 2715 424 2756 b
486 2717 539 2757 15
568 2717 646 2769 qui
667 2716 713 2756 id
734 2717 776 2757 B
798 2730 913 2761 corr.
936 2731 958 2758 e
981 2718 1088 2771 quid
1149 2721 1201 2760 19
1233 2732 1443 2773 egresso*
1466 2717 1543 2772 (ex
1565 2732 1719 2773 egres-

104 2770 228 2821 sos?)
249 2771 305 2817 B,
340 2773 555 2825 egressis,
590 2785 804 2826 egressus
824 2775 950 2821 dett..
977 2776 1085 2825 fort.
1111 2788 1297 2829 egresso
1318 2776 1432 2817 mihi
1489 2778 1544 2818 20
1567 2789 1655 2829 quo
1682 2776 1718 2816 E

103 2827 156 2867 21
178 2826 250 2867 his
266 2827 308 2867 B
328 2825 347 2883 Η
367 2828 479 2870 data
500 2829 556 2877 B,
590 2830 723 2871 datos
745 2830 782 2877 b,
815 2830 923 2872 dare
948 2831 1039 2880 s'm,
1072 2831 1182 2873 dare
1204 2831 1368 2875 solitos
1384 2834 1558 2887 Pighius
1579 2846 1602 2874 e
1623 2835 1717 2874 cod.

13 2918 23 2924 ,
113 2882 404 2926 Winclzeliano
464 2887 517 2926 22
548 2885 810 2928 habuerunt
838 2889 913 2928 alii
936 2884 956 2942 Η
985 2889 1163 2930 animas
1186 2889 1252 2930 B:
1285 2891 1462 2933 animos
1494 2892 1596 2933 dett.
1630 2895 1672 2930 et
1693 2890 1741 2933 ς’

103 2938 159 2979 24
176 2939 410 2992 palleatus
430 2936 485 2981 B'
506 2938 525 2996 Η
545 2943 825 2998 phytagoras
846 2944 889 2984 B

187 3019 296 3051 vu„
316 3021 425 3054 qu.
1432 3015 1466 3067 6
