1924 3152
0 0 177 15 {ww-fw-
236 0 335 11 war
399 0 511 20 221--
545 0 643 25 «³³22
667 0 1165 30 ‡2÷‘-⁴—0·⁴12⁹2W3,ffl2„
1186 8 1195 13 -
1307 11 1318 19 .

94 110 212 164 326
814 113 915 159 LIB.
954 113 1039 158 vn.

102 223 210 275 bus
246 212 517 291 sapientia
550 218 814 290 praeditis
850 227 1039 271 natum
1076 219 1239 291 dictis
1283 220 1555 291 factisque
1595 240 1721 293 pru-

108 291 365 344 dentibus
395 290 662 341 enitescit.

222 390 268 440 1.
309 389 452 458 App.
484 386 775 439 Claudium
815 387 1004 441 crebro
1043 389 1261 441 solitum
1299 388 1479 442 dicere
1515 389 1721 460 accepi-

110 476 231 510 mus
267 458 547 526 negotium
586 457 783 528 populo
818 458 1065 511 Romano
1109 458 1302 511 melius
1347 477 1509 530 quam
1553 461 1722 512 otium

62 549 87 581 5
111 529 374 594 conmitti,
396 547 504 581 non
527 528 675 598 quod
691 528 968 597 ignoraret
989 548 1150 598 quam
1170 530 1436 582 iucundus
1460 529 1720 601 tranquil—

107 597 277 650 litatis
307 606 481 650 status
509 607 674 663 esset,
715 598 810 651 sed
838 599 982 670 quod
1009 600 1468 653 animaduerteret
1493 618 1719 671 praepo-

108 669 278 721 tentia
312 668 544 739 imperia
578 669 879 738 agitatione
914 689 1096 722 rerum
1131 670 1201 722 ad
1235 671 1498 723 uirtutem
1533 689 1718 752 capes-

108 737 332 791 sendam
359 740 606 806 excitari,
635 740 804 791 nimia
829 741 1010 810 quiete
1036 741 1094 791 in
1121 739 1390 792 desidiam
1409 739 1626 793 resolul.
1665 749 1720 793 et

108 827 239 861 sane
273 810 577 879 negotium,
622 810 837 862 nomine
872 810 1176 875 horridum,
1224 810 1461 861 ciuitatis
1500 818 1719 863 nostrae

44 900 87 932 10
107 898 283 932 mores
319 880 376 931 in
412 899 508 934 suo
547 888 696 932 statu
732 881 1024 947 continuit,
1061 879 1298 933 blandae
1335 879 1718 951 appellationis

107 951 259 1020 quies
287 949 534 1020 plurimis
561 951 712 1002 uitiis
741 951 1020 1021 respersit.

213 1049 263 1100 2.
305 1049 486 1119 Scipio
523 1067 653 1102 uero
681 1049 979 1101 Africanus
1015 1057 1173 1119 turpe
1211 1067 1330 1101 esse
1365 1049 1549 1102 aiebat
1577 1049 1635 1100 in
1659 1066 1719 1100 re

104 1118 330 1190 militari
369 1121 548 1172 dicere
587 1126 726 1172 ‘non
752 1127 1003 1190 putaram
1019 1126 1051 1186 ’,
1087 1118 1345 1172 uidelicet
1380 1120 1507 1189 quia
1534 1117 1717 1188 explo-

104 1199 224 1242 rato
261 1200 316 1242 et
351 1191 580 1243 excusso
619 1190 847 1243 consilio
884 1209 1021 1260 quae
1056 1190 1464 1259 ferro'aguntur
1489 1188 1719 1242 admini-

42 1279 84 1312 15
108 1260 268 1312 strari
291 1269 540 1330 oportere
561 1261 957 1313 arbitrabatur:
983 1279 1195 1312 summa
1213 1261 1452 1327 ratione3
1480 1260 1717 1311 inemen-

107 1330 304 1383 dabilis
334 1340 417 1384 est
443 1331 587 1383 enim
616 1350 782 1395 error,
812 1331 904 1400 qui
929 1329 1225 1383 uiolentiae
1249 1330 1445 1382 Martis
1474 1330 1716 1382 commit-

105 1401 256 1453 titur.
308 1401 455 1456 idem
488 1401 725 1470 negabat
759 1401 920 1453 aliter
956 1418 1080 1451 cum
1114 1399 1271 1453 hoste
1309 1398 1599 1468 confligere
1627 1398 1716 1451 de-

103 1489 250 1535 cere,
289 1490 451 1541 quam
485 1479 580 1523 aut
615 1471 661 1522 si
700 1470 911 1522 occasio
948 1470 1263 1523 obuenisset
1297 1478 1394 1522 aut
1417 1469 1714 1522 necessitas

102 1541 404 1593 incidisset.
457 1560 628 1612 aeque
655 1540 977 1611 prudenter:
1018 1559 1146 1592 nam
1174 1548 1226 1592 et
1248 1557 1509 1610 prospere
1527 1557 1715 1609 geren-

38 1629 82 1662 20
105 1610 207 1663 dae
233 1612 312 1663 rei
337 1611 657 1664 facultatem
694 1613 940 1664 omittere
975 1613 1217 1662 maxima
1254 1609 1530 1662 dementia
1555 1617 1638 1661 est
1664 1615 1718 1660 et

103 1681 160 1732 in
196 1682 481 1751 angustias
517 1682 704 1752 utique
749 1680 1031 1751 pugnandi
1077 1680 1398 1750 conpulsum
1442 1679 1717 1732 abstinere

105 1770 162 1804 se
189 1752 397 1821 proelio
424 1752 719 1822 pestiferae
745 1752 1001 1820 ignauiae
1030 1750 1212 1803 adfert
1238 1751 1472 1816 exitum,
1508 1768 1715 1802 eorum-

103 1841 224 1892 que,
252 1823 344 1892 qui
370 1823 480 1875 ista
506 1822 852 1887 conmittunt,
882 1820 1018 1873 alter
1043 1821 1307 1874 beneficio
1334 1820 1588 1873 fortunae
1613 1820 1714 1886 uti,

106 1892 243 1945 alter
267 1894 500 1945 iniuriae
526 1893 702 1945 nescit
726 1892 1001 1945 resistere.

41 2051 82 2083 25
214 2041 252 2083 1.
294 2038 673 2084 SAPIENTER
711 2038 910 2083 DICTA
947 2038 1089 2083 AVT
1109 2036 1333 2097 FACTA.
1385 2037 1559 2096 Appius
1586 2034 1715 2079 Clau·

0 2092 80 2137 ΡΨ·
107 2109 209 2154 dius
235 2108 399 2155 crebro
431 2109 578 2154 dicere
607 2108 804 2158 solebat,
840 2110 1074 2166 negotium
1115 2107 1286 2167 populo
1313 2107 1513 2151 Romano
1551 2104 1713 2149 melius

104 2193 236 2240 quam
265 2180 409 2224 otium
437 2179 556 2224 dari:
595 2178 778 2223 uidebat
815 2177 932 2222 enim
969 2178 1154 2238 imperia
1192 2178 1442 2236 agitatione
1479 2188 1631 2219 rerum
1660 2174 1715 2218 ad

103 2251 320 2294 uirtutem
356 2248 678 2309 capessendam
714 2249 927 2297 excitari,
963 2249 1098 2292 nimia
1137 2249 1290 2307 quiete
1326 2246 1371 2291 in
1399 2244 1614 2291 desidiam
1642 2258 1715 2289 re-

103 2319 236 2365 solui.
311 2324 351 2364 2.
392 2319 544 2380 Scipio
571 2318 811 2364 Africanus
850 2325 982 2377 turpe
1019 2331 1119 2362 esse
1154 2317 1330 2362 dicebat
1364 2317 1408 2361 in
1446 2329 1495 2360 re
1530 2314 1714 2360 militari

34 2402 81 2434 30
104 2390 253 2437 dicere
291 2390 412 2436 ‘non
439 2391 597 2450 putaui
615 2390 645 2439 ',
681 2388 894 2434 uidelicet
922 2388 1025 2448 quia
1054 2388 1290 2448 explorato
1318 2393 1364 2444 et
1390 2399 1580 2432 excusso
1607 2398 1713 2431 con-

103 2461 205 2507 silio
246 2474 361 2521 quae
396 2461 519 2505 ferro
554 2466 753 2520 aguntur
789 2459 980 2504 debeant
1006 2458 1324 2504 administrari.
1377 2456 1492 2502 idem
1521 2454 1714 2514 negabat

99 2531 235 2577 aliter
262 2545 363 2577 cum
390 2531 522 2577 hoste
550 2531 798 2590 confligere
826 2530 1000 2580 decere,
1031 2544 1164 2589 quam
1192 2530 1230 2574 si
1257 2535 1334 2574 aut
1364 2527 1543 2573 occasio
1571 2525 1713 2571 obue-

216 2685 242 2724 5
262 2683 447 2736 ignoret
467 2676 523 2723 B'
604 2684 656 2723 10
678 2694 901 2723 memores
921 2681 964 2721 B
986 2687 1084 2721 ante
1104 2693 1192 2722 ras.
1277 2681 1325 2719 11
1348 2677 1536 2719 refersit
1555 2690 1595 2716 u.
1618 2677 1646 2715 l.
1666 2676 1711 2714 in

101 2751 169 2792 my
190 2738 233 2778 B
293 2742 345 2780 13
365 2740 528 2792 putaui
549 2740 590 2778 P
607 2744 649 2780 et
670 2739 835 2779 Seneca
856 2739 909 2778 de
928 2741 996 2777 ira
1018 2737 1089 2783 ΙΙ,
1115 2739 1170 2776 31
1246 2738 1297 2776 17
1322 2733 1507 2784 confligi
1533 2731 1655 2772 Torr.
1683 2729 1704 2780 Η

100 2795 268 2836 decere
290 2795 496 2836 Foertselz
525 2795 593 2839 LE
619 2797 699 2836 30:
729 2795 896 2836 debere
918 2794 1005 2834 BP
1053 2795 1104 2834 18
1127 2805 1261 2845 quam
1283 2792 1324 2832 si
1345 2794 1426 2832 aut
1450 2790 1488 2829 P
1535 2789 1587 2828 19
1608 2798 1711 2840 pro·

99 2864 239 2906 spera
261 2850 518 2904 egerendae
540 2844 597 2890 B‘
655 2853 709 2891 22
730 2851 950 2905 pestifere
972 2842 1028 2889 B'

214 2908 269 2948 26
292 2907 451 2948 crebro
474 2921 552 2948 om.
583 2901 640 2947 V'
701 2909 754 2948 32
777 2906 944 2948 debere
972 2907 1018 2946 V
