1924 3152
446 0 712 27 *gevam-vs>
751 0 847 14 Π*
974 0 986 5 “
1136 0 1138 5 “
1175 0 1180 9 ⁴

273 175 275 178 .
725 133 843 180 GAP.
870 133 912 185 1,
952 133 982 192 g
1011 135 1206 179 10—13.
1679 126 1781 180 169

191 251 382 314 ropter
406 242 554 296 bona
578 260 703 296 cum
727 241 893 294 uenia
919 240 1026 295 duo
1051 240 1282 309 Metelli,
1309 240 1697 294 Macedonicus
1727 249 1781 294 et

207 313 510 380 umidicUS,
550 313 792 366 maxima
816 314 1030 383 patriae
1066 320 1414 379 ornamenta,
1462 312 1695 364 strictim
1721 330 1779 364 se

152 385 367 439 narrari
392 385 688 456 patientur.
710 384 715 388 ’

261 457 547 509 Acerrime
598 473 722 507 cum
764 447 1022 526 Scipione
1072 453 1339 507 Africano
1390 453 1780 506 Macedonicus

156 527 518 592 dissenserat,
557 543 850 596 eorumque
887 525 957 579 ab
995 524 1363 578 aemulatione
1398 525 1622 577 uirtutis
1659 543 1780 595 pro·
1803 545 1825 579 5

154 597 302 650 fecta
319 597 613 650 concitatio
641 596 714 649 ad
733 610 929 666 graues
958 603 1299 666 testatasque
1324 595 1639 648 inimicitias
1661 614 1782 666 pro-

155 686 347 739 gressa
384 667 594 720 fuerat:
639 666 737 720 sed
764 675 974 734 tamen,
1003 686 1128 720 cum
1154 667 1547 737 interemptum
1575 667 1790 738 Scipio--

154 757 282 792 nem
308 737 642 792 conclamari
678 738 948 805 audisset,
986 738 1042 791 in
1075 737 1359 809 publicum
1396 756 1454 789 se
1489 738 1782 808 proripuit,

154 817 475 880 maestoque
499 810 659 862 uultu
685 817 739 862 et
763 827 900 862 uoce
926 809 1156 863 confusa
1183 809 1530 877 ‘concurrite,
1559 827 1782 861 concur-

155 882 261 934 rite
276 888 308 947 ²,
368 880 548 951 inquit
598 880 806 946 ς0111638,
859 880 1075 933 moenia
1116 889 1338 934 nostrae
1386 879 1544 932 urbis
1590 898 1784 933 euersa
1806 899 1848 933 10

157 958 307 1004 sunt:
339 950 429 1004 Sci
468 950 583 1004 ioni
609 951 753 1003 enim
772 950 1038 1004 Africano
1064 952 1211 1005 intra
1235 970 1361 1004 suos
1424 959 1610 1004 enates
1638 952 1785 1022 quie-

158 1022 333 1075 scenti
358 970 574 1074 neFaria
599 1022 684 1074 uis
713 1020 880 1074 allata
907 1031 991 1075 est
1006 1030 1039 1074 '.
1081 1041 1110 1076 o
1130 1041 1245 1075 rem
1270 970 1551 1093 publicam
1576 1023 1786 1093 pariter

158 1092 412 1146 Africani
445 1099 620 1146 morte
646 1093 904 1145 miseram
939 1101 993 1145 et
1016 1092 1364 1147 Macedonici
1399 1101 1513 1146 tam
1546 1093 1787 1145 humana

157 1172 380 1234 tamque
407 1162 558 1215 ciuili
580 1162 973 1216 lamentatione
992 1163 1231 1217 felicem!
1274 1162 1464 1218 eodem
1491 1164 1634 1216 enim
1653 1172 1786 1217 tem-

197 1252 290 1288 ore
326 1242 381 1287 et
413 1242 680 1304 quantum
716 1234 989 1287 amisisset
1022 1235 1329 1306 principem
1364 1243 1417 1287 et
1442 1234 1660 1306 qualem
1693 1234 1786 1286 ha·
1811 1252 1854 1286 15

156 1253 313 1359 {eret
337 1300 669 1374 recognoui‘t.
730 1305 879 1357 idem
905 1305 1046 1359 filios
1076 1325 1203 1359 suos
1231 1306 1444 1358 monuit
1479 1314 1541 1358 ut
1566 1305 1789 1358 funebri

159 1375 276 1428 eius
302 1374 445 1429 lecto
471 1394 689 1428 umeros
718 1376 1054 1444 subicerent,
1089 1385 1253 1448 atque
1278 1376 1407 1428 huic
1433 1377 1790 1446 exequiarum

159 1445 312 1498 illum
346 1446 610 1500 honorem
645 1446 795 1500 uocis
835 1447 1066 1515 adiecit,
1104 1467 1217 1501 non
1257 1446 1377 1501 fore
1413 1455 1477 1499 ut
1511 1455 1706 1517 postea
1731 1445 1789 1498 id

162 1517 404 1571 officium
452 1518 521 1571 ab
565 1515 675 1569 illis
713 1517 910 1572 maiori
955 1519 1075 1572 uiro
1112 1519 1388 1589 praestari
1430 1526 1634 1588 posset.
1693 1517 1789 1571 ubi

159 1587 255 1640 illa
288 1595 372 1641 tot
403 1589 463 1640 in
496 1589 646 1640 curia
681 1588 901 1657 iurgia?
948 1590 1045 1642 ubi
1080 1598 1193 1642 tam
1219 1589 1424 1641 multae
1460 1607 1560 1658 pro
1597 1589 1788 1641 rostris
1812 1608 1854 1640 20

161 1657 583 1711 altercationes?
622 1658 720 1711 ubi
745 1659 1111 1712 maximorum
1138 1659 1341 1711 ciuium
1368 1668 1422 1711 et
1449 1659 1648 1711 ducum
1673 1668 1790 1712 tan-

163 1737 280 1782 tum
305 1745 414 1780 non
439 1736 630 1796 togata
657 1728 904 1798 proelia?
946 1729 1131 1782 omnia
1154 1729 1413 1780 nimirum
1447 1729 1556 1781 ista
1581 1731 1790 1798 praeci-

162 1817 272 1870 pua
297 1798 650 1850 ueneratione
676 1798 1060 1868 prosequenda
1086 1798 1292 1851 deleuit
1317 1797 1638 1852 moderatio.

273 1869 357 1921 13.
395 1866 723 1920 Numidicus
761 1876 945 1920 autem
970 1867 1226 1921 Metellus
1261 1867 1516 1939 populari
1551 1868 1791 1922 factione

201 1939 347 1991 atria
407 1937 562 1991 ulsus
588 1938 646 1990 in
671 1938 866 1991 Asiam
893 1939 1142 1992 secessit.
1193 1938 1250 1990 in
1276 1957 1385 2010 qua
1411 1957 1534 1991 cum
1571 1939 1621 1992 ei
1647 1939 1791 1993 forte
1814 1960 1855 1994 25

181 2009 322 2062 udos
419 2008 649 2063 rallibus
702 2010 974 2080 spectanti
1022 2009 1241 2063 litterae
1285 2008 1536 2063 redditae
1586 2018 1790 2078 essent,

165 2081 363 2152 quibus
393 2079 660 2151 scriptum
696 2089 812 2134 erat
838 2082 1079 2135 maximo
1110 2089 1333 2133 senatus
1371 2088 1425 2134 et
1449 2080 1639 2152 populi
1665 2100 1791 2135 con-

165 2184 282 2230 idem
310 2185 673 2232 adseuerassent.
749 2188 817 2232 12.
857 2186 1064 2232 Metellus
1092 2186 1405 2233 Macedonicus
1440 2200 1543 2232 cum
1582 2186 1790 2232 inimicus
1814 2194 1911 2229 Par.

167 2262 289 2302 esset
315 2255 517 2317 Scipioni
543 2257 756 2303 Africano
786 2270 839 2302 ex
864 2257 1192 2309 aemulatione,
1220 2263 1271 2303 ut
1298 2259 1494 2318 primum
1522 2257 1665 2303 audiit
1692 2270 1793 2303 eum
1853 2315 1856 2318 Α

166 2327 514 2387 interemptum,
552 2326 736 2387 lugubri
763 2327 920 2374 habitu
946 2330 991 2374 in
1018 2327 1253 2389 publicum
1278 2327 1463 2374 desiluit
1490 2335 1534 2373 et
1572 2329 1585 2350 ⁸
1602 2342 1794 2374 concur·
1815 2337 1857 2370 30

167 2397 301 2447 rite'‚
329 2398 476 2456 inquit
512 2398 526 2420 ‘
545 2399 696 2448 ciues,
736 2401 1022 2445 concurrite:
1062 2401 1241 2445 moenia
1267 2406 1453 2445 nostrae
1481 2398 1608 2444 urh1s
1637 2411 1794 2444 euersa

170 2467 297 2511 sunt'
313 2483 323 2511 :
351 2466 563 2526 filiosque
591 2482 701 2513 suos
729 2470 864 2514 iussit
883 2469 1004 2516 lecto
1035 2471 1132 2531 eius
1160 2483 1344 2515 umeros
1366 2468 1590 2519 subicere,
1619 2469 1794 2514 adiecto

169 2537 279 2587 hoc,
324 2549 417 2582 non
443 2536 543 2582 sore
579 2543 630 2583 ut
655 2545 818 2598 postea
843 2539 889 2584 id
915 2538 1119 2585 officium
1158 2539 1213 2585 ab
1239 2540 1310 2585 his
1338 2540 1500 2585 maiori
1534 2539 1638 2584 uiro
1666 2553 1795 2599 prae-

170 2610 282 2652 stari
319 2607 482 2668 possit.
559 2609 625 2652 13.
679 2607 888 2654 Metellus
913 2609 1176 2655 Numidicus
1211 2611 1360 2670 patria
1386 2609 1572 2669 pulsus,
1615 2622 1716 2655 cum
1753 2609 1795 2654 ei

170 2678 292 2724 sorte
330 2677 464 2723 ludos
493 2677 719 2724 Trallibus
746 2681 973 2738 spectanti
1003 2680 1226 2740 epistulae
1262 2686 1415 2725 essent
1451 2694 1475 2725 a
1502 2685 1660 2725 senatu
1688 2680 1796 2725 mis·
1818 2687 1861 2721 35

283 2775 309 2814 2
345 2775 502 2826 patria
538 2774 582 2815 B
660 2777 686 2816 3
722 2774 967 2828 patiantur
1001 2773 1026 2815 b
1104 2776 1131 2815 6
1170 2774 1424 2815 concitatio
1453 2773 1521 2814 B:
1562 2775 1797 2815 contentio

170 2831 274 2871 dett.
306 2827 325 2884 ΙΙ
353 2830 586 2872 inimicias
623 2844 704 2884 pro
734 2831 778 2871 B
805 2832 849 2871 in
876 2843 965 2873 ras.
1024 2832 1080 2872 20
1107 2830 1188 2871 ubi
1209 2833 1279 2872 tot
1298 2830 1474 2873 multae
1495 2830 1551 2879 B,
1580 2832 1686 2884 fort.
1717 2831 1799 2872 ubi

170 2888 240 2926 tot
259 2888 328 2926 uel
346 2887 427 2927 ubi
449 2890 519 2928 tot
539 2887 651 2929 illae
712 2889 764 2928 21
788 2890 924 2928 tanta.
946 2887 970 2927 b
1292 2897 1302 2905 ·

286 2944 338 2984 31
362 2948 524 2984 nostra
553 2945 597 2984 V
652 2946 708 2985 34
727 2945 846 2985 immo
866 2946 1027 2997 posset
1085 2944 1139 2985 35
1159 2943 1359 2985 tralibus
1388 2945 1429 2984 V
