1936 3120
688 107 824 183 CAP.
854 137 886 188 1,
913 135 1011 184 Ext.
1038 135 1068 196 3
1095 140 1236 183 2—7.
1261 138 1313 184 11.
1712 134 1820 188 435

22 242 42 290 ἴ
71 275 73 277 ·
116 297 124 304 ,Δ
201 243 331 298 inde
365 243 480 298 filia
512 245 628 298 eius
666 263 764 316 per
797 244 914 297 uim
955 252 1231 316 stuprata,
1268 246 1446 316 ipsam
1481 245 1717 315 dimisit,
1755 258 1819 302 ut

201 334 435 369 uacuum
459 314 639 369 locum
663 316 872 387 nuptiis
900 315 1115 387 puellae
1141 315 1365 387 faceret.

307 387 358 440 6.
401 385 812 440 Consentaneus
856 387 1028 456 igitur
1069 387 1290 457 regibus
1336 389 1449 440 suis
1487 388 1667 458 gentis
1706 391 1812 443 Ae-

17 472 28 547 ἶ
50 459 52 461 ’
127 542 130 544 v
202 459 428 583 gyztiae
454 457 706 529 populuS,
734 458 826 528 qui
853 456 1021 511 ductu
1040 458 1297 511 Archelai
1323 459 1588 516 aduersus
1608 457 1814 512 Aulum

257 547 290 582 a

331 528 504 580 inium
531 528 814 582 moenibus
841 529 995 582 urbis
1014 547 1262 599 egressus
1270 570 1284 596 ,
1313 548 1435 582 cum
1461 539 1643 583 castra
1666 529 1812 585 uallo
1839 550 1860 584 5

202 607 367 681 atque
391 600 546 652 fossa
570 599 789 668 cingere
815 599 1115 668 iuberetur,
1142 601 1430 653 uniuersus
1458 600 1817 655 succlamauit

199 678 262 723 ut
286 670 344 723 1d
370 688 506 742 opus
533 670 756 741 publica
775 672 1007 742 pecunia
1027 670 1341 724 faciendum
1361 671 1646 725 locaretur.
1685 691 1815 754 qua-

199 747 431 812 propter'
450 741 660 794 deliciis
688 751 803 796 tam
829 760 1053 795 enerues
1083 743 1249 795 animi
1270 743 1524 814 spiritum
1541 751 1814 796 exercltus

198 812 377 866 nostri
403 814 675 866 sustinere
699 832 809 866 non
833 821 1144 883 potuerunt.

307 884 358 936 7.
395 882 507 937 Sed
532 892 719 937 tamen
745 883 1108 937 effeminatior
1142 885 1436 938 multitudo
1465 884 1810 956 Cypriorum,
1837 907 1879 940 10

200 955 293 1025 qui
319 955 539 1024 reginas
566 973 692 1007 suas
721 954 1012 1008 mulierum
1038 956 1356 1026 corporibus
1376 955 1527 1009 uelut
1547 956 1812 1026 gradibus

201 1026 556 1093 constructis,
603 1045 710 1098 quo
747 1025 961 1079 mollius
1005 1027 1243 1096 uestigia
1286 1028 1487 1098 pedum
1529 1036 1813 1098 ponerent,

201 1114 390 1150 currus
429 1097 795 1151 conscendere
831 1116 1002 1168 aequo
1040 1099 1220 1151 animo
1261 1098 1620 1151 sustinebant.
1679 1098 1812 1150 uiris

201 1168 364 1235 enim,
393 1167 441 1220 si
466 1168 627 1221 modo
653 1168 761 1220 uiri
789 1177 972 1236 erant,
999 1169 1115 1222 uita
1141 1184 1326 1221 carere
1353 1188 1514 1241 quam
1541 1178 1652 1223 tam
1679 1168 1851 1221 deli-⁹
1875 1179 1885 1188 ·

199 1247 322 1293 cato
348 1240 579 1310 imperio
607 1248 986 1310 optemperare
1015 1240 1187 1292 satius
1215 1239 1340 1293 fuit.
1837 1261 1879 1293 15

623 1409 697 1462 II.
749 1413 848 1461 DE
883 1413 1394 1463 CRVDELITATE.

306 1507 463 1560 Haec
501 1510 736 1562 societas
770 1509 1034 1561 uitiorum
1078 1508 1272 1562 lasciui
1316 1508 1501 1561 uultus
1541 1516 1594 1561 et
1635 1527 1811 1566 nouae

200 1596 265 1630 cu
307 1578 490 1631 iditati
525 1578 925 1631 inhaerentium
969 1580 1246 1632 oculorum
1283 1599 1347 1632 ac
1385 1578 1618 1632 delicato
1665 1578 1814 1632 cultu

198 1649 258 1702 af
297 1649 475 1702 uentis
502 1667 706 1720 perque
731 1651 912 1703 uarios
951 1649 1350 1703 inlecebrarum
1376 1659 1556 1704 motus
1583 1649 1812 1702 uolitan-

197 1721 271 1775 tis*
297 1721 492 1772 animi:
536 1719 874 1773 crudelitatis
910 1739 1041 1773 uero
1067 1720 1319 1774 horridus
1346 1720 1592 1787 habitus,
1630 1728 1810 1772 trucu-
1837 1735 1879 1767 20

198 1790 346 1844 lenta
372 1791 582 1862 species
596 1831 611 1858 ,
637 1790 867 1843 uiolenti
895 1791 1117 1861 spiritus
1131 1832 1144 1859 ,
1173 1811 1285 1844 uox
1311 1790 1599 1856 terribilis,
1628 1789 1811 1843 omnia

197 1861 356 1915 minis
385 1870 441 1915 et
468 1862 707 1915 cruentis
733 1862 977 1932 imperiis
1004 1862 1226 1914 referta.
1301 1861 1389 1914 cui
1416 1861 1694 1916 silentium
1719 1859 1810 1913 do-

196 1952 330 1986 nare
366 1940 702 1994 crementum
738 1941 821 1985 est
846 1932 1079 1985 adicere.
1154 1933 1352 1985 etenim
1389 1951 1549 2003 quem
1586 1930 1812 1985 modum

199 2004 306 2058 sibi
341 2004 465 2074 ipsa
503 2011 727 2070 statuet,
766 2004 812 2055 si
847 2022 914 2056 ne
951 2002 1355 2074 suggillationis
1394 2003 1615 2074 quidem
1642 2001 1810 2054 frenis

201 2168 258 2212 tri
296 2174 485 2228 nuptam
522 2166 606 2212 sibi
642 2165 815 2211 nubere
850 2167 1024 2226 coegit:
1075 2172 1235 2226 postea
1273 2165 1434 2212 deinde
1469 2164 1558 2211 filia
1606 2171 1811 2225 stuprata
1834 2182 1876 2215 25

197 2239 342 2297 ipsam
381 2237 553 2283 dImisit
588 2251 638 2283 ac
672 2237 867 2297 puellam
904 2237 1044 2282 duxit.
1117 2240 1157 2282 6.
1197 2237 1408 2297 Aegyptii
1435 2236 1574 2281 ductu
1600 2234 1808 2282 Archelai
1833 2223 1926 2257 Par.

198 2308 418 2354 aduersus
453 2307 507 2352 A.
543 2307 778 2353 Gabinium
822 2307 1062 2353 moenibus
1106 2307 1233 2352 urbis
1274 2308 1474 2366 egressi,
1522 2321 1620 2352 cum
1665 2313 1813 2352 castra

199 2378 319 2424 uallo
358 2384 496 2438 atque
531 2378 656 2423 fossa
694 2379 877 2437 cingere
914 2377 1210 2429 iuberentur,
1247 2376 1648 2423 subclamauerunt
1682 2383 1733 2421 ut
1767 2376 1812 2421 id

197 2463 314 2510 opus
341 2447 520 2509 publica
547 2449 738 2508 pecunia
766 2447 1020 2493 faciendum
1046 2447 1288 2494 locaretur.
1362 2451 1401 2492 7.
1443 2447 1592 2507 Cyprii
1630 2446 1811 2506 reginas

199 2534 303 2566 suas
331 2518 573 2564 mulierum
602 2518 873 2579 corporibus
900 2518 1027 2563 uelut
1054 2517 1270 2578 gradibus
1297 2516 1548 2567 instructis,
1578 2530 1668 2576 quo
1696 2515 1808 2562 mol·
1832 2522 1875 2554 30

314 2675 335 2713 1
358 2671 458 2713 filia
474 2672 573 2713 eius
595 2670 807 2724 stuprata
834 2665 890 2710 B'
975 2673 1000 2712 8
1030 2673 1126 2711 tam
1148 2670 1331 2711 eneruis
1355 2667 1425 2720 (—
1448 2681 1528 2709 ues
1551 2668 1684 2719 corr.)
1706 2668 1748 2708 B
1767 2670 1810 2708 in

197 2743 285 2774 ras,
309 2727 327 2784 ΙΙ
349 2730 605 2783 spiritum„
626 2728 668 2768 B
729 2729 780 2767 12
803 2727 1043 2768 instructis
1064 2728 1105 2767 P
1154 2729 1207 2767 14
1229 2739 1362 2778 quem
1384 2722 1442 2765 B'
1482 2728 1534 2767 16
1556 2726 1714 2766 titulum
1734 2725 1807 2765 ha·

197 2787 297 2828 beni
319 2786 418 2827 libri
437 2792 536 2828 ante
559 2783 847 2826 crudelitatis
871 2783 928 2835 (u.
953 2784 1027 2834 20)
1073 2785 1124 2824 19
1147 2783 1342 2824 affluens
1366 2775 1421 2822 B'
1441 2779 1460 2836 Ι]
1479 2782 1730 2823 uolitantes
1751 2773 1808 2820 B'

197 2845 250 2884 21
293 2843 583 2884 omnianimis
606 2842 676 2892 (-
699 2841 803 2882 miis
823 2839 959 2893 corr.)
982 2841 1025 2880 B
1048 2838 1147 2892 (ora
1168 2840 1303 2880 minis
1324 2840 1468 2892 Piylz.)
1568 2840 1621 2879 23
1662 2839 1809 2878 incre-

196 2903 398 2954 mentum
421 2902 524 2941 dett.
548 2895 566 2954 Η
590 2898 757 2939 etenim
797 2910 931 2950 quem
962 2899 1062 2938 dett.
1096 2898 1278 2950 aliquot:
1326 2897 1446 2936 enim
1476 2907 1610 2948 quem
1640 2894 1680 2935 B
1703 2894 1805 2934 add.

197 2957 331 3010 siquis
350 2956 698 3010 transpositionis
757 2955 811 2995 24
833 2954 977 2995 frenis
1000 2953 1042 2995 B
1065 2966 1177 2994 corr.
1203 2966 1225 2994 e
1247 2953 1403 2994 fremit
1637 2966 1660 2984 ο

1442 3020 1553 3074 28*
