1936 3120
340 709 798 790 INCERTI
840 710 1389 793 AVCTORIS
1433 714 1769 796 LIBER

383 849 489 902 DE
517 849 1146 904 PRAENOMINIBVS
1177 852 1282 904 DE
1308 852 1730 909 NOMINIBVS

357 934 463 988 DE
492 933 1067 989 COGNOMINIBVS
1093 936 1199 989 DE
1225 937 1758 994 AGNOMINIBVS

415 1020 522 1072 DE
554 1019 1264 1075 APPELLATIONIBVS
1290 1023 1396 1076 DE
1421 1023 1695 1078 VERBIS

454 1135 561 1203 IN
620 1134 1110 1204 EPITOMEN
1169 1136 1666 1207 REDAOTVS

667 1258 731 1321 A
781 1255 1035 1323 IVLIO
1087 1256 1454 1326 PARIDE.

683 1505 781 1552 DE
814 1505 1315 1555 PBAENOMINIB
1328 1506 1422 1556 VS.

360 1599 406 1651 1.
436 1598 614 1651 Varro
645 1599 913 1670 simplicia
938 1600 996 1651 in
1014 1599 1178 1653 Italia
1203 1600 1374 1653 fuisse
1399 1601 1619 1654 nomina
1644 1602 1723 1656 ait
1748 1604 1860 1656 exi-

257 1669 697 1740 stimationisque
724 1690 855 1723 suae
882 1679 1263 1740 argumentum
1281 1672 1467 1739 refert,
1495 1672 1637 1743 quod
1659 1673 1859 1727 Romu-

255 1740 338 1793 lus
376 1750 431 1794 et
456 1741 657 1793 Remus
695 1749 749 1794 et
783 1740 1078 1794 Faustulus
1114 1761 1288 1813 neque
1323 1741 1657 1813 praenomen
1690 1744 1860 1797 ullum

210 1834 231 1867 5
255 1830 429 1883 neque
464 1829 764 1881 cognomen
802 1812 1113 1866 habuerint.
1189 1813 1281 1883 qui
1328 1814 1396 1867 ab
1432 1831 1494 1866 eo
1532 1813 1860 1868 dissentiunt

255 1883 408 1935 aiunt
442 1891 672 1934 matrem
710 1902 895 1936 eorum
921 1883 1092 1935 Ream
1120 1882 1346 1936 Siluiam
1380 1892 1655 1951 uocatam,
1697 1904 1858 1938 auum

251 1952 483 2007 Siluium
509 1953 876 2020 Numitorem,
904 1954 1130 2007 fratrem
1158 1955 1272 2007 eius
1300 1955 1582 2008 Amulium
1608 1954 1855 2023 Siluium,

252 2042 315 2076 ac
363 2025 670 2094 superiores
707 2024 1049 2078 Albanorum
1091 2043 1247 2094 reges
1302 2024 1564 2096 Capetum
1612 2025 1854 2092 Siluium,

251 2095 558 2165 Agrippam
580 2094 829 2163 Siluium,
857 2096 1293 2166 posterioresque
1321 2095 1483 2148 duces
1503 2096 1736 2148 Mettum
1752 2096 1857 2148 Fu-

188 2187 230 2220 10
252 2164 447 2217 setium
483 2174 537 2218 et
574 2166 834 2218 Tutorem
871 2164 1135 2217 Cloelium
1169 2174 1409 2218 uocatos.
1483 2184 1582 2218 nec
1617 2167 1857 2219 contenti

250 2235 335 2287 his
363 2234 434 2287 ad
461 2234 692 2288 Sabinos
719 2235 1219 2305 transgrediuntur:
1262 2235 1447 2288 Titum
1473 2237 1715 2304 Tatium,
1747 2237 1857 2290 Nu-

249 2324 394 2358 mam
415 2305 746 2377 Pompilium
766 2314 819 2359 et
837 2314 1049 2377 patrem
1070 2307 1184 2358 eius
1205 2306 1494 2376 Pompium
1513 2306 1856 2378 Pompilium,

251 2376 603 2448 eiusdemque
645 2377 883 2446 regionis
927 2377 1103 2448 princi
1146 2396 1201 2429 es
1247 2386 1563 2430 enumerant
1605 2377 1857 2431 Pustula-

250 2466 380 2500 num
405 2448 747 2515 Lauranum‚
784 2447 1047 2500 Volesum
1071 2397 1417 2515 &alensium,
1455 2447 1690 2501 Mettum
1725 2447 1855 2501 Cur-

189 2539 230 2572 15
253 2518 406 2586 tium,
434 2518 621 2571 Alium
642 2517 1166 2571 Fumusilleaticum.
1212 2537 1240 2570 e
1260 2519 1453 2571 Tuscis
1474 2519 1707 2571 recitant
1724 2518 1855 2571 Lar-

254 2596 363 2642 tem
396 2589 758 2658 Porsennam,
796 2591 864 2642 ab
892 2588 1213 2661 Aequiculis
1253 2588 1556 2660 Septimum
1590 2588 1852 2656 Modium,

364 2734 386 2772 1
427 2732 530 2774 Lib.
552 2733 594 2773 X
616 2732 671 2773 de
693 2733 989 2786 praenomine
1011 2733 1053 2773 B
1133 2735 1158 2774 6
1196 2744 1324 2773 ream
1344 2731 1408 2773 B:
1438 2732 1595 2773 rheam
1622 2733 1662 2773 V
1729 2733 1753 2772 7
1774 2743 1852 2771 no-

254 2788 459 2829 mitorem
480 2784 535 2830 B'
632 2792 657 2830 9
679 2793 870 2829 mettum
893 2791 981 2837 (uel
1001 2787 1206 2840 metium)
1228 2788 1295 2836 B‚·
1324 2791 1494 2829 metum
1520 2789 1572 2837 V,
1594 2787 1805 2828 Mettium
1826 2796 1854 2831 ς

254 2846 306 2884 12
328 2844 593 2898 pomp[ium]
615 2846 672 2897 B,
694 2847 912 2899 Pompum
931 2846 1107 2898 Piylzius
1160 2848 1211 2887 13
1235 2842 1550 2900 [pustulanum
1566 2866 1623 2873 --
1642 2841 1853 2897 primum]

253 2913 407 2954 regem
438 2915 590 2942 eorum
622 2907 667 2943 et
697 2901 933 2954 f[ert0rem
964 2924 1016 2931 —
1048 2899 1143 2955 qui]
1173 2903 1243 2942 ius
1277 2900 1316 2940 Β
1394 2902 1446 2942 15
1487 2900 1656 2941 etuscis
1692 2900 1755 2940 V:
1797 2913 1853 2940 ex

251 2958 417 3008 Tuscis
438 2960 561 3002 codd.
585 2959 738 3011 Pz'qlzz‘i,
762 2959 818 3000 ab
842 2958 1050 2999 Etruscis
1072 2958 1169 2999 Mai
1227 2958 1279 2998 16
1299 2957 1562 3011 porsinnam
1588 2957 1633 2998 V
