1924 3152
1061 11 1124 28 γ’.

693 125 811 171 οΑΡ.
840 125 898 177 11,
938 125 1033 170 Exi.
1062 125 1091 184 g
1121 128 1159 170 1.
1187 129 1227 168 2.
1670 117 1767 169 331

11 221 27 292 Ξ
146 235 304 288 tiam.
379 233 536 286 ‘hine
562 241 641 285 ω’
679 233 856 303 inquit
891 231 1182 297 <solimam
1218 230 1350 283 hino·
1373 231 1608 296 orbitas,
1649 229 1776 282 hino

143 307 365 376 generis
393 304 674 370 interitus,
714 303 838 355 hinc
871 304 1029 355 heres
1067 302 1276 355 alienus
1316 302 1583 372 excipiet,
1625 299 1777 352 illinc

146 385 418 448 perpetua
460 374 770 428 sollicitudo
785 415 798 442 ,
852 381 1140 435 contextus
1180 372 1577 443 querellarum,
1630 371 1774 423 dotis

146 447 524 518 exprobratiO,
552 444 818 497 adfinium
843 463 1014 514 graue
1043 443 1411 514 supercilium,
1439 442 1664 512 garrula
1691 461 1775 495 so-

146 537 273 570 crus
300 516 513 586 lingua,
543 517 832 568 subsessor
858 515 1024 568 alieni
1051 515 1414 582 matrimonii,
1442 515 1684 567 incertus
1712 512 1774 563 li-
1798 527 1820 560 5

151 591 408 642 berorum
443 591 721 639 euentus'.
781 606 892 640 non
926 605 1122 657 passus
1160 593 1243 638 est
1276 587 1531 638 iuuenem
1567 584 1624 635 in
1651 602 1775 636 con-

146 667 308 712 textu
333 677 515 710 rerum
542 676 863 728 asperarum
890 657 1049 728 quasi
1087 656 1264 709 laetae
1301 657 1566 708 materiae
1593 655 1776 707 facere

147 729 432 782 dilectum.

257 800 441 866 Idem,
479 818 603 851 cum
627 799 1050 852 Atheniensium
1087 798 1351 851 scelerata
1378 797 1654 850 dementia
1681 796 1776 848 tri-

147 879 292 924 stem
314 870 381 922 de
402 871 582 940 capite
603 871 720 922 eius
745 871 1076 922 sententiam
1097 868 1316 922 tulisset
1334 870 1571 938 fortique
1593 867 1773 918 animo
1797 881 1841 913 10

147 951 206 995 et
233 941 507 994 constanti
532 940 691 993 uultu
715 942 993 1012 potionem
1018 941 1215 992 ueneni
1243 959 1271 992 e
1297 958 1462 991 manu
1498 938 1773 990 carnificis

147 1012 483 1083 accepisset,
530 1011 750 1065 admoto
787 1012 898 1063 iam
935 1011 1104 1064 labris
1142 1010 1365 1081 poculo,
1410 1028 1582 1062 uxore
1621 1008 1775 1060 Xan-

149 1084 339 1154 thippe
365 1083 507 1135 inter
541 1083 728 1135 fletum
757 1090 810 1134 et
834 1081 1280 1135 lamentationem
1316 1080 1658 1134 uociferante
1694 1079 1774 1130 in-

148 1161 440 1207 nocentem
462 1172 584 1206 eum
604 1154 925 1223 periturum,
949 1153 1104 1223 ‘quid
1127 1171 1254 1222 ergo
1269 1153 1317 1204 ‘?'
1340 1152 1518 1222 inquit
1537 1149 1775 1203 ‘nocenti

149 1223 284 1276 mihi
309 1225 448 1277 mori
475 1225 649 1276 satius
678 1243 799 1276 esse
827 1224 1077 1276 duxisti?
1097 1231 1108 1251 ’
1162 1224 1468 1276 inmensam
1502 1220 1651 1272 illam
1691 1239 1776 1272 sa·
1800 1234 1843 1267 15

150 1295 436 1366 pientiam,
467 1313 604 1365 quae
631 1313 698 1346 ne
724 1296 782 1346 in
807 1295 928 1366 ipso
957 1294 1178 1365 quidem
1203 1295 1352 1346 uitae
1381 1311 1615 1345 excessu
1641 1291 1775 1344 obli-

150 1366 293 1418 uisci
321 1366 406 1417 sui
431 1365 634 1436 potuit!

257 1436 308 1489 2.
350 1437 471 1506 Age
499 1454 661 1506 quam
690 1435 986 1506 prudenter
1014 1433 1144 1489 Solo
1186 1434 1487 1501 neminem,
1525 1434 1655 1485 dum
1683 1432 1777 1485 ad-

149 1506 257 1559 huc
282 1507 522 1573 uiueret,
566 1507 790 1559 beatum
818 1507 928 1559 dici
956 1507 1155 1559 debere
1194 1505 1594 1571 arbitrabatur,
1632 1503 1780 1574 quod

150 1577 226 1629 ad
250 1576 501 1629 ultimum
526 1596 699 1648 usque
725 1577 827 1629 fati
849 1578 996 1630 diem
1018 1577 1247 1647 ancipiti
1267 1576 1522 1629 fortunae
1545 1574 1778 1628 subiecti
1802 1597 1846 1628 20

150 1665 414 1700 essemus.
491 1647 772 1699 felicitatis
818 1648 987 1717 igitur
1030 1647 1300 1699 humanae
1351 1645 1780 1717 appellationem

150 1735 320 1787 rogus
349 1726 712 1784 consummat,
742 1718 834 1788 qui
865 1738 920 1770 se
946 1718 1192 1769 incursui
1218 1716 1485 1770 malorum
1515 1717 1701 1770 obicit.

260 1788 444 1855 Idem,
484 1807 606 1839 cum
643 1807 712 1840 ex
748 1789 934 1840 amicis
963 1787 1237 1858 quendam
1263 1787 1507 1856 grauiter
1532 1805 1776 1839 maeren-

152 1868 265 1912 tem
290 1858 522 1925 uideret,
550 1859 608 1910 in
634 1877 815 1911 arcem
841 1858 1101 1929 perduxit
1116 1858 1474 1928 hortatusque
1497 1865 1580 1910 est
1597 1866 1659 1909 ut
1678 1875 1778 1927 per

153 1949 341 1984 omnes
389 1929 760 1983 subiectorum
804 1929 1180 1982 aedificiorum
1223 1936 1406 2000 partes
1453 1927 1639 1982 oculos
1677 1928 1777 1979 cir·
1800 1947 1844 1980 25

154 2078 503 2139 paenitentiam:
546 2078 670 2123 ‘hinc
701 2079 761 2122 te’
794 2077 943 2138 inquit
972 2077 1188 2128 solitudo,
1219 2077 1323 2123 hinc
1351 2076 1538 2126 orbitas,
1567 2076 1672 2120 hinc
1700 2088 1775 2134 ge·
1799 2083 1892 2120 Par.

155 2150 281 2194 neris
307 2148 551 2199 interitus,
590 2149 695 2194 hinc
731 2149 864 2193 heres
901 2149 1074 2193 alienus
1112 2148 1346 2208 excipiet'.
1397 2173 1466 2180 —-
1517 2146 1636 2191 Idem
1675 2160 1776 2192 cum

153 2218 394 2265 damnatus
430 2234 452 2264 a
493 2219 672 2265 ciuibus
719 2221 954 2279 potionem
991 2219 1157 2265 ueneni
1193 2234 1217 2264 a
1253 2217 1460 2264 carnifice
1507 2217 1774 2277 accepisset,

157 2303 299 2335 uxore
324 2289 582 2350 Xanthippe
610 2291 730 2335 inter
755 2290 911 2334 fletum
940 2290 1222 2335 uociferante
1251 2291 1541 2335 innocentem
1569 2302 1670 2333 eum
1698 2301 1777 2347 pe-

157 2361 369 2410 riturum,
391 2355 519 2418 ‘quid
541 2360 703 2420 ergo?’
733 2360 883 2419 inquit
906 2360 1110 2405 enocenti
1126 2361 1235 2405 mihi
1259 2361 1374 2405 mori
1397 2360 1539 2404 satius
1555 2358 1723 2404 duxisti
1736 2358 1774 2402 ‘2’
1800 2368 1843 2400 30

155 2433 198 2472 2.
238 2428 346 2474 Solo
374 2428 647 2486 legumlator
673 2431 913 2480 neminem,
942 2431 1046 2475 dum
1073 2430 1219 2475 adhuc
1246 2432 1449 2480 uiueret,
1479 2429 1661 2475 beatum
1691 2429 1777 2473 dici

155 2499 322 2544 debere
347 2498 667 2544 arbitrabatur.
697 2526 760 2532 —
790 2500 906 2545 Idem
935 2514 1035 2545 cum
1063 2514 1116 2545 ex
1142 2499 1298 2546 amicis
1325 2499 1547 2559 quendam
1576 2501 1782 2557 grauiter

158 2576 430 2615 maerentem
458 2569 676 2620 uidisset,
705 2572 749 2614 in
778 2584 925 2615 arcem
953 2571 1223 2630 perductum
1250 2571 1463 2615 hortatus
1489 2576 1582 2619 est,
1620 2575 1672 2614 ut
1698 2581 1780 2628 per

158 2654 319 2686 omnes
357 2640 669 2686 subiectorum
707 2640 1014 2686 aedificiorum
1054 2647 1205 2701 partes
1247 2640 1410 2686 oculos
1438 2639 1778 2686 circumferret:

274 2766 295 2804 1
319 2764 428 2805 hinc
451 2762 644 2818 (quater)
667 2765 768 2805 Pm:
799 2764 874 2804 hic
895 2765 938 2804 B
1005 2767 1030 2804 2
1051 2764 1183 2804 illinc
1206 2778 1266 2804 m:
1299 2764 1398 2804 illic
1421 2764 1464 2804 B
1523 2766 1548 2804 5
1570 2764 1779 2803 incertus

157 2820 216 2868 B,
235 2823 316 2862 sed
336 2824 488 2862 certus
511 2824 554 2861 in
574 2834 663 2864 ras.
727 2822 778 2861 12
799 2821 931 2861 uxori
953 2821 977 2860 b
1017 2816 1037 2875 ss
1074 2821 1357 2874 xanthippoe
1379 2813 1434 2860 B'
1506 2823 1556 2862 13
1578 2820 1782 2860 uocifer-

19 2885 29 2919 t
159 2874 270 2918 ante
292 2876 366 2929 (-
384 2879 422 2917 ti
444 2878 486 2930 b)
510 2878 552 2919 B
632 2878 684 2918 15
715 2890 815 2919 esse
839 2891 916 2919 om.
939 2879 980 2918 P
1058 2879 1109 2918 18
1142 2876 1323 2919 nemine
1344 2878 1386 2918 B
1408 2891 1522 2937 eqrr.
1546 2891 1567 2918 e
1590 2875 1645 2917 ne
1710 2878 1780 2941 ‘22

15 2922 54 3152 ἱ
159 2938 404 2975 consumat
425 2934 468 2974 B
