1924 3152
218 146 319 200 158
912 148 1013 194 LIB.
1051 149 1118 194 lIl.

215 260 420 330 peritae
463 255 828 308 multitudinis
872 255 1223 326 obstrepente
1258 263 1432 310 totum
1467 256 1645 310 forum
1683 277 1829 311 acer-

215 332 351 381 rimo
399 326 580 380 studio
628 325 906 379 nitebatur
948 334 1010 378 ut
1051 325 1302 397 Equitio,
1355 327 1441 380 cui
1477 327 1828 399 Semproniae

216 398 393 468 gentis
422 396 623 449 falsum
648 396 732 448 ius
761 396 1149 466 quaerebatur,
1179 404 1454 468 tamquam
1480 396 1591 452 filio
1620 398 1831 451 Tiberii

217 468 402 522 fratris
450 467 532 520 tui
571 466 816 519 osculum
851 466 1036 520 dares:
1087 475 1147 520 tu
1189 475 1373 520 tamen
1414 467 1595 536 illum,
1646 468 1829 522 nescio

175 561 194 593 5
217 539 415 611 quibus
466 537 706 590 tenebris
756 546 1096 608 protractum
1139 546 1479 609 portentum,
1533 538 1831 593 execrabili

217 609 446 661 audacia
473 607 543 660 ad
568 607 941 678 usurpandam
967 608 1200 661 alienam
1225 609 1690 680 propinquitatem
1715 618 1829 662 ten-

217 680 437 733 dentem
461 677 766 749 reppulisti.
1586 727 1588 730 .

325 751 372 802 7.
432 749 556 801 Non
590 748 1026 818 ind'gnabuntur
1062 749 1266 802 lumina
1300 758 1521 802 nostrae
1554 750 1736 815 urbis,
1784 750 1829 802 si

215 821 357 873 inter
392 838 581 873 eorum
616 820 877 871 eximium
911 819 1182 889 fulgorem
1207 820 1582 872 centurionum
1619 837 1831 890 quoque

154 913 194 945 10
215 891 392 944 uirtus
439 910 462 942 s
507 890 794 942 ectandam
837 909 894 942 se
938 889 1214 943 obtulerit.
1289 908 1415 942 nam
1454 897 1516 942 ut
1553 888 1830 942 humilitas

216 960 444 1031 amplitu
487 960 633 1012 inem
667 960 918 1012 uenerari
946 960 1135 1027 debet,
1171 960 1251 1012 ita
1283 959 1558 1013 nobilitati
1592 960 1832 1014 fouenda

216 1032 391 1100 magis
422 1049 585 1102 quam
613 1030 920 1100 spernenda
944 1030 1124 1084 bonae
1150 1029 1348 1084 indolis
1374 1031 1590 1084 nouitas
1618 1038 1717 1084 est.
1763 1049 1833 1082 an

218 1102 366 1171 abigi
415 1102 576 1154 debet
625 1104 657 1168 †
702 1101 893 1153 Totius
941 1101 1010 1154 ab
1054 1100 1246 1153 horum
1289 1101 1664 1173 exemplorum
1708 1120 1831 1154 con-

217 1172 411 1224 textu?
452 1171 543 1242 qui
562 1190 661 1242 pro
684 1170 934 1223 Caesaris
955 1172 1204 1241 partibus
1232 1171 1531 1239 excubanS,
1561 1172 1830 1242 Scipionis

156 1263 197 1296 15
218 1241 494 1312 praesidio
521 1242 872 1312 interceptuS,
902 1260 1025 1294 cum
1051 1259 1158 1293 uno
1186 1241 1347 1295 modo
1375 1241 1521 1294 salus
1550 1242 1620 1295 ab
1648 1260 1708 1294 eo
1738 1242 1830 1294 da-

216 1320 390 1379 retur,
419 1313 466 1363 si
493 1330 551 1364 se
576 1311 822 1364 futurum
848 1313 945 1364 Cn.
974 1311 1222 1382 Pompei,
1251 1312 1438 1381 generi
1463 1312 1666 1382 ipsius,
1693 1311 1830 1364 mili-

216 1393 326 1436 tem
353 1382 725 1448 adfirmasset,
761 1381 838 1434 ita
862 1382 1193 1452 respondere
1219 1401 1327 1435 non
1354 1382 1654 1435 dubitauit:
1700 1382 1832 1436 ‘tibi

217 1452 458 1523 quidem,
487 1452 697 1522 Scipio,
734 1452 943 1521 gratias
972 1470 1101 1521 ag0,
1131 1452 1226 1504 sed
1251 1452 1384 1504 mihi
1408 1452 1489 1504 uti
1514 1453 1621 1505 ista
1649 1452 1832 1506 condi-

217 1523 373 1576 cione
407 1522 554 1574 uitae
579 1541 691 1575 non
717 1531 799 1575 est
826 1530 1009 1593 opus'.
1062 1523 1177 1576 sine
1211 1522 1336 1575 ullis
1370 1522 1702 1592 imaginibus
1738 1542 1830 1576 no-

153 1615 196 1648 20
215 1592 382 1648 bilem
407 1593 672 1645 animum!
1555 1609 1557 1612 ’

323 1664 373 1715 8.
412 1663 566 1715 Idem
593 1666 931 1716 constantiae
956 1665 1296 1734 propositum
1333 1671 1551 1716 secutus
1576 1663 1827 1716 Maeuius

218 1734 459 1787 centurio
501 1733 614 1784 diui
651 1734 915 1803 Augusti,
969 1751 1089 1786 cum
1127 1734 1442 1787 Antoniano
1480 1733 1623 1786 bello
1669 1751 1831 1803 saepe

216 1822 440 1856 numero
478 1803 804 1857 excellentes
840 1822 1052 1875 pugnas
1090 1804 1376 1872 edidisset,
1417 1804 1711 1874 inprouisis
1738 1803 1830 1856 ho-

219 1874 384 1927 stium
410 1874 627 1926 insidiis
656 1875 1057 1927 circumuentus
1086 1883 1139 1926 et
1166 1874 1237 1926 ad
1262 1875 1567 1929 Antonium
1591 1873 1830 1927 Alexan-

154 1967 196 1999 25
219 1945 395 1996 driam
420 1945 717 2014 perductus
753 1946 1229 2015 interrogatusque
1256 1945 1515 2015 quidnam
1542 1945 1608 1996 de
1636 1963 1697 1996 eo
1724 1952 1831 1996 sta-

218 2016 298 2067 tui
335 2014 585 2080 deberet,
641 2014 905 2083 ‘iugulari
941 2023 1055 2067 me'
1107 2015 1281 2084 inquit
1330 2015 1508 2077 ‘iube,
1588 2014 1681 2065 uia
1722 2031 1831 2065 non

219 2083 413 2136 salutis
449 2084 712 2137 beneficio
740 2103 914 2154 neque
940 2086 1129 2136 mortis
1170 2083 1436 2154 supplicio
1475 2083 1546 2135 ad
1587 2084 1675 2134 uci
1709 2101 1829 2154 pos-

220 2173 340 2206 sum
383 2163 445 2206 ut
490 2162 582 2205 aut
627 2155 879 2206 Caesaris
931 2154 1083 2206 miles
1128 2171 1232 2205 esse
1276 2153 1521 2206 desinam
1564 2162 1658 2205 aut
1702 2162 1827 2205 tuus

216 2225 323 2277 inci
365 2224 491 2277 iam.
531 2232 772 2276 ceterum
796 2243 901 2294 quo
924 2224 1258 2277 constantius
1285 2225 1458 2275 uitam
1485 2223 1829 2295 contempsit,

157 2317 198 2350 30
221 2313 283 2348 eo
327 2243 543 2347 facilius
590 2295 925 2365 impetrauit:
978 2295 1248 2347 Antonius
1298 2294 1440 2345 enim
1485 2294 1678 2346 uirtuti
1712 2294 1827 2347 eius

218 2364 644 2418 incolumitatem
668 2365 876 2418 tribuit.

326 2440 446 2488 Ext.
479 2436 526 2487 1.
579 2435 853 2505 Conplura
877 2435 1102 2487 huiusce
1128 2443 1288 2487 notae
1311 2435 1558 2488 Romana
1584 2433 1832 2504 exempla

220 2513 502 2576 superant,
532 2505 629 2558 sed
655 2507 882 2559 satietas
909 2507 1066 2559 modo
1094 2504 1322 2558 uitanda
1349 2512 1454 2557 est:
1494 2504 1678 2575 itaque
1705 2503 1828 2556 stilo

335 2665 355 2702 1
398 2664 693 2716 obstrepente
730 2665 909 2715 scripsi:
949 2664 1236 2715 obstreperet
1264 2662 1305 2701 B
1343 2660 1543 2713 (clamor
1572 2682 1623 2688 —
1655 2660 1830 2700 obstre-

220 2731 333 2771 pens
355 2718 396 2770 b)
465 2721 489 2758 2
521 2720 725 2770 aequitio
757 2719 798 2759 B
868 2722 916 2759 11
949 2719 1194 2759 nobilitate
1216 2718 1272 2765 B,
1306 2731 1332 2757 a
1354 2718 1458 2760 nob.
1482 2717 1526 2764 b,
1560 2729 1633 2757 em.
1655 2715 1830 2768 Piylzius

223 2777 275 2815 13
299 2774 424 2815 abici
446 2774 468 2813 b
498 2771 516 2828 ΙΙ
544 2776 690 2815 totius
711 2776 774 2821 B,
815 2775 866 2815 T.
892 2774 1061 2815 Occius
1083 2777 1191 2815 coni.
1215 2774 1396 2825 Kempf‘,
1436 2772 1487 2812 T.
1511 2771 1703 2812 Pontius
1731 2771 1828 2813 edd.

217 2833 389 2884 priores
455 2831 507 2870 21
539 2831 718 2871 meuius
747 2834 816 2871 uel
836 2832 1012 2872 menius
1035 2833 1162 2878 dett„
1195 2843 1271 2872 om.
1295 2829 1336 2868 B
1358 2831 1400 2869 in
1421 2830 1548 2868 litura
1613 2828 1668 2868 25
1698 2825 1752 2867 de
1775 2839 1827 2868 eo

220 2887 263 2926 B
285 2900 398 2930 corr.
422 2899 444 2927 e
467 2886 551 2927 deo
613 2888 666 2927 28
690 2899 790 2928 esse
813 2887 862 2928 b:
894 2902 970 2929 om.
992 2887 1048 2934 B,
1081 2888 1156 2927 alii
1168 2892 1271 2939 post
1290 2888 1411 2936 tuUS,
1445 2885 1521 2924 aliz·
1537 2890 1714 2938 utroque
1735 2885 1827 2926 loco

221 2943 376 2985 habent
434 2945 487 2984 33
503 2944 610 2994 fort.
633 2947 905 2998 supererant
925 2941 945 2998 Ι]
964 2944 1086 2985 omni
1105 2942 1235 2984 modo
1257 2940 1540 2982 Kellerbauer
