1936 3120
209 105 314 158 376
891 107 989 177 Lm.
1031 107 1134 153 vin.

323 216 404 267 10.
443 215 665 266 Marcus
694 231 905 283 quoque
933 213 1198 266 Aemilius
1227 213 1462 267 Scaurus
1495 217 1822 286 repetunda·

211 305 333 338 rum
360 303 484 336 reus
513 284 664 336 adeo·
677 283 950 353 perditam
975 292 1028 335 et
1054 283 1424 354 conploratam
1450 285 1824 340 defensionem

215 357 269 406 in
304 355 566 406 iudicium
603 352 809 419 attulit,
857 362 918 405 ut
931 393 945 419 7
983 373 1106 405 cum
1142 364 1426 407 accusator
1463 355 1665 408 diceret
1704 355 1823 424 lege

215 427 321 478 sibi
349 433 568 476 centum
595 432 757 493 atque
784 424 982 491 uiginti
1003 424 1310 477 hominibus
1335 425 1654 494 denuntiare
1675 427 1823 478 testi-

171 513 190 543 5
215 496 456 549 monium
495 493 659 545 licere
697 511 860 563 seque
897 512 1005 546 non
1043 512 1296 546 recusare
1332 496 1619 565 quominus
1648 494 1823 548 absol-

212 574 463 630 ueretur‚
503 565 549 615 si
574 563 804 615 totidem
830 563 1192 630 nominasset,
1235 565 1430 634 quibus
1459 566 1515 627 in
1542 566 1826 635 prouincia

216 634 353 687 nihil
381 633 725 699 abstulisset,
767 642 879 685 tam
914 634 1057 685 bona
1085 635 1404 687 condicione
1429 636 1511 686 uti
1536 655 1647 689 non
1673 644 1824 705 potu-

217 707 336 758 erit.
388 714 570 756 tamen
597 712 820 773 propter
847 703 1277 755 uetustissimam
1303 704 1647 759 nobilitatem
1675 715 1727 757 et
1744 723 1824 756 re-

218 784 431 828 centem
458 774 777 826 memoriam
803 773 982 842 patris'
1005 773 1287 826 absolutus
1317 784 1415 826 est.

158 865 196 894 10
333 847 412 896 11.
438 844 546 896 Sed
569 862 728 913 quem
751 843 821 894 ad
842 843 1062 895 modum
1086 842 1345 913 splendor
1365 844 1828 912 amplissimorum

215 917 458 968 uirorum
485 914 542 964 in
567 912 916 983 protegendis
955 914 1062 964 reis
1098 913 1390 982 plurimum
1423 913 1621 980 ualuit⁷
1669 915 1748 967 ita
1771 916 1828 966 in

219 984 591 1056 opprimendis
635 1002 743 1037 non
790 1002 919 1034 sane
964 982 1190 1035 multum
1236 985 1435 1055 potuit:
1496 985 1627 1054 quin
1662 986 1827 1036 etiam

219 1056 503 1109 euidenter
529 1054 737 1119 noxiis,
778 1053 908 1104 dum
945 1071 1033 1105 eos
1071 1055 1249 1105 acrius
1277 1054 1564 1123 inpugnat,
1603 1055 1827 1123 profuit.

217 1127 280 1179 P.
310 1125 492 1194 Scipio
515 1123 860 1191 ⁴Aemilianus
890 1122 1105 1176 Cottam
1145 1125 1288 1193 apud
1325 1122 1585 1193 populum
1611 1143 1828 1176 accusa—

155 1211 196 1243 15
218 1197 316 1248 uit.
369 1195 518 1247 cuius
548 1212 739 1259 causa,
778 1203 1106 1262 quamquam
1142 1193 1480 1261 grauissimis
1509 1194 1830 1246 criminibus

219 1275 337 1319 erat
363 1264 638 1329 confossa,
667 1265 866 1332 septies
896 1262 1158 1333 ampliata
1185 1272 1238 1314 et
1264 1262 1336 1314 ad
1360 1262 1612 1314 ultimum
1636 1273 1830 1316 octauo

219 1337 420 1388 iudicio
467 1333 720 1386 absoluta
763 1342 872 1399 est,
926 1335 1053 1402 quia
1097 1333 1341 1385 homines
1390 1333 1719 1386 uerebantur
1760 1353 1828 1385 ne
1848 1352 1855 1354 ·’

221 1405 549 1477 praecipuae
600 1405 934 1454 accusatoris
986 1402 1334 1472 amplitudini
1385 1403 1659 1456 damnatio
1712 1404 1827 1456 eius

223 1477 428 1528 donata
453 1472 876 1525 existimaretur.
948 1491 1080 1542 quos
1108 1472 1242 1525 haec
1270 1491 1454 1525 secum
1480 1472 1689 1526 locutos
1718 1492 1829 1525 cre-

157 1560 198 1592 20
223 1545 482 1597 diderim:
536 1542 808 1595 ‘nolumus
845 1551 1011 1610 caput
1046 1542 1270 1594 alterius
1306 1551 1577 1612 petentem
1603 1544 1658 1594 in
1692 1543 1830 1595 iudi-

223 1617 366 1667 cium
401 1612 703 1681 triumphos
742 1620 794 1663 et
830 1621 1055 1681 tropaea
1090 1612 1372 1682 spoliaque
1399 1631 1462 1664 ac
1489 1613 1831 1665 deuictarum

222 1685 446 1736 nauium
481 1691 660 1734 rostra
697 1681 933 1734 deferre:
987 1681 1245 1735 terribilis
1276 1683 1346 1734 sit
1371 1683 1416 1733 is
1446 1683 1711 1735 aduersus
1736 1684 1830 1736 ho-

225 1765 390 1819 stem,
429 1753 564 1804 ciuis
602 1771 732 1804 uero
773 1751 1002 1803 salutem
1038 1762 1188 1805 tanto
1225 1752 1444 1821 fragore
1471 1753 1678 1822 gloriae
1705 1754 1832 1806 sub-

225 1825 388 1876 nixus
416 1842 482 1874 ne
510 1824 867 1892 insequatur'.

161 1911 209 1943 2⁵1
338 1893 415 1944 12.
459 1894 596 1944 Tam
631 1892 977 1944 uehementes
1015 1891 1221 1943 iudices
1270 1894 1530 1944 aduersus
1569 1892 1831 1945 excellen-

223 1965 501 2017 tissimum
527 1971 901 2014 accusatorem
928 1981 1090 2032 quam
1115 1964 1273 2014 mites
1300 1962 1357 2013 in
1377 1962 1537 2031 longe
1559 1963 1833 2015 inferioris

91 2129 203 2167 'stan
230 2124 373 2168 fuisse
410 2122 702 2168 adfinitatem.
780 2124 844 2166 10.
894 2120 947 2164 M.
986 2121 1204 2165 Aemilius
1241 2121 1433 2166 Scaurus
1483 2121 1832 2180 repetundarum

227 2207 331 2238 reus
359 2198 548 2252 propter
574 2193 928 2236 uetustissimam
956 2190 1239 2235 nobilitatem
1260 2197 1304 2235 et
1323 2197 1548 2236 recentem
1569 2192 1831 2236 memoriam

227 2264 368 2323 patris
395 2262 630 2308 absolutus
659 2267 742 2306 est.
810 2263 875 2303 11.
906 2261 1049 2310 Cotta,
1079 2275 1101 2304 a
1127 2260 1174 2304 P.
1204 2260 1414 2320 Scipione
1440 2260 1688 2307 Aemiliano
1716 2261 1835 2320 apud

163 2346 204 2377 30
230 2333 399 2379 iudices
437 2332 490 2377 ad
528 2331 747 2391 populum
784 2338 1044 2381 accusatus,
1085 2332 1252 2390 septies
1290 2331 1428 2376 dilato
1463 2331 1630 2376 iudicio
1671 2337 1833 2376 octauo

229 2403 466 2449 absolutus
495 2409 587 2452 est,
624 2415 679 2446 ne
716 2401 947 2446 uideretur
974 2401 1171 2461 populus
1199 2401 1408 2446 damnato
1436 2395 1564 2446 Cotta
1593 2415 1682 2446 non
1719 2401 1833 2446 iudi-

344 2555 369 2594 5
389 2553 552 2592 liceret
573 2552 613 2591 B
638 2550 694 2603 (si
714 2552 818 2605 lege
842 2574 889 2579 —
916 2551 1081 2591 liceret
1102 2565 1149 2591 se
1172 2565 1261 2591 non
1283 2551 1324 2602 b>
1406 2552 1454 2590 11
1479 2552 1526 2591 in
1548 2551 1662 2603 (post
1682 2550 1768 2599 ita)
1794 2549 1837 2589 B

231 2622 263 2649 s.
290 2612 316 2650 l.
378 2610 430 2648 13
452 2609 658 2661 inpugna
680 2609 734 2655 B,
762 2609 1039 2663 inpugnauit
1060 2608 1082 2647 b
1164 2609 1216 2646 14
1238 2621 1280 2659 p.
1304 2613 1344 2646 et
1366 2610 1533 2646 cottam
1556 2606 1596 2646 B
1617 2609 1659 2646 in
1680 2618 1767 2646 ras.
1814 2603 1835 2656 Η

231 2665 448 2716 populum
472 2665 578 2703 BP:
603 2670 857 2716 praetorem
882 2665 1076 2715 Pitqlzz'uae
1097 2670 1141 2702 at
1161 2678 1201 2704 u.
1225 2677 1330 2716 quae
1352 2665 1575 2703 monuimus
1594 2665 1636 2702 in
1657 2674 1835 2701 censura

232 2723 300 2760 ed.
327 2721 497 2772 Kempf'.
523 2719 782 2770 (Munelmer
800 2723 881 2770 φεῖ.
910 2723 1016 2759 Anz.
1043 2722 1166 2763 1854,
1195 2720 1233 2764 I,
1258 2734 1296 2761 n.
1320 2720 1393 2770 29)
1414 2733 1458 2770 p.
1482 2721 1570 2758 238
1650 2720 1700 2757 16
1742 2729 1834 2755 am-

233 2776 383 2828 pliata
413 2778 536 2816 codd.
567 2778 784 2828 plerique:
817 2775 964 2815 dilata
995 2777 1094 2815 Pet
1122 2778 1163 2814 in
1186 2788 1273 2816 ras.
1297 2775 1340 2814 B
1395 2777 1469 2820 ‚19
1514 2772 1758 2812 crediderit
1780 2766 1835 2811 B'

233 2834 284 2871 21
310 2835 494 2883 tropeas
517 2832 708 2882 spoliaq.
735 2831 1075 2871 aedeuictarum
1100 2827 1155 2870 B'
1221 2833 1275 2871 25
1297 2831 1592 2870 uehementer
1612 2822 1666 2867 B'

345 2889 399 2927 29
423 2887 541 2938 apud
564 2888 739 2927 iudices
762 2889 979 2927 delendum
1001 2889 1169 2927 uidetur·
