1872 3132
221 109 291 171 26
908 109 910 111 ’
937 112 1034 157 Lm.
1074 112 1105 157 ι.

223 223 437 275 derent:
478 221 556 271 sic
583 219 726 269 enim
752 217 918 270 Veios
946 217 1004 267 in
1029 224 1356 287 potestatem
1381 216 1571 299 populi
1594 218 1827 273 Romani

221 300 470 344 uenturos.
535 287 682 358 quod
717 287 1034 357 priusquam
1059 288 1226 356 legati
1258 295 1661 355 renuntlarent,
1705 307 1826 341 aru-

222 380 359 432 spex
374 358 686 410 Veientium
713 376 744 409 a
769 356 941 409 milite
967 366 1173 424 nostre,
1202 358 1330 428 quia
1357 357 1642 416 domestici
1658 357 1825 412 tinter-

221 438 400 501 pretes
430 429 680 495 deerant,
718 434 907 496 raptus
936 435 990 479 et
1025 427 1083 478 in
1109 436 1289 479 castra
1314 427 1555 498 perlatus
1581 429 1827 481 futurum

181 521 200 552 5
225 501 453 552 dixerat.
521 516 648 566 ergo
685 507 905 550 senatus
948 496 1151 567 duplici
1187 495 1554 567 praedictione
1587 499 1826 552 monitus

221 569 411 624 eodem
443 587 617 639 paene
654 575 897 636 tempore
933 575 986 619 et
1011 567 1264 635 religioni
1289 569 1476 638 paruit
1510 577 1564 622 et
1587 568 1826 622 hostium

220 640 355 693 urbe
381 639 586 708 potitus
616 645 716 689 est.
1408 682 1412 686 ,

325 710 376 760 4.
423 709 538 761 Nec
563 726 756 777 parum
790 708 1037 777 prosperi
1072 725 1352 760 successus
1381 708 1527 779 quod
1561 726 1619 760 se
1658 709 1823 760 uitur.

223 781 286 832 L.
316 778 468 832 Sulla
511 779 700 831 consul
746 776 943 830 sociali
969 776 1141 844 bello,
1187 796 1310 829 cum
1353 778 1409 829 in
1452 797 1584 847 agro
1667 778 1823 830 olano

162 870 199 900 10
223 857 349 902 ante
375 849 708 919 praetorium
734 847 1056 914 immolaret,
1085 847 1262 900 subito
1290 849 1360 901 ab
1385 848 1496 900 ima
1520 855 1674 918 parte
1700 866 1825 900 arae

220 919 534 990 prolapsam
559 937 791 987 anguem
817 917 1111 987 prospexit.
1152 936 1259 987 qua
1283 918 1405 970 uisa
1430 917 1681 972 Postumi
1705 936 1826 970 aru-

222 990 385 1060 spicis
429 989 649 1041 hortatu
693 988 946 1040 continuo
985 987 1281 1039 exercitum
1323 988 1380 1039 in
1425 987 1828 1058 expeditionem

222 1059 412 1112 eduxit
447 1078 508 1111 ac
544 1058 843 1110 fortissima
879 1058 1204 1110 Samnitium
1240 1066 1423 1109 castr-a
1458 1059 1618 1128 cepit.
1689 1076 1827 1128 quae

220 1130 453 1182 uictoria
487 1129 706 1180 futurae
750 1130 861 1179 eius
907 1127 1271 1197 amplissimae
1306 1127 1583 1198 potentiae
1622 1127 1825 1196 gradus

158 1217 197 1249 15
222 1208 273 1251 et
297 1199 710 1251 fundamentum
736 1197 934 1249 extitit.

325 1269 375 1322 5.
424 1268 756 1337 Praecipuae
801 1266 1173 1318 admirationis
1211 1266 1376 1319 etiam
1417 1266 1513 1318 illa
1549 1266 1825 1337 prodigia,

221 1357 359 1409 quae
393 1338 456 1391 C.
481 1337 772 1389 Volumnio
820 1337 934 1389 Ser.
973 1335 1211 1406 Sulpicio
1251 1336 1562 1390 consulibus
1598 1337 1655 1388 in
1690 1337 1826 1389 urbe

219 1417 408 1460 nostra
456 1408 596 1459 inter
640 1407 796 1458 initia
846 1414 1133 1476 motusque
1176 1406 1444 1459 bellorum
1493 1407 1826 1459 acciderunt.

219 1479 318 1530 bos
345 1496 576 1547 namque
603 1477 816 1545 mugitu
844 1495 938 1527 suo
975 1477 1032 1527 in
1058 1495 1359 1529 sermonem
1384 1475 1679 1534 humanum
1706 1495 1826 1529 eon—

143 1566 197 1596 ·20
220 1566 378 1600 uerso
404 1547 649 1600 nouitate
675 1546 902 1599 monstri
939 1547 1275 1598 audientium
1308 1547 1514 1599 animos
1543 1547 1826 1599 exterruit.

221 1618 399 1670 carnis
429 1635 639 1687 quoque
674 1617 731 1667 in
755 1616 977 1668 modum
1003 1616 1175 1669 nimbi
1202 1615 1500 1686 dissipatae
1525 1625 1708 1686 partes
1745 1635 1826 1668 ce-

221 1687 470 1740 ciderunt
480 1727 493 1753 ,
531 1705 760 1756 quarum
786 1687 1047 1738 maiorem
1071 1691 1355 1738 numerum
1379 1706 1510 1756 prae
1552 1696 1663 1739 etes
1700 1686 1826 1739 diri-

220 1765 455 1827 puerunt
491 1775 646 1822 aues,
686 1755 951 1826 reliquum
976 1755 1124 1807 humi
1150 1775 1246 1825 per
1272 1755 1479 1827 aliquot
1544 1757 1618 1809 'es
1653 1774 1828 1827 neque

223 1827 387 1880 odore
414 1834 589 1880 taetro
627 1845 801 1896 neque
829 1825 1059 1878 deformi
1087 1835 1312 1895 aspectu
1337 1835 1605 1879 mutatum
1639 1827 1825 1879 iacuit.

158 1913 198 1945 25
326 1896 591 1948 Eiusdem
632 1896 849 1965 'generis
896 1904 1140 1947 monstra
1188 1896 1295 1949 alio
1344 1896 1577 1948 tumultu
1620 1895 1828 1948 credita

223 1975 372 2019 sunt:
427 1985 656 2036 puerum
691 1966 956 2018 infantem
1003 1974 1354 2018 semenstrem
1391 1966 1449 2017 in
1484 1966 1603 2019 foro
1637 1966 1827 2019 boario

106 2092 197 2127 Par.
224 2098 304 2143 per
341 2098 475 2143 agros
513 2084 780 2129 diffudisset.
845 2084 965 2144 quod
994 2085 1098 2143 quia
1134 2083 1249 2128 idem
1275 2084 1524 2128 Veientium
1552 2083 1778 2143 haruspex
1803 2098 1826 2129 a

223 2153 364 2198 milite
390 2154 589 2199 Romano
618 2161 776 2214 captus
803 2154 1108 2213 praedixerat,
1137 2159 1415 2214 congruente
1444 2160 1568 2198 sorte
1594 2155 1824 2202 uaticinio,

224 2225 414 2268 emissus
461 2239 483 2268 a
522 2225 732 2269 Romanis
769 2223 894 2270 lacus
932 2238 1066 2270 causa
1104 2224 1372 2269 Veientanae
1409 2224 1687 2284 captiuitatis
1724 2223 1824 2268 suit.

158 2303 199 2335 30
224 2297 264 2338 4.
300 2293 347 2337 L.
377 2294 500 2338 Sulla
525 2296 644 2339 inter
670 2308 796 2339 saera
821 2296 918 2340 uisa
945 2300 1180 2354 serpente,
1205 2294 1426 2339 Postumii
1451 2294 1705 2353 haruspicis
1732 2306 1828 2338 mo-

222 2365 320 2408 nitu
347 2363 546 2409 exercitu
573 2365 734 2410 educto
754 2364 976 2410 Samnites
994 2364 1108 2415 fudit
1128 2363 1409 2424 fugauitque.
1445 2367 1487 2408 5.
1515 2363 1721 2409 Secundo
1741 2363 1830 2408 Pu-

222 2433 323 2478 nico
349 2432 467 2478 bello
490 2433 567 2478 Cn.
588 2434 766 2479 Domitii
793 2434 875 2479 bos
903 2435 1084 2480 locutus
1111 2435 1282 2479 fertur:
1311 2434 1442 2480 ‘caue
1471 2433 1564 2497 tibi2
1592 2430 1828 2478 Romane'.

337 2557 358 2594 1
382 2556 541 2609 populi
564 2569 596 2595 r.
620 2556 676 2606 B,
710 2558 810 2596 add.
832 2570 867 2598 s.
891 2559 916 2595 l.
939 2571 989 2596 m.
1013 2559 1038 2595 2
1060 2557 1173 2607 fore,
1207 2557 1386 2597 futuros
1408 2555 1450 2596 B
1471 2569 1575 2609 my„
1607 2557 1827 2596 uenturos

173 2611 175 2613 ’
222 2611 264 2649 in
295 2612 391 2651 edd.
422 2618 522 2654 uetl.
552 2617 668 2652 reete
697 2615 931 2664 suppletum
961 2615 1131 2652 uidetur
1189 2614 1216 2652 4
1246 2616 1408 2665 captus
1431 2613 1472 2652 P
1527 2613 1552 2652 9
1581 2610 1826 2664 proconsul

222 2666 395 2718 Pighius
457 2669 507 2707 13
537 2668 792 2707 firmissima
822 2667 1008 2721 Stanyer
1067 2670 1119 2709 17
1151 2667 1201 2711 C.
1233 2668 1299 2708 B:
1339 2668 1392 2707 L.
1422 2668 1603 2719 Nepoc.‚
1645 2665 1694 2707 P.
1721 2666 1829 2717 fasti

222 2733 263 2759 a.
285 2722 373 2760 293
436 2724 485 2761 19
517 2735 597 2763 suo
621 2730 661 2763 et
683 2726 737 2763 24
758 2728 908 2778 taetro
931 2724 973 2764 B
994 2726 1035 2764 in
1057 2738 1146 2765 ras.
1207 2726 1260 2764 25
1288 2724 1472 2776 prebita
1493 2723 1558 2772 B,
1588 2722 1668 2762 sed
1687 2734 1715 2773 p
1737 2727 1779 2761 et
1798 2722 1824 2761 b

223 2789 244 2815 e
266 2788 380 2815 corr.
440 2779 493 2816 26
528 2782 821 2819 semenstrem
850 2780 892 2818 B
926 2794 1039 2821 corr.
1073 2794 1095 2821 e
1125 2782 1425 2821 semenstrum
1460 2777 1617 2832 (puero
1646 2777 1827 2817 infante

223 2833 466 2872 semenstri
484 2832 507 2871 b
529 2847 578 2871 m.
604 2832 649 2883 3)

336 2889 390 2927 29
413 2900 553 2927 eausa
576 2889 691 2928 Mai:
724 2902 857 2930 casus
887 2893 932 2930 V
