1924 3152
707 120 828 168 CAP.
855 122 914 172 Π,
955 120 984 179 S
1014 123 1208 167 10—15.
1668 115 1770 166 119

88 222 89 225 ¹
139 233 337 291 denter
362 232 568 302 pariter
604 248 668 283 ac
691 229 911 284 fortiter
935 248 1000 282 ru
1042 229 1114 295 it,
1157 228 1528 300 donatumque
1565 215 1623 281 se
1659 228 1769 280 iam

140 303 460 359 Aristonico
489 301 749 372 dignitati
777 320 909 354 suae
935 320 992 353 re
1037 300 1199 355 didit.

254 375 338 427 13.
377 372 590 428 Eodem
625 373 823 424 mentis
850 371 1134 443 proposito
1172 389 1304 423 usus
1333 377 1416 424 est
1443 369 1626 441 Scipio
1654 370 1767 423 Me-

142 445 324 500 tellus.
374 463 500 499 nam
540 462 608 496 ue
633 442 930 496 infeliciter
956 442 1055 495 Cn.
1084 442 1312 511 Pompei
1347 442 1536 511 generi
1563 441 1649 494 sui
1677 441 1768 494 de-

142 516 312 570 fensis
361 516 420 566 in
454 463 650 567 Affrica
683 514 932 582 partibus
967 512 1143 566 classe
1178 513 1510 583 Hispaniam
1555 520 1767 584 petens,
1792 526 1812 557 5

138 605 267 640 cum
292 584 777 638 animaduertisset
800 603 1027 651 nauem,
1067 603 1176 655 qua
1200 583 1507 637 uehebatur
1523 624 1536 649 ,
1579 583 1650 637 ab
1676 584 1768 636 ho-

138 658 319 713 stibus
341 664 575 727 captam,
602 655 788 726 gladio
811 656 1135 728 praecordia
1155 674 1256 707 sua
1276 655 1768 722 transuerberauit,

136 748 206 782 ac
243 727 441 781 deinde
476 734 783 799 prostratus
820 728 877 778 in
911 727 1111 798 puppi,
1153 726 1542 797 quaerentibus
1570 725 1768 780 Caesa-

141 800 311 853 rianis
350 797 618 852 militibus
656 799 885 851 ubinam
923 806 1069 850 esset
1104 798 1431 868 imperator,
1483 796 1769 878 respondit

140 868 1339 992 ‘QQQfflssv-ssantumque
1376 867 1558 939 eloqin
1592 867 1768 921 ualuit
1795 882 1834 912 10

144 950 408 1013 quantum
447 959 479 992 a
543 938 857 994 testandam
893 939 1059 992 animi
1093 939 1476 993 fortitudinem
1512 947 1768 992 aeternae

141 1011 293 1065 laudi
320 1012 455 1064 satis
482 1018 617 1063 erat.

254 1082 336 1134 14.
378 1082 487 1134 Tui
512 1100 730 1153 quoque
758 1081 1053 1134 clarissimi
1081 1100 1340 1135 excessus
1355 1122 1369 1148 ,
1399 1082 1563 1149 Cato,
1604 1082 1769 1134 Vtica

142 1160 555 1207 monumentum
592 1161 702 1219 est,
751 1154 809 1204 in
847 1171 955 1223 qua
991 1172 1060 1205 ex
1096 1152 1411 1206 fortissimis
1446 1151 1767 1206 uulneribus

138 1224 249 1278 tuis
277 1222 398 1295 plus
426 1222 633 1293 gloriae
661 1242 824 1294 quam
852 1224 1136 1293 sanguinis
1163 1224 1434 1292 manauit:
1475 1223 1522 1275 si
1549 1222 1770 1294 quidem
1793 1236 1834 1268 15

141 1294 586 1362 constantissime
621 1294 678 1345 in
706 1293 953 1364 gladium
988 1294 1358 1348 incumbendo
1387 1312 1650 1363 magnum
1675 1293 1767 1348 ho-

141 1366 383 1420 minibus
413 1365 800 1418 documentum
828 1364 1057 1432 dedisti,
1087 1373 1292 1436 quanto
1320 1365 1503 1436 potior
1530 1384 1651 1418 esse
1679 1366 1767 1419 de—

137 1438 272 1491 beat
304 1436 494 1508 probis
523 1436 762 1506 dignitas
802 1437 920 1488 sine
956 1436 1074 1489 uita
1102 1456 1266 1508 quam
1302 1437 1421 1489 uita
1448 1440 1562 1489 sine
1591 1436 1767 1506 digni-

140 1516 270 1561 tate.
638 1538 647 1545 -

250 1577 332 1632 15.
363 1578 533 1631 Cuius
554 1576 667 1630 filia
692 1579 916 1630 minime
935 1578 1217 1632 muliebris
1247 1578 1432 1631 animi.
1477 1597 1618 1649 quae
1644 1597 1768 1631 cum
1793 1594 1834 1626 20

140 1649 301 1701 Bruti
327 1650 433 1701 uiri
460 1648 542 1701 sui
570 1648 883 1717 consilium,
922 1648 1070 1720 quod
1096 1649 1163 1701 de
1200 1648 1582 1703 interficiendo
1613 1669 1767 1721 cepe-

140 1727 228 1772 rat
262 1718 526 1786 Caesare,
579 1738 644 1772 ea
686 1727 873 1787 nocte,
926 1739 1091 1790 quam
1136 1721 1252 1773 dies
1297 1720 1599 1773 taeterrimi
1634 1720 1769 1774 facti

142 1797 362 1843 secutus
390 1797 492 1856 est,
522 1799 830 1858 cognosset,
859 1809 1080 1860 egresso
1110 1789 1426 1844 cubiculum
1453 1791 1628 1843 Bruto
1657 1790 1768 1843 cul-

138 1859 332 1914 tellum
354 1860 655 1913 tonsorium
714 1861 836 1913 uasi
859 1862 1128 1930 unguium
1147 1861 1574 1914 resecandorum
1601 1880 1767 1914 causa

55 1980 69 1990 ,
139 1931 409 2003 poposcit,
439 1949 609 2002 eoque
635 1950 702 1983 ue
728 1931 957 1984 utforte
984 1930 1169 2002 elapso
1198 1950 1255 1984 se
1282 1930 1615 1985 uulnerauit.
1661 1931 1767 1984 cla·
1793 1942 1835 1976 25

138 2021 290 2055 more
318 2001 517 2054 deinde
544 2000 867 2054 ancillarum
892 2002 948 2054 in
975 2003 1289 2056 cubiculum
1314 2009 1602 2056 reuocatus
1629 2004 1767 2056 Bru-

136 2080 228 2126 tus
256 2072 550 2142 obiurgare
577 2091 697 2125 eam
716 2074 913 2144 coepit,
944 2074 1091 2144 quod
1112 2075 1350 2127 tonsoris
1371 2074 1768 2146 praeripuisset

136 2191 314 2239 doloris
348 2205 567 2238 accensus
594 2192 688 2238 sica
714 2192 834 2238 latus
862 2193 1013 2239 Crassi
1039 2193 1262 2240 confodit.
1326 2196 1393 2239 13.
1431 2193 1584 2255 Scipio
1610 2193 1767 2240 Metel·
1791 2204 1885 2238 Par.

141 2262 238 2314 lus,
274 2262 518 2309 infeliciter
542 2263 622 2309 Cn.
648 2263 837 2325 Pompei
864 2266 1021 2325 generi
1053 2265 1124 2310 sui
1150 2265 1351 2312 defensis
1378 2265 1611 2326 partibus,
1652 2280 1768 2312 naue

138 2347 230 2393 qua
267 2333 517 2380 uehebatur
543 2348 568 2379 a
595 2334 875 2380 Caesarianis
903 2342 1056 2396 capta,
1094 2334 1244 2396 gladio
1274 2352 1323 2383 se
1353 2337 1543 2382 traiecit.
1596 2333 1768 2397 ‘inipe-
1792 2347 1834 2380 30

142 2409 272 2450 rator
316 2417 364 2449 se
418 2403 532 2449 hene
576 2404 740 2451 habet'
804 2406 1132 2467 quaerentibus
1178 2407 1455 2453 Caesarianis
1511 2407 1766 2468 respondit.

143 2474 210 2516 14.
261 2473 371 2518 Cato
410 2474 545 2520 uictis
582 2489 607 2520 a
633 2476 825 2523 Caesare
859 2477 1067 2536 partibus
1103 2479 1199 2523 suis
1235 2477 1386 2537 gladio
1416 2491 1464 2523 se
1504 2477 1766 2524 transfodit.

79 2552 83 2561 ¹
143 2545 214 2595 15.
239 2543 414 2594 Porcia,
441 2543 534 2590 filia
559 2544 758 2596 Catonis,
785 2561 900 2592 uxor
924 2547 1066 2599 Bruti,
1096 2562 1196 2594 cum
1226 2548 1315 2594 uiri
1343 2549 1414 2593 sui
1441 2548 1684 2594 consilium
1712 2548 1767 2594 de

141 2613 453 2660 interficiendo
481 2614 670 2661 Caesare
705 2619 1025 2675 cognouisset,
1064 2617 1301 2664 cultellum
1340 2617 1598 2663 tonsorium
1635 2618 1766 2679 quasi

139 2686 365 2744 unguium
390 2685 741 2732 resecandorum
761 2700 896 2733 causa
920 2689 1145 2748 poposcit,
1174 2701 1321 2747 eoque
1347 2688 1476 2734 uelut
1491 2687 1614 2735 forte
1636 2688 1763 2750 lapso
1789 2701 1833 2733 35

138 2768 192 2800 se
220 2755 496 2801 uulnerauit.
559 2756 758 2803 clamore
785 2757 945 2802 deinde
971 2758 1240 2804 ancillarum
1266 2760 1312 2804 in
1340 2758 1603 2806 cubiculum
1630 2774 1765 2806 reuo-

255 2881 280 2920 3
301 2878 521 2920 Metellus
543 2880 633 2921 Pb.-
664 2894 742 2922 om.
764 2881 810 2921 B
866 2881 892 2921 5
917 2880 1104 2924 clausae
1127 2875 1182 2923 B'
1242 2884 1297 2925 26
1321 2883 1535 2925 cubiculo
1557 2877 1616 2924 B'

254 2936 308 2976 29
330 2936 442 2976 naui
471 2936 514 2975 V
530 2950 645 2979 corr.
707 2938 761 2979 35
782 2940 900 2980 immo
923 2937 1081 2992 elapso
