1924 3152
239 132 340 184 146
934 135 1033 181 LIB.
1073 135 1142 183 111.

234 245 377 297 hunc
412 242 633 295 modum
671 241 806 312 egit:
875 249 1012 296 ‘non
1059 241 1230 295 reddo
1240 283 1254 310 ,
1306 250 1490 314 patres
1531 247 1847 328 conscripti,

237 315 445 366 aerario
488 320 673 366 uestro
713 314 951 366 sestertii
990 313 1316 383 quadragies
1351 315 1640 382 ratione-m,
1685 315 1848 370 aheni

234 384 449 454 imperii
483 383 754 449 minister,
791 384 936 454 quod
962 402 1080 437 meo
1118 384 1287 437 ductu
1312 386 1560 458 meisque
1592 387 1847 458 auspiciis

233 455 318 507 bis
347 453 520 506 milies
542 455 790 507 sestertio
819 455 1039 513 uberius
1064 454 1190 507 feci.
1227 473 1402 526 neque
1428 457 1572 509 enim
1589 455 1694 510 huc
1714 465 1846 529 puto

191 545 212 577 5
239 526 349 593 [eo]
378 523 738 594 malignitatis
764 533 989 577 uentum
1014 533 1075 577 ut
1101 525 1169 577 de
1194 544 1316 578 mea
1351 527 1662 580 innocentia
1687 547 1847 598 quae-

233 595 463 648 rendum
499 597 586 648 sit.
647 614 776 647 nam
811 614 935 648 cum
975 595 1225 649 Africam
1260 603 1429 650 totam
1465 601 1723 668 potestati
1757 618 1847 651 ue-

233 675 378 719 strae
414 666 762 731 subiecerim,
797 666 933 718 nihil
960 685 1030 719 ex
1056 685 1144 732 ea,
1181 667 1326 738 quod
1351 686 1533 720 meum
1559 668 1845 735 diceretur,

231 745 450 807 praeter
494 754 794 806 cognomen
829 737 1031 789 rettuli.
1105 756 1214 790 non
1250 756 1336 790 me
1381 739 1552 808 igitur
1586 739 1845 806 Punicae,

230 827 341 861 non
366 807 593 860 fratrem
619 826 800 859 meum
827 807 1107 860 Asiaticae
1133 826 1303 876 gazae
1341 826 1570 861 auarum
1593 808 1845 862 reddide-

165 898 207 929 ιο
230 886 380 944 runt,
417 877 515 930 sed
538 886 766 948 uterque
792 886 1036 930 nostrum
1063 878 1273 930 inuidia
1298 880 1474 948 magis
1497 897 1662 950 quam
1686 897 1845 950 pecu-

229 950 320 1002 nia
363 947 684 1019 locupletior
731 954 858 1000 est'.
930 955 1043 999 tam
1089 955 1430 1002 constantem
1475 949 1846 1003 defensionem

229 1019 499 1090 Scipionis
533 1020 819 1071 uniuersus
846 1028 1069 1072 senatus
1096 1019 1482 1090 conprobauit,
1535 1021 1677 1074 sicut
1708 1020 1844 1073 illud

227 1090 454 1156 factum,
484 1089 647 1159 quod,
675 1108 799 1142 cum
825 1090 896 1142 ad
921 1090 1291 1143 necessarium
1311 1091 1389 1142 rei
1408 1090 1660 1172 publicae
1684 1110 1844 1144 usum

226 1161 515 1230 pecuniam
542 1178 612 1211 ex
637 1160 847 1213 aerario
869 1161 1047 1231 promi
1075 1179 1210 1230 opus
1238 1170 1381 1214 esset
1406 1161 1572 1232 1dque
1591 1170 1841 1232 quaesto-

112 1239 122 1241 *
163 1249 205 1281 15
228 1249 331 1294 reS,
363 1232 491 1300 quia
509 1229 600 1282 lex
626 1230 845 1283 obstare
864 1230 1162 1297 uideretur,
1191 1232 1403 1301 aperire
1422 1251 1533 1285 non
1557 1232 1840 1299 auderent,

225 1302 474 1371 priuatus
512 1302 692 1353 claues
719 1301 972 1371 poposcit
1007 1300 1390 1372 patefactoque
1426 1303 1636 1355 aerario
1665 1301 1841 1373 legem

225 1371 453 1424 utilitati
502 1370 695 1423 cedere
746 1373 941 1440 coegit.
1015 1390 1178 1442 quam
1228 1372 1448 1443 quidem
1499 1374 1548 1425 ei
1581 1373 1840 1426 fiduciam

226 1442 560 1494 conscientia
595 1440 690 1492 illa
716 1441 892 1509 dedit,
931 1460 1036 1513 qua
1062 1443 1384 1496 meminerat
1419 1461 1603 1496 omnes
1630 1442 1779 1514 leges
1806 1463 1839 1498 a

226 1530 283 1563 se
310 1531 428 1564 esse
457 1520 720 1564 seruatas.

157 1601 201 1633 20
328 1580 456 1635 Non
475 1582 754 1651 fatigabor
777 1582 1022 1635 eiusdem
1042 1584 1189 1636 facta
1215 1583 1514 1636 identidem
1530 1583 1836 1652 referendo,

224 1652 481 1722 quoniam
506 1671 573 1705 ne
607 1651 699 1705 ille
727 1654 946 1724 quidem
982 1655 1039 1705 in
1074 1652 1345 1707 consimili
1370 1673 1570 1724 genere
1602 1655 1836 1708 uirtutes

222 1722 433 1776 edendo
470 1722 735 1793 fatigatus
764 1733 864 1777 est.
918 1723 1062 1776 diem
1096 1723 1177 1775 illi
1212 1724 1280 1777 ad
1307 1723 1567 1795 populum
1591 1725 1666 1778 M.
1695 1725 1835 1778 Nae-

219 1794 342 1844 uius
370 1801 436 1845 tr.
464 1794 537 1864 pl.
566 1802 685 1859 aut,
721 1802 783 1846 ut
809 1794 1031 1865 quidam
1057 1803 1388 1862 memorant,
1418 1795 1523 1849 duo
1549 1795 1734 1849 Petilli
1760 1797 1835 1848 di-

219 1872 433 1916 xerant.
508 1883 612 1935 quo
658 1865 870 1934 ingenti
905 1864 1212 1936 frequentia
1258 1867 1314 1917 in
1349 1865 1531 1920 forum
1568 1865 1833 1919 deductus

155 1953 198 1985 25
219 1942 399 1994 rostra
444 1936 761 1988 conscendit
802 1935 1076 2006 capitique
1127 1955 1224 1989 suo
1269 1954 1470 1990 corona
1518 1935 1836 2007 triumphali

219 2004 460 2074 inposita
486 2005 607 2057 thoc
634 2011 777 2073 ego',
805 2005 981 2076 inquit
1006 2006 1287 2071 ‘Qui1·iteS,
1318 2006 1407 2058 die
1432 2005 1833 2075 Karthaginem

218 2092 418 2142 magna
456 2077 753 2145 spirantem
786 2076 933 2144 leges
969 2084 1184 2128 nostras
1224 2076 1472 2146 accipere
1506 2076 1670 2129 iussi:
1711 2095 1831 2147 pro-

217 2143 343 2196 inde
372 2163 562 2197 aecum
589 2153 672 2197 est
706 2164 804 2198 uos
831 2163 1046 2198 mecum
1070 2147 1150 2197 ire
1184 2147 1242 2196 in
1269 2145 1830 2218 Capitoliumfsuppli-

218 2222 450 2267 catum'.
526 2215 990 2285 speciosissimam
1036 2215 1234 2268 deinde
1271 2217 1385 2267 eius
1426 2235 1617 2269 uocem
1661 2235 1831 2287 aeque

152 2304 195 2337 30
219 2286 396 2336 clarus
425 2294 648 2337 euentus
677 2293 894 2338 secutus
923 2294 1028 2351 est,
1068 2287 1114 2337 si
1140 2286 1362 2357 quidem
1388 2295 1441 2339 et
1467 2296 1717 2339 senatum
1751 2297 1830 2341 to-

216 2362 333 2407 tum
379 2365 434 2409 et
477 2357 795 2408 uniuersum
838 2366 1146 2426 equestrem
1194 2357 1436 2409 ordinem
1485 2365 1539 2410 et
1581 2366 1831 2410 cunctam

329 2488 355 2525 3
386 2497 485 2525 meo
516 2485 697 2526 doctum
726 2486 885 2538 eisque
914 2479 970 2524 B'
1029 2488 1055 2526 4
1082 2486 1253 2527 milites
1282 2480 1339 2526 B'
1366 2483 1383 2540 Η
1412 2486 1501 2526 huc
1521 2486 1587 2526 B:
1619 2486 1769 2527 adhuc
1791 2487 1828 2534 b,

215 2541 292 2581 hic
323 2538 402 2593 (sc.
425 2543 467 2582 in
487 2540 655 2594 senatu)
687 2545 794 2584 coni.
825 2543 1033 2583 Foertsclz
1056 2542 1124 2587 II.
1150 2545 1202 2582 19
1262 2544 1287 2583 5
1319 2556 1372 2584 eo
1403 2543 1457 2590 B,
1490 2556 1568 2584 om.
1598 2544 1692 2591 alii,
1720 2543 1826 2593 fort.

215 2611 274 2638 ex
307 2601 356 2640 ee
429 2600 454 2639 9
492 2611 683 2639 auarum
712 2598 754 2638 B
792 2612 905 2639 corr.
936 2612 995 2639 ex
1026 2611 1182 2639 aurum
1258 2600 1310 2639 18
1350 2599 1458 2651 quia
1485 2600 1540 2646 B,
1580 2612 1655 2641 em.
1686 2599 1828 2640 Periz.

215 2657 265 2694 21
294 2655 508 2707 quoniam
530 2678 581 2683 —
606 2654 778 2695 edendo
799 2658 842 2695 in
862 2669 941 2706 my.
963 2656 1005 2695 B
1034 2662 1179 2696 uetere
1198 2669 1319 2696 manu
1338 2657 1574 2708 suppletum
1595 2660 1659 2695 est
1685 2651 1704 2708 Η
1733 2655 1827 2694 uir-

214 2714 338 2750 tutes
368 2711 434 2750 B:
473 2712 660 2751 uirtutis
690 2722 740 2757 ς,·
778 2715 839 2751 ait
875 2712 1098 2752 Valerius:
1139 2725 1230 2753 non
1258 2711 1484 2764 fatigatus
1522 2714 1592 2751 est
1626 2710 1826 2750 uirtutes

215 2765 389 2807 edendo
410 2767 457 2805 in
481 2768 710 2808 consimili
729 2781 921 2820 genere,
944 2770 972 2810 i.
995 2782 1030 2809 e.
1057 2767 1260 2808 eiusdem
1282 2767 1465 2820 generis
1524 2768 1577 2806 22
1599 2766 1762 2806 neuius
1783 2765 1826 2805 B

213 2823 268 2863 23
289 2826 342 2863 ut
362 2835 439 2864 om.
461 2823 503 2862 B
531 2820 551 2877 [Ι
578 2824 740 2865 Petilli
760 2837 860 2866 nos:
890 2825 1043 2877 petilii
1062 2825 1104 2864 B
1172 2825 1227 2864 24
1255 2823 1478 2863 deductus
1499 2835 1576 2861 rus
1598 2825 1747 2862 rostra
1769 2822 1822 2870 B,

212 2880 292 2920 sed
329 2892 405 2919 rus
442 2886 586 2932 punct.
666 2882 719 2920 27
759 2879 929 2934 magna
963 2874 1019 2920 B'
1059 2877 1080 2934 ss
1117 2882 1380 2934 sperantem
1421 2878 1484 2926 B,
1536 2891 1610 2919 em.
1654 2878 1825 2919 Modius

213 2937 268 2978 28
289 2948 483 2989 aequum
505 2935 527 2976 b
586 2939 640 2978 30
661 2937 845 2978 secutus
866 2951 942 2980 om.
965 2937 1009 2977 B
