1936 3120
407 149 1518 219 mantuanam-3.vm‚s1-3.·
1661 150 1768 206 459

551 366 715 421 VIII.
753 371 853 420 DE
889 369 1366 420 TEMERITATE.

262 467 615 521 Temeritatis
643 466 811 519 etiam
830 474 885 519 et
906 465 1076 518 subiti
1092 474 1141 518 et
1158 465 1506 518 uehementes
1530 472 1658 517 sunt
1671 465 1769 516 im-

158 537 348 611 pulsus
362 579 377 606 ,
413 555 646 609 quorum
678 536 880 590 ictibus
916 536 1199 590 hominum
1234 544 1445 589 mentes
1472 553 1771 590 concussae

154 627 254 663 nec
289 627 389 661 sua
423 607 669 680 pericula
706 607 973 678 dispicere
1008 625 1110 660 nec
1134 606 1313 660 aliena
1338 607 1487 660 facta
1511 608 1658 660 iusta
1683 624 1769 660 ae·
1815 613 1818 615 ’

154 680 466 734 stimatione
491 679 751 751 prosequi
774 677 978 731 ualent.
1790 690 1813 724 5

265 753 312 803 1.
353 750 534 816 Quam
567 750 713 802 enim
746 756 951 802 temere
987 767 1045 802 se
1081 749 1378 802 Africanus
1417 749 1665 820 superior
1701 766 1773 801 ex

158 821 436 892 Hispania
472 821 685 874 duabus
722 820 1202 892 quinqueremibus
1229 819 1301 872 ad
1327 819 1638 901 Syphacem
1663 827 1770 872 tra-

158 893 289 946 iecit
305 932 320 959 ,
357 892 414 945 in
437 892 601 944 unius
628 891 900 944 Numidae
925 890 1110 943 infidis
1135 890 1470 962 praecordiis
1497 909 1652 943 suam
1676 908 1770 961 pa-

158 963 290 1016 riter
315 971 370 1016 et
394 963 608 1034 patriae
636 961 870 1014 salutem
907 962 1272 1032 depositurus,
1350 962 1534 1032 itaque
1568 962 1769 1031 exiguo

156 1042 430 1087 momento
456 1034 732 1086 maximae
758 1032 838 1085 rei
861 1051 1018 1085 casus
1039 1032 1335 1086 fluctuatus
1357 1041 1459 1099 est,
1486 1042 1672 1086 utrum
1692 1033 1770 1084 in—
1794 1047 1837 1080 10

155 1105 416 1158 terfector
441 1123 511 1157 an
536 1104 788 1175 captiuus
816 1103 1088 1174 Scipionis
1115 1103 1345 1175 Syphax
1367 1103 1540 1156 fieret.

262 1175 315 1228 2.
354 1174 498 1228 Nam
533 1175 592 1228 C.
631 1173 884 1227 Caesaris
924 1193 1123 1245 anceps
1162 1182 1388 1227 conatus
1401 1215 1415 1241 ,
1463 1175 1567 1227 etsi
1601 1173 1772 1228 caele·

159 1246 323 1300 stium
367 1264 499 1298 cura
537 1253 814 1316 protectus
858 1253 967 1312 est,
1020 1253 1204 1298 tamen
1246 1247 1344 1298 uix
1388 1245 1503 1298 sine
1546 1244 1773 1299 horrore

78 1348 85 1350 ff
159 1317 327 1370 animi
361 1315 557 1370 referri
592 1324 800 1387 potest:
852 1317 898 1368 si
935 1316 1153 1387 quidem
1189 1317 1461 1387 inpatiens
1499 1316 1775 1386 legionum

157 1387 433 1442 tardioris»
457 1406 491 1440 a
525 1386 824 1440 Brundisio
851 1386 1206 1457 Apolloniam
1241 1388 1530 1454 traiectuS,
1567 1405 1666 1458 per
1701 1388 1771 1439 si·
1795 1400 1838 1434 15

157 1457 511 1512 mulationem
547 1457 813 1510 aduersae
846 1457 1177 1511 ualetudinis
1222 1458 1475 1512 conuiuio
1520 1476 1773 1528 egressus

156 1529 442 1582 maiestate
478 1547 578 1581 sua
613 1528 799 1581 seruili
835 1536 991 1581 ueste
1018 1529 1290 1583 occultata
1316 1527 1626 1581 nauiculam
1652 1546 1774 1581 con-

162 1600 375 1653 scendit
411 1607 466 1652 et
504 1618 532 1651 e
563 1598 786 1651 flumine
819 1600 987 1652 maris
1014 1599 1331 1653 Hadriatici
1366 1619 1536 1652 saeua
1571 1607 1774 1670 tempe-

161 1677 306 1723 state
339 1669 527 1722 fauces
566 1669 726 1740 petiit
761 1670 1120 1741 protinusque
1155 1672 1213 1723 in
1239 1670 1409 1723 altum
1436 1670 1599 1740 dirigi
1625 1672 1776 1722 iusso

159 1741 383 1810 nauigio
419 1739 652 1793 multum
686 1758 751 1793 ac
788 1740 882 1792 diu
919 1742 1205 1794 contrariis
1242 1743 1476 1795 iactatus
1515 1740 1773 1794 fluctibus
1797 1756 1840 1789 20
1888 1787 1891 1793 ,

99 1817 102 1820 ’
165 1811 385 1865 tandem
410 1812 725 1864 necessitati
750 1811 933 1863 cessit.

266 1883 317 1936 3.
358 1883 505 1951 Age,
541 1880 636 1933 illa
662 1899 825 1952 quam
851 1882 1175 1935 execrabilis
1210 1881 1446 1935 militum
1472 1882 1774 1935 temeritas!

161 1953 295 2006 fecit
321 1954 466 2006 enim
490 1960 551 2004 ut
577 1953 647 2005 A.
673 1951 934 2019 Albinus,
961 1952 1276 2020 nobilitate,
1303 1953 1546 2007 moribus
1559 1994 1574 2021 ‚
1610 1953 1776 2006 hono-

162 2043 285 2076 rum
320 2024 562 2078 omnium
596 2024 1064 2077 consummatione
1090 2024 1223 2077 ciuis
1253 2024 1512 2091 eximiuS‚
1552 2032 1777 2095 propter
1852 2075 1856 2079 .

162 2095 333 2149 falsas
361 2102 416 2148 et
438 2095 630 2147 inanes
659 2094 997 2165 suspiciones
1023 2096 1081 2147 in
1106 2095 1302 2149 castris
1331 2095 1401 2148 ab
1429 2096 1676 2148 exercitu
1701 2093 1776 2146 la·
1799 2109 1842 2143 25

267 2256 362 2302 DE
388 2256 837 2302 TEMERITATE.
904 2259 940 2302 l.
982 2257 1220 2303 Africanus
1247 2259 1458 2318 superior
1484 2271 1534 2302 ex
1562 2256 1773 2317 Hispania
1796 2273 1894 2307 Par.

165 2326 341 2373 duabus
377 2327 782 2387 quinqueremibus
819 2327 872 2372 ad
899 2327 1148 2388 Syphacem
1177 2329 1365 2374 traiecit.
1442 2331 1483 2372 2.
1523 2327 1568 2373 C.
1597 2327 1775 2376 Caesar,

167 2397 393 2458 inpatiens
430 2396 625 2456 legionis
663 2397 874 2443 tardioris
912 2414 936 2444 a
961 2398 1200 2444 Brundisio
1228 2398 1515 2459 Apolloniam
1544 2399 1776 2448 traiectus,

167 2467 326 2514 seruili
350 2473 480 2512 ueste
507 2481 555 2512 se
581 2467 808 2513 occultato
837 2468 1092 2514 nauiculam
1119 2469 1407 2519 conscendit,
1435 2475 1482 2514 et
1509 2474 1778 2528 tempestate

166 2544 358 2585 uexatus
385 2537 565 2584 tandem
591 2539 852 2584 necessitati
881 2540 1034 2585 cessit.
1109 2541 1151 2584 3.
1189 2540 1239 2583 A.
1267 2539 1477 2584 Albinum
1515 2539 1662 2584 ciuem
1689 2537 1779 2584 exi·
1801 2551 1848 2583 so

281 2692 308 2731 2
331 2690 571 2731 temeritas
591 2682 646 2729 B'
667 2686 687 2744 Η
716 2693 761 2730 et
783 2690 925 2730 subiti
946 2690 1011 2729 B.-
1044 2693 1094 2730 ut
1115 2702 1150 2733 s,
1173 2690 1196 2730 b
1225 2687 1244 2744 ΙΙ
1277 2693 1323 2730 et
1342 2690 1385 2730 B
1406 2703 1509 2742 m9.:
1539 2703 1618 2730 om.
1640 2682 1694 2730 B'
1755 2691 1780 2730 7

166 2759 386 2802 sypacem
407 2746 450 2787 B
512 2748 559 2786 ll
584 2746 729 2799 scipio
752 2746 971 2799 syphacis
993 2745 1048 2793 B,
1071 2760 1146 2787 em.
1166 2747 1208 2787 J.
1231 2747 1307 2789 Fr.
1332 2747 1568 2788 Gronouius
1596 2763 1601 2770 ·
1628 2749 1680 2788 13
1700 2747 1781 2786 uix

166 2808 326 2846 tamen
345 2803 388 2843 B
409 2805 451 2843 in
471 2816 559 2844 ras.
584 2809 626 2843 et
645 2817 695 2850 m,
718 2815 808 2843 non
830 2807 984 2843 tamen
1005 2804 1085 2843 uix
1106 2804 1208 2844 dett.
1229 2805 1423 2857 plerique
1485 2805 1536 2844 17
1559 2804 1780 2844 maiesta-

169 2864 264 2901 tem
285 2858 371 2901 sua
389 2859 432 2900 B
467 2857 486 2914 ΙΙ
528 2859 801 2900 conscendit
822 2860 1048 2901 eflumine.
1073 2872 1128 2900 ac
1150 2860 1289 2900 maris
1312 2860 1368 2911 B,
1393 2873 1468 2901 em.
1490 2860 1666 2913 Piylzius
1727 2861 1779 2900 19

170 2917 290 2971 petit
308 2911 367 2958 B'
422 2919 478 2958 20
498 2915 642 2956 multo
665 2910 719 2955 B'

281 2974 337 3015 28
358 2975 475 3014 immo
497 2973 731 3026 legionum
