1924 3152
0 2964 15 3086 *L—ajffi-
0 2791 16 2959 ‚4244423411
0 2557 25 2782 Ᾰέᾷμ-,ἣζἺ-ζῖἶξῐαῆῗ
0 2519 5 2522 “
0 2477 26 2490 ι’,
0 2454 22 2470 ,ᾖ
0 2389 12 2399 «’
11 2352 15 2357 .
7 2341 18 2343 ;
4 2318 25 2331 ἰ
15 2306 19 2308 ,

26 2598 34 2609 a

263 0 291 11 s

267 128 376 181 220
940 83 945 87 ’
978 133 1078 178 Lm.
1118 133 1163 179 v.

268 242 443 312 patris
481 237 687 291 crudeli
714 257 912 308 genere
949 239 1138 292 mortis
1177 243 1658 308 consumerentur,
1695 257 1882 313 'quam-

271 329 433 381 quam
473 311 592 379 ipse
635 308 1028 379 Rhoetogenes
1060 310 1302 379 negabat
1353 329 1472 364 esse
1514 311 1885 382 inpedimento

271 380 559 451 quominus
599 380 765 432 etiam
789 398 887 450 per
913 379 1145 433 exitium
1171 381 1453 450 sanguinis
1493 382 1577 434 sui
1602 397 1881 453 expugna*

269 453 472 503 tionem
514 459 829 520 perageret,
872 451 942 504 ab
983 450 1269 504 obsidione
1296 452 1562 505 discessit.
1627 470 1731 523 quo
1768 454 1887 524 qui-

227 544 247 575 5
272 520 396 573 dem
420 529 534 573 tam
561 519 811 573 clementi
836 520 981 574 facto
1010 522 1113 573 etsi
1140 540 1249 574 non
1273 523 1434 574 unius
1471 523 1712 575 ciuitatis
1738 541 1887 577 moe-v

269 592 388 657 nia,
442 591 684 644 omnium
737 600 922 644 tamen
967 590 1365 645 Celtiberarum
1408 594 1648 646 urbium·
1672 593 1879 647 animos

270 662 440 731 cepit,
493 662 780 732 effecitque
823 669 886 714 ut
920 661 991 713 ad
1030 662 1356 731 redigendas
1394 682 1485 715 eas
1521 664 1578 714 in
1613 662 1883 716 dicionem

268 731 459 802 populi
502 732 735 785 Romani
786 750 894 785 non
938 733 1123 784 multis
1171 733 1277 785 sibi
1322 733 1702 786 obsidionibus
1746 740 1881 804 opu's

270 811 432 855 esset.
1672 843 1675 845 μ

166 888 174 896 ”
206 896 247 928 10
375 872 426 924 6.
464 872 716 925 Africani
736 891 951 943 quoque
969 872 1289 942 posterioris
1311 872 1622 926 humanitas
1643 872 1893 943 speciose

269 943 487 1013 lateque
553 944 710 995 atuit.
775 951 1091 1013 expugnata
1117 943 1260 994 enim
1284 942 1624 1013 Karthagine
1651 944 1796 995 circa
1813 945 1890 995 ci-

269 1015 471 1066 uitates
500 962 718 1066 §ioniae
752 1013 965 1065 litteras
993 1013 1170 1080 misit,
1215 1021 1279 1066 ut
1314 1022 1634 1067 ornamenta
1658 1013 1886 1084 templo-

270 1103 390 1136 rum
419 1103 638 1137 suorum
663 1102 696 1136 a
721 1083 921 1137 Poenis
945 1091 1119 1155 rapta
1154 1101 1253 1154 per
1277 1083 1488 1154 legatos
1514 1085 1886 1155 reciperarent

270 1155 435 1225 inque
470 1154 721 1224 pristinis
767 1154 990 1207 sedibus
1034 1154 1349 1224 reponenda
1391 1163 1662 1208 curarent.
1723 1155 1886 1208 bene*-

209 1247 250 1279 15
273 1225 459 1278 ficium
486 1224 569 1276 dis
595 1227 801 1295 pariter
826 1232 991 1296 atque
1015 1224 1330 1278 hominibus
1356 1227 1663 1295 acceptum!

377 1296 425 1348 7.
465 1295 614 1347 Huic
656 1296 805 1347 facto
858 1313 960 1365 par
1016 1295 1263 1347 eiusdem
1313 1295 1421 1346 uiri
1462 1294 1790 1347 humanitas
1853 1312 1891 1345 a.

271 1373 560 1435 quaestore
606 1384 703 1418 suo
747 1365 940 1417 hastae
987 1365 1262 1418 subiectos
1315 1383 1379 1417 ca
1420 1366 1562 1418 tiuos
1611 1364 1888 1418 uendente

270 1454 407 1505 puer
433 1435 666 1487 eximiae
702 1435 915 1488 formae
951 1443 1004 1488 et
1028 1434 1270 1488 liberalis
1307 1436 1378 1487 ha
1419 1435 1526 1488 itus
1554 1437 1754 1488 missus
1784 1443 1887 1488 est.

272 1507 338 1558 de
373 1523 477 1576 quo
518 1523 642 1557 cum
678 1505 1019 1575 explorasset
1052 1505 1346 1557 Numidam
1380 1524 1530 1572 esse,
1576 1507 1770 1559 orbum
1804 1524 1886 1557 re-

206 1597 248 1630 20
271 1575 464 1629 lictum
490 1593 523 1627 a
546 1583 729 1646 patre,
770 1575 1063 1628 educatum
1097 1575 1245 1646 apud
1281 1575 1609 1628 auunculum
1631 1576 1885 1628 Masinis-

273 1665 406 1713 sam,
445 1664 507 1699 eo
534 1646 821 1715 ignorante
847 1646 1178 1698 inmaturam
1214 1645 1480 1698 aduersus
1506 1646 1781 1699 Romanos
1807 1647 1887 1697 in·-

271 1735 523 1785 gressum
547 1715 828 1781 militiam,
867 1725 921 1769 et
948 1716 1118 1770 errori
1152 1715 1296 1768 illius
1322 1717 1540 1769 ueniam
1566 1715 1806 1770 dandam
1833 1724 1889 1769 et

272 1787 545 1839 amicitiae
570 1786 713 1855 regis
751 1786 1006 1839 fidissimi
1029 1786 1232 1857 populo
1259 1787 1505 1840 Romano
1533 1787 1774 1841 debitam
1797 1805 1890 1838 ue-

271 1857 611 1910 nerationem
636 1856 986 1910 tribuendam
1022 1858 1378 1911 existimauit.
1439 1859 1518 1910 ita
1556 1876 1623 1910 ue
1659 1875 1888 1928 puerum

207 1948 248 1980 25
272 1927 432 1981 6111110
455 1926 733 1998 fibulaque
759 1946 928 1980 aurea
953 1935 1007 1980 et
1030 1929 1216 1980 tunica
1234 1927 1514 1980 laticlauia
1589 1928 1890 1998 ispanoque

274 1997 468 2066 sagulo
506 2005 560 2050 et
599 2006 789 2050 ornato
828 2016 965 2068 equo
995 1999 1280 2065 donatum,
1319 1998 1462 2052 datis
1489 1998 1584 2069 qui
1618 2011 1741 2051 eum
1764 2015 1884 2067 pro-

273 2075 629 2137 sequerentur
656 2068 963 2138 equitibus,
993 2069 1064 2120 ad
1089 2068 1443 2120 Masinissam
1469 2068 1645 2134 misit,
1692 2085 1782 2119 eos
1808 2068 1885 2118 ui-

273 2137 476 2191 ctoriae
490 2138 756 2190 maximos
778 2137 988 2189 fructus
1007 2145 1177 2203 ratus,
1202 2137 1304 2189 diis
1325 2145 1644 2190 ornamenta
1659 2135 1888 2208 templo-

270 2225 410 2275 rum,
431 2206 741 2261 hominibus
768 2207 1032 2277 [regibus]
1055 2209 1375 2276 sanguinem
1404 2226 1559 2258 suum
1584 2207 1885 2259 restituere.

212 2339 255 2373 30
275 2340 378 2372 men
405 2324 681 2371 Celtiberum
708 2325 974 2371 subiectum.
1035 2328 1076 2371 6.
1106 2325 1264 2386 Scipio
1291 2326 1532 2371 Africanus
1558 2325 1789 2386 posterior
1814 2337 1874 2369 ex>

155 2380 249 2414 Par.
275 2403 479 2457 pugnata
515 2396 782 2455 Carthagine
818 2398 937 2442 circa
971 2396 1179 2442 ciuitates
1216 2395 1397 2442 Siciliae
1433 2396 1608 2442 litteras
1643 2397 1788 2446 misit,
1836 2401 1887 2439 ut

275 2473 539 2513 ornamenta
576 2467 851 2527 templorum
881 2481 1065 2513 suorum
1095 2482 1119 2512 a
1143 2467 1307 2513 Poenis
1334 2473 1464 2527 rapta
1498 2480 1581 2527 per
1604 2466 1780 2525 legatos
1816 2478 1887 2510 re-

388 2577 411 2615 1
443 2588 706 2629 quanquam
728 2576 765 2624 b,
798 2589 932 2628 quam
954 2576 996 2616 B
1064 2579 1089 2617 3
1121 2576 1313 2616 exitium
1343 2577 1447 2617 dett.
1467 2549 1619 2628 pauci}
1652 2573 1822 2615 exitum
1843 2572 1886 2612 B

270 2633 298 2671 4
329 2633 386 2672 ab
411 2632 507 2672 obs.
532 2633 578 2671 b:
609 2645 639 2683 p
671 2632 908 2673 obsidione
930 2632 971 2672 B
1040 2634 1093 2673 10
1122 2633 1332 2685 speciosa
1353 2633 1495 2673 Periz.
1567 2634 1618 2671 13
1639 2641 1885 2681 recupera-

269 2692 374 2728 rent
393 2688 436 2727 B
497 2690 549 2728 16
570 2690 661 2729 uiri
680 2689 748 2729 B:
778 2689 856 2729 aui
883 2689 1051 2741 Piylzz‘us
1071 2702 1093 2729 e
1115 2691 1207 2730 eod.
1235 2689 1458 2740 Campensz·
1513 2689 1566 2728 21
1586 2687 1822 2766 ingressvus
1843 2683 1885 2723 B

270 2778 326 2818 26
363 2776 586 2819 donatum
616 2780 658 2819 B
694 2781 737 2820 in
774 2793 863 2820 ras.
943 2780 997 2822 28
1033 2783 1163 2820 ratus
1190 2802 1248 2808 —
1276 2779 1463 2832 regibus
1501 2778 1631 2818 dett..·
1675 2779 1816 2816 ratos.
1839 2787 1885 2812 *ηε

295 2840 314 2860 0

269 2869 573 2911 siorna**tvm
591 2882 636 2909 *ηε
658 2870 860 2920 om*nib;
883 2870 1006 2922 regi*
1024 2866 1250 2923 sanguine
1272 2867 1461 2920 (litterae
1483 2870 1607 2908 atvm
1627 2867 1670 2906 in
1685 2866 1796 2918 ras.)
1819 2865 1861 2905 B
1868 2879 1884 2910 ‚⁸

268 2925 459 2978 regibus
484 2929 581 2967 incl.
604 2927 785 2980 Kempf,
819 2927 1012 2978 defendit
1031 2927 1238 2967 Foertselz
1259 2926 1297 2972 J,
1322 2927 1375 2964 18
