1878 3132
730 150 848 196 CAP.
877 151 935 203 lt,
976 151 1006 210 g
1033 154 1174 194 2—7.
1665 143 1767 196 115

239 262 292 315 5.
338 261 422 314 Ne
460 261 638 314 Marci
677 259 900 332 quidem
934 258 1184 311 Marcelli
1219 258 1539 311 memoriam
1574 257 1644 310 ab
1680 257 1766 309 his

133 331 403 403 exemplis
426 350 682 404 separare
705 331 990 397 debemus,
1011 331 1070 381 in
1086 349 1193 401 quo
1213 337 1400 382 tantus
1417 329 1579 399 uigor
1596 328 1767 381 animi

132 405 270 471 fuit,
315 413 390 457 ut
411 402 560 474 apud
586 403 802 455 Padum
830 400 1117 454 Gallorum
1152 418 1339 470 regem
1374 400 1584 470 ingenti
1612 419 1767 453 exer-

133 476 247 530 citu
272 475 536 546 stipatum
562 493 686 527 cum
711 473 904 544 paucis
942 472 1219 543 equitibus
1247 471 1565 538 inuaderet,
1604 490 1766 542 quem

131 547 380 618 protinus
420 545 802 599 obtruncatum
838 543 1005 596 armis
1047 543 1199 596 exuit
1238 562 1410 613 eaque
1445 543 1565 596 Ioui
1602 543 1763 595 Fere-
1787 564 1808 596 5

131 617 236 671 trio
265 616 491 669 dicauit.

238 688 298 740 6.Δ
330 688 546 741 Eodem
584 695 638 741 et
670 687 895 740 uirtutis
933 695 988 740 et
1023 703 1242 757 pugnae
1278 703 1479 754 genere
1514 686 1602 737 usi
1637 693 1767 752 sunt

132 759 199 812 T.
226 757 467 811 Manlius
491 759 806 830 Torquatus
836 766 890 811 et
916 757 1174 810 Valerius
1198 756 1471 810 Coruinus
1500 765 1553 809 et
1579 757 1764 810 Aemi·

131 829 308 882 lianus
348 830 550 901 Scipio.
614 830 671 882 hi
717 831 883 883 etiam
928 829 1073 882 ultro
1118 829 1475 900 prouocantis
1522 827 1765 882 hostium

132 901 299 955 (luces
336 901 747 954 interemerunt.
826 899 924 953 sed
959 901 1088 971 quia
1125 899 1228 953 sub
1266 898 1459 952 alienis
1499 899 1760 971 auspiciis
1786 921 1827 953 10

131 991 248 1024 rem
283 981 596 1042 gesserant,
655 971 831 1043 spolia
867 971 990 1025 Ioui
1026 971 1273 1024 Feretrio
1319 989 1426 1024 non
1464 978 1766 1042 posuerunt

131 1044 518 1097 consecranda.

215 1114 396 1170 .Idem
433 1114 619 1185 Scipio
658 1113 1033 1181 Aemilianus7
1090 1132 1214 1166 cum
1250 1114 1307 1164 in
1344 1113 1620 1184 Hispania
1660 1114 1762 1166 sub

128 1185 358 1240 Lucullo
386 1185 524 1238 duce
550 1185 816 1239 militaret
843 1193 1007 1257 atque
1034 1185 1353 1251 Intercatia,
1381 1183 1764 1255 praeualidum

130 1257 421 1329 oppidum,
450 1256 970 1325 circumsederetur,
1008 1257 1217 1327 primus
1246 1257 1466 1308 moenia
1492 1256 1608 1308 eius
1635 1273 1760 1309 con·
1786 1277 1827 1309 15

130 1327 358 1382 scendit.
407 1347 583 1400 neque
622 1338 741 1382 erat
767 1329 824 1380 in
851 1347 913 1382 eo
944 1328 1190 1381 exercitu
1217 1328 1509 1399 quisquam
1548 1335 1642 1380 aut
1667 1346 1762 1380 no·

127 1399 346 1454 bilitate
396 1408 494 1452 aut
543 1400 716 1452 animi
766 1399 950 1453 indole
996 1408 1091 1452 aut
1135 1399 1339 1452 futuris
1386 1400 1553 1463 actis,
1608 1398 1761 1450 cuius

129 1471 304 1542 magis
343 1470 510 1524 saluti
544 1471 699 1543 parci
736 1480 791 1524 et
827 1470 1039 1525 consuli
1068 1470 1312 1524 deberet.
1375 1470 1472 1522 sed
1500 1478 1629 1523 tunc
1657 1469 1762 1521 cla-

127 1543 379 1595 rissimus
407 1543 638 1614 quisque
663 1543 926 1596 iuuenum
944 1562 1044 1615 pro
1073 1540 1461 1613 amplificanda
1484 1550 1538 1594 et
1555 1539 1764 1594 tuenda

128 1614 309 1683 patria
342 1612 641 1684 plurimum
676 1613 887 1669 laboris
925 1633 990 1667 ac
1025 1612 1258 1684 periculi
1293 1613 1630 1679 sustinebat,
1670 1611 1759 1664 de·
1785 1633 1828 1664 20

129 1683 303 1740 forme
330 1685 440 1738 sibi
467 1686 793 1738 existimans
808 1727 822 1754 ,
853 1703 986 1757 quos
1017 1685 1287 1754 dignitate
1313 1692 1652 1755 praestaret,
1691 1683 1761 1736 ab

128 1754 215 1807 his
251 1755 454 1807 uirtute
490 1757 755 1827 superari.
807 1756 1042 1827 ideoque
1070 1755 1416 1809 Aemilianus
1453 1755 1596 1806 hanc
1620 1751 1761 1805 mili-

129 1826 267 1878 tiam
303 1824 425 1878 aliis
451 1834 674 1897 propter
703 1826 1092 1880 difficultatem
1127 1826 1430 1878 uitantibus
1461 1826 1568 1878 sibi
1597 1823 1761 1894 depo*

129 1898 322 1968 poscit.

183 2001 197 2009 x
238 1969 286 2021 7.
335 1967 600 2037 Magnum
626 1969 770 2022 inter
795 1968 931 2021 haec
955 1967 1297 2020 fortitudinis
1326 1966 1639 2037 exemplum
1666 1984 1758 2019 an·
1783 1987 1826 2019 25

126 2039 355 2109 tiquitas
383 2039 558 2092 offert,
597 2039 834 2091 Romani
855 2039 1145 2093 Gallorum
1173 2039 1419 2092 exercitu
1446 2036 1608 2109 pulsi,
1638 2055 1761 2089 cum

50 2123 53 2125 ·
128 2127 187 2163 se
222 2110 279 2167 in
306 2109 640 2181 Capitolium
677 2119 732 2164 et
767 2111 825 2163 in
861 2129 1046 2164 arcem
1082 2109 1422 2176 conferrent,
1476 2110 1638 2180 inque
1673 2108 1759 2161 his

127 2245 169 2287 5.
206 2243 262 2288 M.
290 2242 530 2291 Marcellus
557 2244 674 2305 apud
701 2245 871 2291 Padum
899 2244 1130 2291 Gallorum
1159 2258 1313 2306 regem
1343 2243 1517 2305 ingenti
1555 2242 1756 2289 exercitu
1782 2255 1873 2290 Par.

127 2314 346 2376 stipatum
373 2315 636 2376 adgressus,
665 2316 987 2363 obtruncatum
1013 2319 1151 2364 armis
1179 2316 1303 2362 exuit
1331 2315 1599 2376 eaqueffloui
1624 2314 1758 2360 Fere-

129 2386 217 2430 trio
241 2386 492 2437 dedicauit‚
522 2401 639 2447 quae
667 2387 815 2448 opima
846 2390 982 2434 tertia
1007 2387 1302 2435 haberentur.
1354 2390 1394 2431 6.
1424 2386 1577 2446 Scipio
1604 2386 1758 2431 Aemi·
1782 2396 1823 2428 30

126 2454 279 2501 lianus
325 2469 426 2502 cum
475 2459 521 2502 in
557 2457 775 2518 Hispania
821 2458 905 2504 sub
950 2458 1142 2505 Lucullo
1188 2458 1302 2504 duce
1350 2457 1568 2502 militaret
1620 2463 1756 2517 atque

125 2523 367 2573 Intercatia
386 2527 699 2587 praeualidum
728 2530 956 2592 oppidum·
973 2529 1400 2579 circumsederetur,
1429 2528 1606 2588 primus
1633 2540 1756 2571 moe-

24 2603 51 2647 ·“·,,
126 2597 198 2643 nia
238 2598 336 2643 eius
375 2598 654 2645 conscendit.
724 2603 764 2643 7.
809 2600 928 2645 Vrbe
964 2615 987 2645 a
1025 2600 1163 2646 Gallis
1200 2606 1355 2660 capta,
1402 2612 1503 2644 cum
1542 2611 1674 2643 senes
1711 2598 1757 2642 in

29 2707 56 2728 ξ
125 2667 260 2728 plana
297 2675 429 2729 parte
456 2668 584 2716 urbis
621 2669 768 2715 relicti
806 2677 982 2722 essent,
1019 2673 1121 2731 quia
1163 2671 1284 2716 omni
1323 2682 1513 2715 numero
1541 2682 1634 2714 non
1662 2667 1758 2714 suf-

238 2808 265 2848 8
286 2808 473 2849 mallius
493 2809 536 2849 B
596 2811 621 2849 9
645 2809 786 2849 etiam
804 2808 870 2848 B:
893 2809 1013 2848 enim
1034 2809 1131 2848 edd.
1154 2813 1254 2848 uett.
1270 2808 1553 2860 cf.Foertsch
1570 2808 1638 2857 II,
1653 2810 1709 2848 13
1731 2806 1750 2860 {l

29 2874 55 2927 ζ
124 2868 400 2917 prouocatos
421 2865 477 2911 B,
508 2870 820 2919 prouocantes
844 2866 1020 2919 Piylzz'us
1087 2863 1140 2907 13
1168 2866 1280 2906 item
1311 2858 1366 2905 B'
1437 2868 1488 2907 15
1520 2865 1754 2906 circumsi-

27 2929 49 2951 ε
130 2918 314 2963 deretur
335 2921 427 2962 P²b
490 2925 540 2963 17
564 2923 746 2963 actibus
771 2923 810 2962 D

36 2972 68 3007 e:
83 2980 91 2986 ,

19 3017 26 3031 e
43 3007 84 3039 ³3³⁴:

241 2979 294 3019 32
320 2979 725 3020 circumsideretur
753 2982 793 3021 V
814 2993 928 3023 corr.
990 2981 1044 3022 34
1067 2980 1267 3021 011111111111
1288 2980 1576 3021 Kellerbauer

1418 3050 1492 3102 8²2⁹<
