1924 3152
787 0 1052 27 ‘'awrr-sz-
1071 0 1264 25 fre-²³1⁷*
1397 0 1447 12 x
1523 0 1527 3 ⁷
1564 0 1565 3 ¹
1593 3 1601 7 ’
1745 0 1764 3 ·-
1779 6 1791 10 κ

731 123 848 200 CAP.
876 153 916 205 1,
940 152 1037 199 Exi.
1066 153 1096 212 g
1123 156 1264 198 2-7.
1715 148 1815 201 173

184 265 333 318 stian
356 270 576 329 uocant,
605 279 933 316 concussum
959 268 1012 313 et
1037 259 1313 314 labentem
1340 261 1584 314 ciuitatis
1611 268 1817 314 statum

185 335 244 387 in
269 333 567 406 pristinum
590 332 839 386 habitum
864 332 1164 385 reuocauit.

294 405 347 459 5.
384 404 510 457 Non
534 403 760 456 minoris
788 402 1169 469 admirationis
1195 401 1350 455 illud.
1403 402 1694 475 Stasippus
1715 403 1816 455 Te·

187 485 398 548 geates7
425 474 771 527 hortantibus
800 473 991 526 amicis
1018 481 1080 525 ut
1106 491 1333 543 grauem
1360 474 1467 527 sibi
1494 474 1552 526 in
1588 474 1818 526 admini-

189 547 454 601 stratione
478 544 559 598 rei
583 543 838 616 publicae
875 544 1178 611 aemulum,
1220 545 1319 597 sed
1357 545 1560 617 alioqui
1583 545 1819 616 probum
1842 560 1863 594 5

187 625 243 671 et
289 624 543 670 ornatum
586 616 768 668 uirum
805 614 1052 687 qualibet
1087 615 1300 669 ratione
1346 619 1436 669 uel
1472 615 1688 670 tolleret
1730 616 1819 669 uel

186 694 583 754 summoueret,
610 688 838 757 negauit
864 706 922 739 se
947 687 1251 754 facturum,
1280 705 1348 739 ne
1377 707 1537 759 quem
1562 688 1619 739 in
1646 687 1821 740 tutela

229 760 403 812 atriae
430 758 606 812 bon'us
634 759 769 811 ciuis
798 757 981 812 locum
1008 758 1308 825 obtineret,
1345 758 1519 811 malus
1557 768 1610 811 et
1636 760 1818 829 inpro-

224 849 289 883 us
338 838 657 900 occuparet,
712 847 876 900 seque
910 830 1093 899 potius
1138 829 1491 882 uehementer
1528 835 1590 882 ab
1627 830 1818 882 aduer-

188 901 336 955 sario
362 900 586 970 urgueri
622 918 786 970 quam
812 903 1048 971 patriam
1075 901 1295 970 egregio
1333 901 1606 954 aduocato
1635 919 1819 954 carere
1843 916 1884 949 10

186 972 567 1044 praeoptauit„

298 1043 348 1096 6.
388 1042 593 1095 Pittaci
613 1060 829 1112 quoque
855 1041 1234 1095 moderatione
1254 1051 1444 1113 pectus
1472 1044 1818 1095 instructum.

190 1115 285 1186 qui
311 1112 579 1166 Alcaeum
603 1121 852 1183 poetam,
894 1121 947 1165 et
974 1113 1338 1166 amaritudine
1375 1114 1490 1167 odii
1525 1123 1580 1167 et
1604 1113 1819 1168 uiribus

186 1185 395 1255 ingenii
421 1183 687 1236 aduersus
717 1202 775 1236 se
800 1185 1236 1254 pertinacissime
1262 1204 1440 1251 usum,
1468 1184 1821 1256 tyrannidem

189 1275 222 1309 a
257 1254 470 1309 ciuibus
500 1253 740 1308 delatam
778 1254 1037 1326 adethS‚
1075 1255 1454 1309 tantummodo
1492 1256 1625 1327 quid
1659 1257 1719 1308 in
1757 1274 1819 1309 eo
1845 1269 1886 1303 15

189 1324 549 1399 opprimendo
575 1334 766 1396 posset
792 1325 1094 1378 admonuit.

299 1398 349 1450 7.
388 1396 569 1450 Huius
595 1397 703 1449 uiri
730 1399 931 1450 mentio
959 1397 1162 1451 subicit
1185 1406 1247 1451 ut
1275 1397 1343 1450 de
1371 1405 1580 1468 septem
1607 1417 1669 1450 sa
1708 1397 1821 1450 ien-

188 1468 328 1522 tium
353 1468 729 1522 moderatione
755 1468 1012 1521 referam.
1066 1487 1098 1521 a
1125 1469 1492 1539 piscatoribus
1520 1470 1577 1520 in
1603 1416 1822 1522 Miliesia

189 1539 414 1609 regione
442 1538 809 1592 euerriculum
827 1539 1175 1594 trahentibus
1198 1540 1422 1611 quidam
1449 1540 1654 1593 iactum
1681 1558 1821 1592 eme-

189 1619 295 1663 rat.
347 1618 595 1663 extracta
622 1609 822 1663 deinde
849 1613 1038 1680 magni
1062 1611 1321 1682 ponderis
1358 1630 1525 1663 aurea
1551 1611 1823 1682 Delphica
1844 1626 1886 1658 20

190 1699 383 1733 mensa
418 1688 538 1733 orta
576 1683 954 1734 controuersia
981 1691 1090 1748 est,
1133 1681 1238 1735 illis
1267 1682 1502 1752 piscium
1540 1701 1597 1734 se
1634 1690 1821 1753 captu-

190 1770 311 1803 ram
343 1750 662 1803 uendidisse
698 1751 1148 1819 adfirmantibus,
1186 1752 1289 1804 hoc
1314 1753 1595 1804 fortunam
1623 1753 1820 1805 ductus

192 1823 391 1874 emisse
427 1820 660 1874 dicente.
737 1838 846 1892 qua
880 1825 1226 1876 contentione
1260 1831 1486 1893 propter
1518 1824 1822 1876 nouitatem

191 1893 272 1945 rei
298 1900 352 1946 et
376 1891 813 1962 magnitudinem
839 1894 1106 1963 pecuniae
1132 1893 1205 1945 ad
1228 1894 1551 1946 uniuersum
1576 1893 1821 1946 ciuitatis

194 1964 308 2016 eius
346 1962 613 2034 populum
648 1962 856 2029 delata,
901 1962 1110 2034 placuit
1146 1963 1458 2035 Apollinem
1492 1963 1823 2035 Delphicum
1845 1979 1887 2012 25

192 2084 454 2145 proposuit,
482 2095 540 2127 ne
567 2097 653 2142 qua
681 2084 1037 2143 praeteritarum
1063 2098 1219 2130 rerum
1246 2086 1417 2130 mentio
1446 2083 1589 2129 fieret.
1639 2087 1680 2130 5.
1718 2084 1818 2129 Sta·
1842 2090 1923 2125 Par

179 2156 352 2215 sippus
380 2155 602 2213 Tegeates
640 2153 934 2200 hortantibus
962 2156 1118 2201 amicis
1146 2162 1196 2200 ut
1223 2169 1411 2215 grauem
1439 2155 1523 2201 sibi
1559 2157 1604 2201 in
1633 2155 1822 2201 admini-

195 2225 418 2271 stratione
444 2226 509 2270 rei
534 2223 745 2284 publicae
771 2225 1000 2271 aemulum
1028 2226 1239 2278 tolleret,
1278 2228 1464 2286 negauit
1492 2241 1541 2272 se
1578 2227 1819 2277 facturum,

190 2310 263 2346 ne,
293 2310 426 2356 quem
454 2295 654 2356 optimus
681 2297 794 2342 ciuis
814 2295 965 2342 locum
994 2296 1238 2349 obtineret,
1264 2312 1366 2344 eum
1387 2297 1533 2343 malus
1561 2305 1820 2358 occuparet.

183 2369 235 2411 -6,
271 2366 475 2412 Pittacus
501 2365 878 2426 Mitylenaeorum
905 2374 1125 2428 tyrannus
1152 2369 1366 2415 Alcaeum
1394 2376 1590 2429 poetam,
1623 2382 1724 2415 cum
1753 2382 1822 2413 es·
1845 2376 1887 2408 30

195 2443 266 2481 set
302 2437 492 2496 adeptus
527 2437 837 2495 tyrannidem,
887 2438 996 2497 quid
1032 2440 1077 2483 in
1099 2446 1168 2484 'eo
1217 2440 1515 2499 opprimendo
1552 2445 1711 2500 posset
1748 2438 1822 2483 ad—

195 2508 387 2552 monuit.
439 2510 479 2550 7.
508 2506 762 2552 Piscatores
791 2507 1046 2568 Mitylenaei
1074 2511 1119 2554 in
1147 2510 1404 2555 euerriculo
1433 2510 1612 2555 ductam
1640 2523 1821 2555 auream

308 2631 336 2669 4
365 2629 456 2671 sibi
485 2629 637 2669 addidi
661 2642 720 2670 ex
749 2630 791 2669 P
857 2632 880 2671 7
906 2643 964 2671 ne
996 2644 1097 2672 eum
1128 2645 1260 2684 quem
1290 2633 1338 2672 in
1368 2632 1519 2673 tutela
1548 2632 1590 2671 B
1618 2633 1662 2672 in
1692 2633 1823 2672 litura

194 2685 413 2737 (tutelam
434 2684 555 2736 dett.)
626 2687 651 2725 9
681 2686 950 2726 uehementi
977 2688 1000 2728 b
1028 2685 1047 2742 ΙΙ
1078 2689 1134 2729 ab
1158 2690 1311 2730 addidi
1378 2690 1431 2730 15
1461 2688 1667 2729 delatam
1689 2690 1821 2731 dett..-

193 2743 449 2795 mytilenae
478 2742 521 2782 B
551 2743 593 2782 in
621 2755 711 2784 ras.
743 2755 801 2783 ex
831 2744 872 2783 P
898 2741 917 2798 ΙΙ
945 2747 1127 2784 tantum
1159 2744 1340 2786 modum
1369 2746 1411 2785 B
1440 2742 1459 2801 ΙΙ
1488 2757 1541 2787 eo
1570 2747 1675 2787 add.
1704 2758 1763 2786 eoe
1783 2746 1826 2785 P
1890 2779 1893 2785 .

198 2801 251 2841 18
271 2799 466 2840 melesia
488 2799 531 2839 B
562 2799 697 2851 (pise.
720 2800 995 2851 mitylenaei
1017 2801 1072 2852 P)
1140 2804 1195 2843 20
1215 2801 1382 2843 deinde
1403 2802 1459 2849 B,
1489 2804 1571 2844 sed
1588 2802 1644 2843 de
1666 2803 1710 2842 in
1730 2815 1820 2843 ras.

172 2879 175 2882 <
195 2858 250 2897 23
272 2868 321 2896 se
345 2858 509 2896 emisse
539 2855 663 2896 Torr.
687 2852 705 2910 ΙΙ
727 2856 936 2898 dicente*
957 2857 1000 2897 B
1019 2855 1039 2912 Η
1069 2859 1366 2900 contentione
1388 2861 1532 2900 Per-iz.
1556 2864 1598 2900 et
1619 2860 1682 2899 F:
1713 2871 1822 2900 con-

195 2910 376 2954 dicione
399 2913 454 2962 B,
488 2913 754 2966 cognitione
775 2914 900 2967 Lips.

312 2971 366 3010 30
388 2969 632 3010 alchaeum
660 2971 706 3010 V
718 2982 832 3011 corr.
857 2984 916 3012 ex
938 2971 1164 3013 achaeum
