1924 3152
219 105 323 158 194
913 112 1013 158 LIB.
1050 114 1137 159 llll,

215 219 405 272 tinuit:
449 219 583 271 adeo
620 219 1016 290 circumspecta
1048 220 1292 274 ciuitatis
1319 229 1539 275 nostrae
1571 241 1831 279 uerecun-

216 288 308 340 dia
343 289 466 340 fuit.
528 307 667 359 quae
693 289 913 359 quidem
939 291 1303 344 certissimum
1338 292 1423 345 sui
1448 293 1830 356 documentum

216 359 382 411 etiam
415 357 508 411 illo
546 359 634 411 die
672 359 946 427 exhibuit,
985 380 1091 431 quo
1116 361 1182 414 L.
1207 361 1550 416 Flamininus
1587 373 1831 420 extrema

214 430 273 479 in
313 436 472 499 parte
509 429 711 482 theatri
745 430 1017 498 constitit,
1070 432 1199 502 quia
1241 451 1274 485 a
1304 432 1380 485 M.
1420 429 1628 488 Catone
1674 444 1729 489 et
1762 437 1828 489 L.

172 515 192 549 5
214 498 410 552 Flacco
446 500 766 554 censoribus
805 508 997 554 senatu
1031 509 1212 556 motus
1250 503 1457 570 fuerat,
1514 505 1829 560 consulatus

212 570 323 622 iam
363 570 570 624 honore
618 569 935 639 defunctUS,
987 572 1161 627 frater
1205 573 1369 627 etiam
1414 573 1480 626 T.
1515 574 1827 643 Flaminini,

205 640 563 695 Macedoniae
589 640 939 713 Philippique
963 643 1211 697 uictoris.
1272 662 1457 697 omnes
1485 645 1628 698 enim
1653 654 1826 699 trans-

209 713 290 764 ire
318 730 443 765 eum
468 712 527 764 in
550 710 730 765 locum
755 713 1013 783 dignitati
1040 731 1170 765 suae
1198 714 1444 768 debitum
1470 725 1783 785 coegerunt.

311 782 363 837 2.
413 781 699 852 Confregit
732 802 849 836 rem
882 782 1163 853 publicam
1198 784 1486 837 Terentius
1523 784 1825 839 Cannensis

144 870 185 902 1ο
209 871 426 923 pugnae
468 854 758 907 temerario
804 854 862 905 in
903 872 1075 906 ressu.
1150 853 1298 907 idem
1333 853 1571 908 delatam
1605 856 1677 910 ab
1709 857 1827 909 uni-

205 942 366 977 uerso
407 932 601 976 senatu
639 931 692 976 et
718 942 863 995 popu
888 942 917 975 o
953 923 1284 977 dictaturam
1308 924 1549 996 recipere
1573 945 1684 980 non
1711 946 1824 979 sus-

203 995 428 1047 tinendo
479 994 687 1065 pudore
748 994 964 1064 culpam
1021 995 1292 1048 maximae
1343 994 1515 1049 cladis
1574 996 1823 1065 redemit,

205 1065 492 1135 effecitque
517 1074 577 1116 ut
603 1065 748 1117 acies
778 1065 1002 1118 deorum
1027 1066 1167 1132 irae,
1205 1066 1477 1119 modestia
1511 1067 1685 1138 ipsius
1713 1086 1823 1120 mo-

202 1134 356 1188 ribus
392 1135 774 1205 imputaretur.
844 1136 1030 1206 itaque
1067 1135 1227 1190 titulo
1261 1137 1516 1206 imaginis
1552 1138 1666 1190 eius
1701 1156 1824 1208 spe-

137 1220 179 1252 15
203 1205 404 1258 ciosius
448 1225 559 1259 non
601 1214 822 1276 recepta
866 1205 1140 1260 dictatura
1186 1225 1348 1277 quam
1393 1205 1626 1260 aliorum
1667 1216 1825 1277 gesta

202 1275 444 1329 adscribi
470 1284 671 1346 potest.

306 1346 355 1399 3.
405 1346 520 1398 Nos
565 1353 746 1398 autem
787 1346 859 1398 ad
894 1347 1235 1416 praeclarum
1278 1348 1640 1401 uerecundiae
1684 1367 1825 1419 opus

199 1416 686 1486 transgrediamur.
736 1416 944 1485 Magna
970 1435 1093 1468 cum
1119 1418 1329 1483 inuidia
1354 1419 1580 1471 fortuna
1604 1427 1822 1488 praeto-

197 1486 292 1538 riis
321 1487 554 1540 comitiis
582 1486 835 1539 Africani
863 1488 1157 1557 superioris
1184 1487 1356 1540 filium
1383 1487 1481 1540 Cn.
1509 1487 1819 1559 Scipionem

134 1573 176 1605 20
200 1564 254 1609 et
280 1557 516 1611 scribam
533 1556 594 1609 C.
614 1556 917 1610 Cicereium
943 1558 1001 1609 in
1021 1575 1272 1628 campum
1301 1556 1624 1624 deduxerat,
1650 1566 1817 1629 utque

196 1628 359 1681 nimis
386 1629 640 1699 inpotens
670 1646 920 1681 sermone
947 1627 1101 1696 uulgi
1128 1628 1474 1698 carpebatur,
1504 1627 1654 1698 quod
1677 1629 1817 1683 tanti

195 1697 304 1751 uiri
362 1699 685 1768 sanguinem
744 1697 1160 1768 clientelamque
1210 1697 1470 1752 comitiali
1521 1699 1817 1752 certamine

197 1769 538 1823 confuderat.
613 1776 851 1821 ceterum
898 1768 1104 1821 crimen
1150 1770 1268 1821 eius
1313 1768 1371 1819 in
1408 1786 1562 1821 suam
1595 1767 1817 1822 laudem

197 1839 472 1893 Cicereius
501 1840 786 1893 conuertit.
847 1857 974 1891 nam
999 1847 1060 1892 ut
1089 1838 1232 1892 uidit
1268 1839 1519 1892 omnibus
1548 1857 1606 1891 se
1633 1847 1816 1892 centu-

128 1926 171 1958 25
195 1911 292 1963 riis
320 1910 563 1981 Scipioni
600 1910 892 1975 anteferri,
932 1909 1135 1980 templo
1172 1909 1456 1963 descendit
1491 1910 1813 1980 abiectaque

195 1980 432 2034 candid-a
474 1989 605 2051 toga
653 1981 1006 2050 conpetitoris
1055 1982 1139 2032 sui
1191 1980 1608 2048 suffragatorem
1652 1998 1817 2050 agere

78 2134 171 2168 Par·
197 2127 397 2188 scriptos
436 2129 481 2172 in
520 2129 695 2173 theatro
735 2133 939 2186 spectare
975 2128 1205 2172 sustinuit.
1268 2125 1317 2170 L.
1343 2125 1621 2172 Flamininus
1657 2133 1812 2172 motus

195 2215 219 2244 a
245 2197 301 2242 M.
329 2198 498 2244 Catone
526 2205 570 2243 et
595 2197 642 2243 L.
671 2196 831 2242 Flacco
860 2203 1020 2241 senatu
1056 2196 1101 2241 in
1130 2202 1328 2242 extrema
1355 2202 1483 2256 parte
1510 2196 1677 2241 theatri
1703 2211 1809 2242 con-

196 2269 328 2319 stitit,
357 2275 635 2328 coactusque
662 2274 731 2313 est
758 2283 781 2313 a
804 2265 973 2327 populo
1005 2268 1194 2313 transire
1220 2266 1438 2313 inlocum
1465 2266 1674 2326 dignitati
1700 2281 1809 2314 suae

125 2347 169 2380 30
193 2338 409 2385 debitum.
460 2343 499 2383 2.
532 2339 770 2384 Terentius
788 2338 927 2383 Varro
957 2343 1063 2398 post
1083 2337 1359 2383 Cannensem
1381 2337 1548 2395 fugam,
1576 2336 1808 2383 deferente

195 2409 281 2455 sibi
308 2423 543 2455 censuram
571 2408 767 2469 populo,
810 2409 867 2454 oh
896 2408 1212 2454 uerecundiam
1239 2407 1354 2453 male
1381 2407 1716 2454 administratae
1742 2409 1807 2452 rei

194 2480 402 2540 publicae
431 2494 478 2526 se
506 2482 752 2526 excusauit.
805 2482 844 2524 3.
885 2478 927 2525 C.
958 2478 1197 2530 Cicereius,
1224 2485 1276 2525 ut
1302 2478 1418 2524 uidit
1445 2490 1493 2523 se
1518 2479 1806 2524 comitiorum

194 2550 412 2611 suffragio
441 2551 659 2612 praeferri
691 2549 918 2611 Scipioni,
958 2550 1127 2596 abiecta
1165 2549 1350 2595 candida
1387 2555 1494 2610 toga
1533 2547 1805 2608 suffragato·

305 2690 325 2726 1
360 2688 743 2741 circuminspecta
766 2680 819 2727 B'
879 2690 906 2728 4
936 2701 1024 2740 qua
1046 2686 1087 2728 B
1147 2689 1172 2728 5
1199 2690 1348 2728 motus
1378 2699 1453 2727 om.
1475 2684 1531 2732 B,
1562 2687 1712 2724 motus
1734 2696 1804 2723 se-

189 2746 302 2783 natu
332 2743 355 2783 b
425 2746 447 2783 7
477 2746 679 2786 uictores
709 2740 767 2784 B'
833 2745 857 2783 8
890 2744 1130 2796 dignitatis
1161 2744 1203 2783 B
1270 2745 1295 2784 9
1324 2740 1570 2782 Terentius
1589 2739 1734 2780 Varro
1766 2740 1808 2778 P

191 2800 242 2839 11
275 2812 516 2840 censuram
545 2803 587 2840 P
645 2803 697 2841 14
725 2801 1046 2853 impetraretur
1074 2800 1116 2839 B
1175 2802 1230 2841 ’20
1261 2797 1310 2842 C.
1341 2799 1440 2838 add.
1474 2810 1532 2836 ex
1552 2796 1593 2835 P
1648 2796 1702 2836 25
1725 2794 1802 2834 ad-

186 2858 359 2908 iectaq.
380 2850 436 2896 B'
495 2858 549 2896 26
571 2869 621 2897 se
644 2869 783 2909 agere
807 2857 830 2897 b
1477 2881 1479 2883 ·

302 2914 356 2954 27
376 2913 603 2953 flaminius
631 2913 677 2952 V
729 2915 782 2954 32
807 2911 1020 2954 Cicereus
1049 2913 1092 2952 V
