1924 3152
175 103 283 156 324
873 110 972 156 LIB.
1013 111 1098 157 vn.

177 214 458 268 Metellum
486 233 518 266 a
542 215 716 284 primo
744 216 970 285 originis
1000 216 1088 270 die
1114 219 1180 271 ad
1209 219 1460 274 ultimum
1483 241 1657 294 usque
1681 222 1786 278 fati

178 294 390 354 tempus
426 303 722 356 numquam
755 296 1003 340 cessante
1037 288 1383 359 indulgentia
1417 291 1489 344 ad
1514 311 1784 347 summum

176 357 371 408 beatae
396 355 545 407 uitae
571 355 846 408 cumulum
870 358 1207 428 perduxerit.
1258 363 1411 414 nasci
1431 381 1554 415 eum
1574 363 1630 416 in
1648 364 1784 418 urbe

177 434 443 478 terrarum
470 427 716 497 principe
740 427 928 493 uoluit,
958 438 1210 499 parentes
1233 431 1283 483 ei
1302 432 1672 488 nobilissimos
1695 435 1784 488 de-

135 513 157 545 5
182 495 286 562 dit,
330 496 529 549 adiecit
555 497 724 548 animi
750 499 1060 551 rarissimas
1090 500 1245 554 dotes
1274 509 1328 555 et
1353 504 1592 584 corporis
1618 505 1782 571 uireS,

177 575 237 619 ut
263 566 516 620 sufficere
541 566 823 621 laboribus
851 579 1051 639 posset,
1082 589 1309 624 uxorem
1334 573 1600 642 pudicitia
1625 582 1680 628 et
1705 576 1783 627 fe-

176 637 458 690 cunditate
483 639 831 708 conspicuam
868 639 1209 707 conciliauit,
1251 643 1562 696 consulatus
1597 644 1781 711 decuS,

174 708 582 778 imperatoriam
645 718 970 779 potestatem
990 750 1004 776 ‚
1079 711 1464 780 speciosissimi
1523 715 1784 785 triumphi

174 786 524 849 praetextum
549 777 748 848 largita
773 790 879 846 est,
919 779 1050 833 fecit
1085 791 1144 834 ut
1179 782 1370 835 eodem
1403 792 1647 854 tempore
1673 793 1782 838 tres

113 866 154 897 ιο
178 849 317 903 filios
345 849 674 916 consulares,
700 869 868 902 unum
894 851 1060 903 etiam
1083 853 1391 906 censorium
1412 863 1466 907 et
1487 854 1784 923 triumpha-

175 919 310 987 lem,
359 924 613 989 quartum
646 921 979 990 praetorium
1013 921 1251 986 uideret,
1293 932 1463 998 utque
1495 933 1605 977 tres
1641 924 1783 977 filias

176 998 406 1060 nuptum
434 991 589 1043 daret
617 1009 908 1061 earumque
943 992 1189 1045 subolem
1216 994 1336 1046 sinu
1363 998 1459 1046 Suo
1485 995 1782 1066 exciperet.

174 1069 257 1114 tot
282 1069 490 1130 partus,
518 1068 599 1114 tot
624 1062 971 1128 incunabula,
1002 1071 1082 1115 tot
1105 1062 1290 1116 uiriles
1312 1073 1491 1134 togae,
1518 1075 1630 1119 tam
1649 1065 1783 1118 mul-

177 1137 265 1183 tae
291 1131 560 1201 nuptiales
590 1131 755 1196 faceS‚
784 1133 1065 1199 honorum,
1092 1133 1168 1184 im
1211 1136 1464 1203 eriorum,
1494 1137 1666 1188 omnis
1694 1135 1783 1188 de-

111 1218 153 1249 15
175 1201 231 1252 ni
270 1220 337 1253 ue
363 1201 743 1270 gratulationis
772 1221 982 1254 summa
1018 1204 1164 1256 abun
1208 1206 1380 1270 antia,
1419 1225 1540 1258 cum
1566 1206 1783 1258 interim

175 1291 249 1323 nu
273 1271 384 1322 lum
422 1273 447 1323 f
449 1291 585 1324 unus
601 1313 615 1338 ,
656 1271 835 1324 nullus
862 1274 1114 1342 gemitum,
1142 1274 1292 1326 nulla
1316 1294 1482 1327 causa
1505 1276 1779 1328 tristitiae.

175 1341 387 1394 caelum
414 1341 803 1412 contemplare,
842 1344 939 1394 uix
968 1352 1147 1395 tamen
1174 1345 1251 1398 ibi
1279 1344 1444 1397 talem
1471 1355 1675 1399 statum
1700 1365 1781 1398 re-

174 1413 378 1482 perieS‚
423 1413 679 1482 quoniam
717 1413 938 1483 quidem
980 1413 1158 1466 luctus
1204 1424 1258 1467 et
1302 1415 1514 1468 dolores
1560 1417 1782 1469 deorum

176 1501 390 1552 quoque
415 1483 727 1552 pectoribus
755 1502 787 1534 a
811 1483 1063 1536 maximis
1083 1485 1304 1538 uatibus
1327 1485 1609 1555 adsignari
1633 1488 1780 1539 uide-

109 1569 152 1601 20
177 1570 316 1604 mus.
367 1552 510 1604 hunc
534 1553 679 1605 uitae
706 1562 884 1608 actum
913 1554 1026 1606 eius
1055 1564 1448 1608 consentaneus
1477 1557 1600 1608 finis
1629 1574 1780 1608 exce-

176 1622 273 1690 pit.
322 1641 553 1691 namque
579 1623 862 1676 Metellum
896 1624 1119 1677 ultimae
1156 1627 1450 1679 senectutis
1486 1627 1666 1697 spatio
1692 1627 1782 1679 de-

177 1692 428 1746 functum
477 1692 693 1763 lenique
741 1712 938 1763 genere
988 1696 1180 1748 mortis
1231 1696 1374 1749 inter
1425 1697 1610 1750 oscula
1660 1715 1782 1750 con-

179 1762 481 1834 plexusque
517 1765 923 1818 carissimorum
958 1766 1247 1836 pignorum
1282 1767 1583 1821 extinctum
1607 1767 1706 1820 filii
1731 1775 1783 1819 et

178 1835 365 1902 generi
377 1834 578 1886 umeris
599 1835 712 1888 suis
734 1854 830 1906 per
848 1835 1231 1889 urbemlatum
1252 1855 1383 1906 rogo
1403 1839 1779 1908 inposuerunt.

113 1922 155 1952 25
282 1904 334 1957 2.
374 1904 537 1957 Clara
563 1905 697 1959 haec
722 1907 984 1960 felicitas:
1026 1907 1309 1961 obscurior
1332 1907 1444 1974 illa,
1475 1908 1570 1960 sed
1596 1908 1779 1960 diuino

63 2027 155 2060 Par-
182 2023 235 2066 ad
275 2036 497 2067 summum
534 2023 691 2069 beatae
728 2026 848 2069 uitae
886 2025 1092 2070 columen
1128 2025 1399 2085 perductus,
1447 2024 1700 2071 consularis
1736 2033 1780 2070 et

178 2091 478 2152 triumphalis,
507 2101 722 2153 quattuor
749 2093 943 2140 filiorum
971 2101 1123 2155 pater,
1156 2095 1291 2140 trIum
1317 2095 1649 2145 consularium,
1688 2109 1778 2141 uno

177 2164 311 2207 etiam
338 2165 547 2208 censorio
576 2171 619 2208 et
643 2165 917 2224 triumphali,
946 2173 1108 2224 quarto
1130 2172 1366 2225 praetore:
1394 2168 1500 2210 item
1519 2167 1652 2210 trium
1670 2165 1779 2212 filia·

176 2247 277 2277 rum
305 2240 448 2293 pater,
478 2233 644 2293 quibus
672 2242 862 2294 nuptum
890 2235 1006 2280 datis
1031 2234 1209 2295 prolem
1236 2249 1388 2282 earum
1415 2235 1514 2281 sinu
1544 2250 1626 2282 suo
1654 2249 1780 2282 exce-

111 2309 328 2362 30perat:
381 2303 554 2348 nullum
596 2304 756 2355 sunus,
794 2305 967 2350 nullum
1005 2308 1222 2366 gemitum
1248 2320 1440 2366 passus,
1478 2308 1598 2351 inter
1624 2305 1778 2352 oscula

175 2373 260 2417 iam
312 2387 447 2420 senex
497 2374 822 2435 amplexusque
868 2378 1206 2423 carissimorum
1248 2379 1489 2437 pignorum
1535 2378 1778 2430 extinctus,

173 2443 372 2490 filiorum
399 2452 443 2489 et
470 2458 741 2505 generorum
770 2448 936 2492 umeris
965 2460 1045 2507 per
1072 2446 1229 2492 urbem
1267 2447 1386 2493 latus
1413 2461 1528 2506 rogo
1555 2449 1778 2508 inpositus

287 2570 311 2606 2
343 2567 557 2608 cessante
578 2568 870 2622 indulgentia
887 2562 943 2610 B'
1021 2573 1046 2611 3
1077 2570 1285 2611 columen
1308 2573 1358 2616 P,
1383 2570 1561 2610 culmen
1582 2570 1778 2622 Pighius,-

171 2624 229 2673 cf.
255 2626 298 2672 3,
331 2627 354 2663 1
384 2627 439 2666 in.
463 2632 504 2665 et
526 2627 563 2671 8,
590 2629 613 2664 7
634 2627 690 2665 in.
732 2623 750 2679 [l
797 2626 905 2667 orbe
927 2626 990 2672 B,
1021 2627 1068 2666 in
1090 2627 1202 2667 urbe
1225 2628 1346 2667 orbis
1370 2631 1474 2667 terr.
1497 2625 1778 2666 Kellerbauer

169 2680 198 2718 4
218 2680 474 2732 principem
496 2674 551 2720 B'
592 2684 617 2722 6
639 2686 828 2734 possent
849 2683 905 2732 B,
929 2696 1001 2724 em.
1023 2684 1164 2724 Periz.
1187 2680 1205 2735 ΙΙ
1226 2681 1521 2736 pudicitia*B
1554 2680 1615 2721 10
1636 2685 1683 2721 et
1695 2677 1771 2734 tn]

168 2735 493 2786 triumphalem
517 2742 561 2776 et
582 2737 637 2787 B,
663 2751 717 2778 ac
740 2743 794 2778 tr.
819 2743 865 2779 et
886 2740 1002 2780 dett..
1033 2741 1083 2779 17
1105 2740 1339 2791 repperies
1358 2732 1415 2778 B'
1467 2738 1518 2778 19
1539 2737 1777 2800 uideamus

171 2783 226 2830 B'
285 2793 336 2830 21
360 2804 464 2831 nam
488 2793 541 2842 Q.
563 2793 586 2833 b
627 2790 646 2846 Η
684 2794 923 2835 Metellum
940 2802 1174 2846 suspectum
1194 2796 1346 2847 Lipsio
1422 2794 1477 2833 24
1497 2792 1699 2833 humeris
1721 2793 1763 2832 B

170 2849 225 2887 25
246 2847 402 2888 diuino
426 2861 503 2888 ore
524 2851 704 2902 scripsi:
727 2851 880 2892 diuino
902 2851 958 2902 B,
983 2851 1140 2893 diuine
1163 2851 1247 2902 (uel
1266 2848 1506 2902 diuinitus)
1530 2850 1671 2890 Periz.

285 2906 335 2944 31
363 2904 719 2945 clarissimorum
752 2906 796 2945 V
816 2915 844 2930 -·
