1924 3152
241 145 345 199 30ss
582 168 591 174 ·’
942 150 1040 195 LIB.
1079 150 1148 195 VI.

243 264 547 325 operatam,
600 263 859 307 externae
894 256 1267 326 procurationi
1301 277 1499 311 uacare
1533 260 1736 327 uoluit,
1781 281 1851 314 ne

242 325 376 376 fides
414 324 658 376 ciuitatis
693 334 913 378 nostrae
956 326 1164 378 frustra
1208 328 1375 396 petita
1416 330 1845 384 existimaretur.

242 395 394 446 cuius
431 394 694 446 beneficio
732 397 885 464 regia
921 396 1254 449 incunabula
1291 407 1618 452 conseruata
1641 401 1851 470 pariter

241 484 302 516 ac
330 464 587 517 decorata
612 465 879 518 incertum
891 466 1202 519 Ptolemaeo
1220 467 1577 521 reddiderunt
1596 471 1850 540 ‘patrisne

198 550 217 580 5
241 535 460 588 fortuna
486 536 662 603 magis
691 555 761 587 an
786 544 1025 589 tutorum
1044 537 1328 606 maiestate
1354 538 1579 607 gloriari
1607 540 1848 594 deberet.

345 605 393 656 2.
447 604 706 675 Speciosa
739 605 834 658 illa
877 624 1087 677 quoque
1122 607 1368 660 Romana
1409 609 1563 661 fides.
1638 611 1846 679 ingenti

240 676 546 728 Poenorum
582 675 755 728 classe
792 677 937 728 circa
973 676 1217 729 Siciliam
1255 679 1498 744 deuicta,
1537 680 1702 732 duces
1722 682 1845 738 eius

236 746 428 798 fractis
456 746 648 798 animis
673 746 900 798 consilia
921 748 1188 816 petendae
1212 748 1360 817 pacis
1379 749 1678 816 agitabant.
1718 770 1846 821 quo-

238 835 358 867 rum
384 816 668 868 Hamilcar
693 817 771 868 ire
800 835 857 868 se
884 817 955 869 ad
982 818 1227 869 consules
1255 818 1492 886 negabat
1520 820 1750 886 audere,
1780 840 1847 873 ne

96 948 103 963 ,
174 901 214 931 10
239 886 429 938 eodem
463 886 626 940 modo
665 896 887 939 catenae
924 888 1028 940 sibi
1063 888 1422 955 inicerentur,
1459 908 1566 960 quo
1606 890 1676 942 ab
1712 890 1844 960 ipsis

237 956 487 1009 Cornelio
516 957 722 1009 Asinae
750 958 960 1010 consuli
986 958 1207 1010 fuerant
1233 959 1481 1011 iniectae.
1534 959 1731 1012 Hanno
1755 979 1845 1012 au-

236 1037 345 1079 tem
361 1068 374 1093 7
414 1028 610 1080 certior
636 1028 870 1081 Romani
907 1029 1074 1080 animi
1101 1030 1444 1095 aestimator,
1482 1028 1618 1080 nihil
1645 1030 1755 1082 tale
1779 1031 1844 1081 tiae

235 1097 499 1150 mendum·
526 1108 704 1165 ratus,
746 1100 987 1150 maxima
1023 1117 1143 1150 cum
1178 1099 1378 1151 fiducia
1404 1099 1472 1151 ad
1501 1099 1846 1171 conloquium

237 1186 422 1220 eorum
448 1169 696 1221 tetendit.
760 1169 905 1239 apud
979 1188 1079 1222 uos
1118 1188 1238 1221 cum
1275 1171 1340 1222 de
1368 1169 1473 1221 fine
1500 1169 1630 1222 belli
1658 1180 1848 1239 ageret

172 1252 211 1282 15
237 1247 291 1291 et
317 1239 563 1295 tribunus
600 1241 832 1291 militum
860 1240 909 1292 ei
938 1189 1167 1292 ‹cllixisset
1203 1258 1362 1309 posse
1398 1239 1478 1290 illi
1503 1240 1696 1293 merito
1724 1259 1844 1292 eue-

235 1309 352 1360 nire
379 1310 523 1379 quod
546 1309 797 1362 Cornelio
827 1310 1133 1374 accidisset,
1161 1319 1390 1430 utemfiie
1413 1309 1602 1362 consul
1622 1310 1842 1364 tribuno

160 1415 166 1420 -
235 1388 415 1432 tacere
442 1379 591 1431 iusso
620 1380 743 1431 ‘isto
773 1387 846 1430 te’
875 1381 1054 1449 inquit
1083 1385 1265 1442 ‘metu,
1357 1398 1517 1446 anno,
1547 1380 1682 1432 fides
1713 1381 1842 1432 ciui-

235 1451 363 1501 tatis
392 1458 612 1500 nostrae
640 1449 877 1500 liberat'.
930 1449 1106 1502 claros
1136 1448 1257 1500 illos
1281 1449 1488 1501 fecerat
1514 1457 1726 1502 tantum
1751 1450 1843 1502 ho-

235 1520 401 1571 stium
429 1519 622 1571 ducem
648 1519 853 1570 uincire
879 1519 1143 1588 potuisse,
1174 1519 1271 1570 sed.
1291 1518 1460 1584 multo
1484 1517 1740 1572 clariores
1768 1519 1843 1572 fe-

170 1603 212 1634 20
240 1590 313 1641 cit
338 1587 596 1641 noluisse.
1783 1601 1786 1604 ’

340 1660 391 1711 3.
430 1659 713 1711 Aduersus
753 1659 973 1711 eosdem
1008 1659 1192 1711 hostes
1228 1677 1417 1728 parem
1453 1658 1618 1710 fidem
1645 1659 1699 1710 in
1726 1660 1844 1711 iure

235 1729 523 1798 legationis
570 1729 773 1782 tuendo
819 1737 1002 1799 patres
1049 1729 1342 1799 conscripti
1377 1730 1694 1782 exhibuere.
1767 1729 1841 1784 M.

118 1883 210 1918 Par.
237 1876 454 1937 Lepidum
489 1875 749 1935 pontificem
790 1878 1029 1921 maximum
1064 1875 1135 1920 bis
1174 1890 1267 1922 cos.
1318 1875 1371 1920 ad
1397 1877 1524 1935 pueri
1554 1874 1737 1920 tutelam
1767 1888 1842 1934 ge·

237 1947 419 1992 rendam
447 1946 758 1992 Alexandriam
786 1947 926 1991 misit.
1001 1951 1040 1989 2.
1084 1947 1264 2006 Ingenti
1305 1947 1420 1991 circa
1449 1945 1644 1991 Siciliam
1670 1946 1841 1990 Poeno-

160 2027 212 2070 ¹25
236 2030 334 2061 rum
364 2016 507 2061 classe
532 2017 732 2066 deuicta,
774 2017 910 2062 duces
938 2019 1034 2061 eius
1062 2016 1215 2061 fractis
1244 2016 1402 2061 animis
1430 2016 1483 2060 de
1511 2016 1704 2076 petenda
1732 2028 1841 2075 pace

237 2086 424 2131 consilia
454 2086 649 2130 inibant:
691 2094 735 2130 et
769 2101 869 2130 cum
898 2086 1121 2131 Hamilcar
1157 2087 1324 2130 iturum
1363 2099 1410 2130 se
1436 2092 1622 2144 negaret
1649 2085 1703 2128 ad
1733 2098 1840 2128 con·

235 2155 379 2205 sules‚
420 2156 541 2215 quod
569 2158 748 2200 timeret
774 2169 828 2199 ne
856 2156 1012 2199 eodem
1041 2168 1166 2199 more
1194 2155 1473 2199 detineretur
1499 2168 1589 2213 quo
1618 2153 1703 2213 ipsi
1733 2154 1869 2198 Cor--

232 2225 400 2270 nelium
427 2227 609 2270 Asinam
649 2240 739 2270 cos.
779 2226 1091 2275 detinuerant,
1127 2225 1310 2274 Hanno,
1339 2227 1508 2270 certior
1534 2224 1839 2268 Romanorum

232 2309 408 2341 morum
437 2297 711 2345 aestimator,
742 2296 866 2340 uenit
894 2295 946 2340 ad
973 2293 1212 2340 consules:
1253 2294 1371 2354 apud
1399 2308 1513 2354 quos
1541 2303 1642 2339 cum
1671 2294 1724 2338 de
1752 2292 1838 2338 fine

167 2377 207 2408 30
231 2365 336 2411 belli
373 2373 529 2424 ageret
565 2372 609 2410 et
648 2366 854 2410 tribunus
892 2365 1082 2409 militum
1118 2366 1158 2410 ei
1197 2364 1382 2410 dixisset
1418 2378 1554 2424 posse
1581 2363 1646 2408 illi
1674 2365 1837 2409 merito

232 2436 416 2481 euenire
454 2436 573 2495 quod
611 2435 819 2481 Cornelio
857 2435 1119 2485 accidisset,
1166 2442 1357 2495 uterque
1401 2433 1562 2480 consul
1608 2434 1838 2479 tribunum

231 2507 364 2551 iussit
393 2512 552 2552 tacere.
616 2509 656 2550 3.
695 2506 748 2550 M.
779 2506 964 2550 Aemilio
992 2505 1160 2566 Lepido
1186 2506 1233 2549 L.
1264 2505 1479 2551 Flaminio
1506 2518 1624 2550 coss.
1653 2511 1838 2549 senatus

229 2577 276 2621 L.
305 2577 546 2622 Minucium
573 2584 617 2621 et
643 2577 915 2622 L.Manlium
940 2575 1381 2634 Carthaginiensium
1407 2574 1586 2633 legatis,
1616 2576 1719 2634 quia
1747 2587 1839 2618 ma-

344 2715 369 2752 5
394 2718 592 2752 tutorum
616 2715 745 2754 dem:
777 2714 943 2753 tutoris
964 2713 1006 2752 B
1029 2711 1126 2763 (sed
1147 2715 1185 2752 is
1208 2716 1248 2752 in
1270 2711 1380 2763 ras.)
1432 2713 1456 2751 7
1477 2722 1727 2764 poenarum
1753 2703 1830 2762 B'li

230 2769 416 2810 deuicta
437 2770 499 2808 P:
532 2769 731 2809 deducta
753 2770 795 2809 B
855 2771 879 2809 9
902 2769 1124 2823 humilcar
1144 2770 1186 2808 B
1249 2768 1301 2808 10
1324 2769 1381 2808 ab
1406 2767 1447 2807 B
1468 2780 1580 2807 corr.
1604 2779 1661 2805 ex
1684 2765 1740 2804 ad
1783 2767 1834 2804 12

229 2837 515 2865 romanorum
539 2838 711 2865 morum
734 2827 775 2865 P
850 2828 900 2866 19
924 2826 1106 2866 uincere
1130 2826 1183 2872 B,
1208 2825 1441 2866 emxlanus
1462 2822 1722 2862 Parrhasius
1780 2823 1834 2861 22

230 2882 447 2922 exhibere
469 2876 526 2920 B'

342 2939 396 2978 27
420 2950 505 2990 quo
528 2938 710 2977 timeret
738 2940 781 2978 V
834 2939 886 2978 32
909 2938 1141 2978 flaminino
1169 2938 1211 2976 V
