1936 3120
578 6 581 11 Γ
600 0 806 21 ³7·v',—7,‘³'›'·⁴v²³'
855 0 1083 18 *W„
1103 3 1107 5 .
1142 2 1146 13 ,
1299 3 1313 21 Ἰ,
1343 0 1367 9 ,ἵ
1464 0 1504 6 ..⁷
1530 0 1579 25 «ἴῃ
1623 0 1667 11 nv
1690 0 1807 18 ⁸.*''·'⁸‘

477 144 593 190 CAP.
623 144 738 195 xm,
767 145 796 204 g
822 148 961 190 3—-6,
1002 145 1097 191 Exi.
1127 146 1155 205 g
1185 150 1222 192 1.
1249 151 1290 190 2.
1587 141 1695 213 415

179 254 300 303 Ext.
332 252 378 303 1.
420 252 656 320 Iungam
682 252 764 304 his
793 252 927 305 duos
954 270 1138 322 regeS,
1167 272 1399 324 quorum
1427 254 1694 307 diuturni-

74 329 159 374 tas
197 321 399 392 populo
434 322 682 374 Romano
715 322 824 375 fuit
865 323 1175 378 utilissima.
1251 323 1472 377 Siciliae
1514 334 1695 378 rector

77 391 241 444 Hiero
268 390 340 443 ad
364 393 778 462 nonagesimum
805 411 1007 446 annum
1034 394 1301 463 peruenit.
1335 441 1339 445 .
1377 395 1688 462 Masinissa,

72 461 364 514 Numidiae
388 480 516 529 rex,
554 463 699 514 hunc
724 463 947 516 modum
974 465 1236 530 excessit,
1273 467 1426 534 regni
1453 465 1692 535 spatium

73 533 364 601 sexaginta
407 533 563 584 annis
599 552 880 601 emensuS,
926 535 1015 587 uel
1057 543 1184 587 ante
1222 553 1407 587 omnes
1442 535 1687 589 homines
1711 563 1735 596 5

70 603 267 655 robore
295 611 546 655 senectae
573 603 932 657 admirabilis,
1008 613 1226 658 constat
1252 624 1403 672 eum,
1432 625 1591 676 quem
1617 607 1690 659 ad

70 672 294 726 modum
321 672 511 726 Cicero
538 674 710 727 refert
734 675 874 728 libro
892 716 906 742 ,
934 694 1095 746 quem
1123 675 1190 727 de
1217 686 1497 729 senectute
1524 679 1689 747 scrip-

73 745 157 810 sit,
184 743 333 795 nullo
362 758 618 815 umquam
645 746 828 812 imbri,
856 745 1005 799 nullo
1033 746 1239 815 frigore
1259 756 1321 800 ut
1342 756 1506 817 caput
1532 766 1690 799 suum

69 823 225 867 ueste
251 823 463 883 tegeret
489 814 690 868 adduci
710 817 970 886 potuisse.
1025 817 1258 869 eundem
1278 819 1460 870 ferunt
1482 819 1690 888 aliquot

69 884 219 938 horis
257 884 315 936 in
351 885 544 938 eodem
577 888 812 955 uestigio
850 896 1095 957 perstare
1136 887 1378 954 solitum,
1417 908 1525 941 non
1561 897 1688 941 ante
1711 916 1756 947 10

70 963 216 1008 moto
243 956 381 1026 pede
409 975 572 1026 quam
597 957 869 1009 consimili
902 958 1090 1011 labore
1123 958 1349 1010 iuuenes
1375 958 1687 1028 fatigasset,

71 1044 134 1078 ac
161 1025 368 1097 siquid
394 1027 485 1095 agi
521 1027 591 1080 ab
631 1029 855 1081 sedente
888 1037 1196 1098 oporteret,
1243 1038 1357 1082 toto
1397 1029 1486 1081 die
1523 1047 1687 1098 saepe

67 1115 293 1150 numero
326 1096 535 1149 nullam
569 1098 626 1149 in
660 1108 876 1169 partem*
908 1117 1170 1152 conuerso
1209 1117 1434 1170 corpore
1469 1101 1527 1151 in
1553 1100 1688 1153 solio

70 1168 313 1220 durasse.
365 1167 455 1219 ille
481 1187 613 1222 uero
642 1170 804 1222 etiam
831 1170 1103 1221 exercitus
1132 1188 1270 1240 equo
1292 1168 1536 1222 insidens
1562 1188 1707 1223 noc-·

68 1247 178 1290 tem
205 1238 316 1290 diei
340 1237 662 1309 plerumque
688 1240 962 1309 iungendo
1000 1240 1160 1291 duxit
1194 1239 1438 1310 nihilque
1464 1241 1684 1293 omnino
1708 1266 1753 1299 15

68 1309 231 1360 exiis
261 1309 546 1379 operibuS,
584 1329 725 1380 quae
759 1310 1079 1362 adulescens
1122 1311 1389 1363 sustinere
1423 1310 1686 1363 adsueue-

25 1398 33 1402 “
66 1387 167 1446 rat,
197 1397 302 1460 quo
329 1380 510 1432 minus
533 1388 811 1432 senectute
838 1390 1026 1450 ageret
1045 1381 1246 1433 omisit.
1285 1381 1500 1433 ueneris
1523 1381 1686 1433 etiam

67 1459 171 1501 usu
206 1458 286 1501 lta
328 1468 542 1521 semper
577 1451 782 1521 uiguit,
817 1460 879 1504 ut
913 1460 1040 1521 post
1080 1460 1296 1504 sextum
1332 1460 1385 1503 et
1421 1451 1685 1520 octogesi-

66 1538 215 1571 mum
241 1539 444 1572 annum
470 1520 647 1573 filium
671 1532 983 1590 generaret,
1022 1523 1110 1573 cui
1134 1521 1454 1592 Methymno
1489 1540 1687 1574 nomen

66 1589 191 1642 fuit.
241 1600 445 1644 terram
480 1610 722 1662 quoque,
760 1611 924 1662 quam
958 1601 1173 1644 uastam
1200 1600 1252 1644 et
1289 1593 1564 1644 desertam
1600 1610 1684 1643 ac·
1708 1620 1753 1651 20

67 1669 303 1731 ceperat,
330 1671 592 1731 perpetuo
620 1661 864 1714 culturae
891 1662 1072 1715 studio
1100 1662 1424 1731 frugiferam
1449 1662 1684 1732 reliquit.

171 1758 222 1811 2.
266 1759 501 1828 Gorgias
539 1760 701 1811 etiam
727 1760 1052 1825 LeontinUS,
1095 1760 1354 1812 Isocratis
1384 1767 1436 1811 et
1462 1759 1683 1829 conplu-

66 1829 208 1881 rium
234 1829 420 1898 magni
443 1830 649 1899 ingenii
674 1831 917 1882 uirorum
950 1839 1297 1900 praeceptor,
1337 1848 1436 1881 sua
1471 1839 1687 1881 senten-⁸

65 1900 144 1953 tia
168 1899 539 1952 felicissimus.
602 1919 729 1951 nam
766 1919 889 1952 cum
929 1901 1285 1953 centesimum
1312 1908 1365 1952 et
1392 1900 1683 1969 septimum

66 1979 255 2040 ageret
282 1989 499 2036 annum,
527 1972 893 2039 interrogatus
916 1980 1250 2041 quapropter
1269 1978 1382 2022 tam
1402 1971 1498 2022 diu
1516 1969 1683 2022 uellet
1705 1988 1749 2020 25

64 2040 123 2092 in
148 2041 267 2093 uita
292 2059 590 2108 remanere,
621 2042 771 2112 equia
795 2041 951 2093 nihil'
979 2041 1154 2111 inquit
1180 2041 1400 2105 ‘habeo‚
1429 2041 1575 2110 quod
1602 2058 1681 2092 se—

62 2119 339 2164 nectutem
374 2130 551 2164 meam
586 2117 876 2164 accusem'.
952 2112 1084 2182 quid
1120 2113 1227 2165 isto
1263 2119 1444 2163 tractu
1486 2111 1681 2164 aetatis

65 2190 161 2234 aut
197 2180 412 2252 longius
453 2191 547 2235 aut
578 2183 835 2236 beatius?
883 2183 993 2234 iam
1030 2182 1263 2234 alterum
1299 2181 1576 2234 saeculum
1602 2182 1680 2232 in-

171 2331 211 2371 1.
260 2329 395 2373 Hiero
432 2329 487 2374 ad
523 2330 902 2389 nonagensimum
950 2343 1114 2374 annum
1153 2330 1380 2388 peruenit.
1444 2328 1678 2373 Masinissa
1705 2335 1800 2368 Par.

61 2411 130 2442 Lx
155 2397 286 2442 annis
313 2399 567 2457 imperauit.
633 2401 732 2458 qui,
774 2406 824 2443 ut
850 2401 912 2443 ait
940 2399 1120 2447 Cicero,
1159 2401 1246 2443 iam
1273 2411 1409 2443 senex
1435 2411 1679 2456 numquam
1704 2407 1746 2438 30

63 2475 141 2512 aut
167 2467 343 2527 frigore
371 2475 448 2512 aut
475 2468 618 2513 imbre
645 2474 780 2528 caput
808 2470 1002 2527 operuit.
1062 2469 1180 2512 idem
1207 2474 1313 2527 post
1339 2475 1514 2511 sextum
1543 2475 1587 2511 61
1612 2479 1679 2512 xc

63 2551 230 2583 annum
257 2537 398 2583 filium
427 2540 682 2598 generauit.
738 2542 779 2582 2.
808 2538 998 2597 Gorgias
1021 2538 1271 2583 Leontinus
1299 2551 1398 2582 cum
1426 2543 1548 2581 esset
1576 2550 1679 2581 cen-

65 2615 158 2653 tum
187 2616 232 2654 et
259 2615 432 2668 septem
460 2623 706 2658 annorum,
744 2609 1055 2668 interrogatus
1084 2614 1363 2667 quapropter
1392 2613 1478 2650 tam
1507 2606 1581 2651 diu
1609 2607 1676 2650 ui-

61 2693 170 2724 uere
187 2678 342 2730 uellet,
367 2679 640 2739 ‘quianihil'
664 2677 987 2738 inquit‘habeo
1002 2678 1122 2738 quod
1146 2691 1306 2737 querar
1328 2677 1381 2721 de
1402 2677 1675 2721 senectute'.

179 2832 199 2870 1
225 2830 365 2880 duob3
389 2823 444 2871 B'
506 2832 557 2869 12
583 2827 655 2882 ac]
685 2832 733 2870 at
754 2830 795 2869 B
816 2842 895 2881 my.
914 2825 934 2883 1]
965 2825 1215 2869 adsedeat&
1237 2821 1306 2878 B',
1332 2824 1562 2867 assidente
1585 2826 1623 2876 b,
1649 2838 1678 2866 a

62 2885 253 2926 sedente
275 2897 302 2931 ς
371 2889 423 2927 16
445 2886 514 2926 his
537 2885 577 2925 B
658 2888 708 2926 17
733 2899 820 2938 quo
842 2885 1015 2926 millius
1037 2885 1094 2933 B,
1121 2883 1175 2924 cii
1193 2883 1322 2924 illius
1346 2884 1368 2923 b
1390 2880 1408 2936 ΙΙ
1429 2880 1671 2923 senectute

62 2942 104 2982 B
166 2944 218 2983 18
242 2947 288 2983 et
311 2943 418 2983 .XC.
443 2955 614 2983 annum
636 2943 676 2982 P
733 2944 785 2982 19
807 2941 1042 2995 generarit
1063 2940 1086 2980 b
1146 2942 1199 2980 22
1221 2939 1467 2980 hisocratis
1489 2938 1530 2977 B
1592 2985 1611 3001 ο
