1924 3152
160 162 268 214 334
857 167 957 214 LIB.
996 170 1081 214 Vll.

162 274 364 326 habere
390 272 682 339 uellemuS‚
721 291 843 326 cum
871 275 1094 327 secretis
1122 275 1546 345 cogitationibus
1573 279 1777 332 nostris

164 344 399 395 caeleste
425 362 627 395 numen
655 343 848 396 adesse
876 345 1320 399 credidissemUS.

269 413 318 464 9.
359 414 442 466 Ac
478 432 545 464 ne
579 414 723 484 quod
760 433 815 467 se
856 415 1003 466 uitur
1050 415 1270 485 quidem
1313 417 1490 469 minus
1538 419 1779 489 sapiens.

160 483 352 535 unicae
395 482 540 535 filiae
585 494 742 554 pater
778 486 824 536 T
867 485 1183 539 emistoclen
1226 487 1547 540 consulebat
1588 497 1773 541 utrum

116 568 137 599 5
161 572 280 605 cam
305 554 533 624 pauperi
561 554 658 607 sed
685 563 893 622 ornato,
933 574 1001 606 an
1034 555 1290 626 locupleti
1315 568 1510 627 paruni
1537 559 1793 628 probato·

159 623 486 676 conlocaret.
538 625 624 676 cui
649 625 695 677 is
724 626 908 678 ‘malo'
937 627 1115 696 inquit
1143 627 1339 678 ‘uirum
1357 631 1589 698 pecunia
1609 647 1771 699 quam

158 695 446 764 pecuniam
472 696 592 747 uiro
619 694 994 764 indigentem'.
1106 716 1174 749 uo
1215 696 1361 750 dicto
1400 698 1625 751 stultum
1657 717 1768 752 mo-
1830 755 1833 756 γ

157 765 276 817 nuit
300 773 361 816 ut
385 784 645 834 generum
670 767 852 836 potius
882 785 1044 837 quam
1111 767 1298 818 iuitias
1335 769 1523 836 generi
1548 768 1775 838 legeret.

132 889 138 896 .
269 837 349 888 10.
391 838 536 904 Age,
583 835 826 906 Philippi
863 855 1026 907 quam
1100 837 1365 890 robabilis
1413 838 1667 909 epistola,
1713 841 1772 891 in

92 922 134 952 10
159 925 266 976 qua
287 905 665 958 Alexandrum
727 907 1049 959 uorumdam
1069 949 1093 959 -
1131 907 1434 961 acedonum
1458 908 1769 963 beniuolen-

157 977 292 1028 tiam
327 976 621 1046 largitione
656 995 688 1028 a
764 996 821 1030 se
857 977 1147 1030 adtrahere
1190 986 1446 1031 conatum
1483 981 1563 1031 sic
1598 980 1774 1032 incre·

156 1048 300 1117 puit:
345 1055 503 1117 ‘quae
531 1055 599 1113 te,
626 1047 721 1113 fili,
748 1048 888 1101 ratio
916 1049 972 1099 in
998 1048 1141 1100 hanc
1158 1056 1268 1100 tam
1287 1067 1486 1101 uanam
1511 1068 1663 1120 spem
1690 1051 1768 1101 in-

158 1117 340 1183 duxit,
382 1126 444 1170 ut
484 1136 574 1170 eos
611 1118 715 1171 tibi
748 1118 937 1171 fideles
974 1119 1185 1172 futuros
1225 1119 1596 1187 existimares,
1636 1139 1773 1190 quos

155 1190 387 1258 pecunia
414 1189 483 1241 ad
510 1207 748 1241 amorem
775 1189 855 1241 tui
881 1189 1286 1260 conpulisseSP'
1314 1209 1347 1242 a
1365 1191 1593 1243 caritate
1619 1189 1770 1245 istud

91 1271 131 1303 15
156 1259 313 1328 pater
339 1260 373 1323 ’ἱ-
410 1278 547 1312 auus
588 1279 617 1312 o
645 1259 929 1330 Philippus
965 1261 1170 1313 maiore
1206 1279 1275 1312 ex
1308 1269 1462 1330 parte
1498 1269 1774 1314 mercator

159 1329 425 1382 Graeciae
453 1348 616 1401 quam
641 1330 831 1384 uictor.
1571 1362 1575 1366 -

263 1401 345 1453 11.
409 1399 735 1452 Aristoteles
798 1408 981 1452 autem
1032 1399 1403 1452 Callisthenen
1461 1400 1768 1453 auditorem

154 1488 310 1521 suum
336 1469 408 1521 ad
433 1468 811 1522 Alexandrum
848 1470 1129 1523 dimittens
1166 1470 1380 1523 monuit
1414 1489 1537 1522 cum
1571 1489 1632 1524 eo
1670 1479 1769 1523 aut

154 1540 433 1592 rarissime
461 1549 554 1592 aut
582 1558 743 1611 quam
769 1541 1161 1592 iucundissime
1181 1541 1527 1610 loqueretur,·
1541 1559 1644 1611 quo
1666 1541 1764 1593 sci-

88 1625 130 1657 20
154 1609 281 1663 licet
307 1607 453 1681 apud
479 1611 660 1679 regias
690 1629 848 1663 aures
875 1610 964 1663 uel
986 1610 1200 1664 silentio
1224 1610 1497 1663 tutioruel
1517 1629 1770 1664 sermone

154 1688 298 1733 esset
340 1681 627 1752 acceptior.
705 1690 761 1733 at
797 1680 914 1747 ille,
963 1681 1094 1734 dum
1127 1680 1511 1733 Alexand-rum
1545 1681 1767 1734 Persica

152 1751 509 1804 Macedonem
553 1751 882 1804 salutatione
923 1751 1257 1822 gaudentem
1301 1752 1554 1820 obiurgat
1599 1761 1651 1804 et
1695 1751 1770 1804 ad

151 1822 534 1876 Macedonicos
561 1841 737 1875 mores
765 1822 997 1874 inuitum
1023 1841 1284 1875 reuocare
1309 1821 1563 1875 beniuole
1623 1840 1765 1874 erse-

151 1901 333 1958 uerat,
374 1893 570 1963 spiritu
606 1911 790 1945 carere
826 1893 1007 1945 iussus
1047 1911 1225 1945 seram
1258 1891 1494 1962 neglecti
1528 1841 1769 1945 salubris

87 1977 129 2008 25
152 1963 368 2016 consilii
393 1964 781 2034 paenitentiam
809 1964 934 2032 egit.

37 2102 127 2136 Par.
152 2098 192 2141 9.
235 2096 398 2142 Vnicae
434 2095 550 2141 filiae
586 2103 714 2155 puter
751 2095 1080 2140 Themistoclea
1130 2094 1418 2145 consulebat,
1470 2100 1622 2140 utrum
1664 2107 1764 2139 eam

151 2168 342 2226 pauperi
381 2167 460 2211 sed
499 2173 685 2215 ornato,
725 2179 780 2210 an
815 2165 1033 2224 locupleti
1071 2178 1227 2224 parum
1263 2165 1457 2225 probato
1487 2164 1759 2210 conlocaret.

152 2244 246 2282 tum
275 2239 313 2281 is
339 2235 353 2257 ‘
378 2236 523 2281 malo'
554 2238 699 2295 inquit
727 2235 894 2280 ‘uirum
921 2236 1112 2294 pecunia
1140 2249 1274 2295 quam
1300 2235 1538 2295 pecuniam
1565 2236 1665 2280 uiro
1696 2236 1765 2279 in·

151 2306 415 2366 digentem'.
493 2309 558 2350 11.
598 2304 868 2351 Aristoteles
906 2306 1211 2352 Callisthenen
1252 2306 1503 2352 auditorem
1540 2319 1671 2350 suum
1708 2305 1763 2351 ael

87 2386 130 2418 30
152 2377 454 2423 Alexandrum
492 2376 725 2422 dimittens
774 2377 952 2422 monuit
986 2383 1036 2421 ut
1073 2391 1174 2421 cum
1212 2390 1265 2422 eo
1303 2383 1382 2422 aut
1417 2375 1644 2421 rarissime
1685 2383 1762 2421 aut

151 2447 410 2494 dulcissime
444 2448 734 2508 loqueretur,
773 2461 874 2493 cum
911 2455 1104 2507 utraque
1142 2461 1215 2492 res
1252 2454 1435 2507 accepta
1462 2446 1580 2507 apud
1605 2459 1764 2506 regem

1420 2518 1425 2534 .

261 2570 621 2613 4themistoclea
646 2573 692 2618 P,
716 2576 759 2612 ut
781 2578 844 2611 est
865 2575 904 2617 5,
930 2574 970 2616 3,
993 2571 1090 2611 E.3
1113 2576 1154 2610 et
1177 2568 1469 2623 (Sophoclea)
1494 2571 1532 2617 4,
1559 2571 1599 2616 3,
1622 2569 1715 2609 E.1
1735 2564 1755 2618 Η

150 2628 480 2670 consulebatur
501 2628 543 2668 B
603 2630 628 2668 6
651 2629 725 2668 cui
746 2628 816 2667 B.-
848 2631 943 2667 tum
965 2628 1006 2668 P
1041 2623 1061 2682 Η
1099 2628 1326 2680 pecuniae
1348 2619 1404 2666 B'
1464 2627 1489 2667 9
1514 2624 1714 2678 epistula
1735 2623 1762 2662 b

150 2686 202 2724 15
225 2698 339 2724 auus
362 2699 387 2726 o
408 2686 477 2725 B:
520 2687 569 2724 at
589 2697 698 2725 uero
722 2685 758 2732 b,
776 2684 882 2735 fort.
906 2687 1061 2736 pater:
1105 2687 1154 2723 at
1185 2696 1266 2724 rex
1285 2682 1404 2723 Phil.
1437 2680 1761 2734 (conpulisses,
1809 2720 1811 2723 ,

148 2754 239 2780 non
263 2742 491 2782 caritate?
541 2741 664 2780 istud
678 2745 818 2792 pater
852 2740 949 2781 eius
971 2740 1090 2781 Phil.
1114 2741 1256 2782 Per-iz.
1289 2751 1379 2790 qua
1411 2737 1606 2778 caritate
1634 2735 1760 2776 istud

149 2800 284 2849 pater
303 2801 414 2838 nato
439 2810 519 2838 suo
541 2797 660 2836 Phil.
684 2795 908 2847 Foertsch)
974 2798 1024 2837 17
1049 2795 1325 2836 callistenen
1346 2787 1400 2834 B'
1451 2794 1503 2833 18
1524 2791 1762 2832 dimittens

149 2853 205 2902 B,
227 2855 306 2894 sed
319 2855 446 2905 prior
466 2853 482 2892 i
504 2866 563 2893 ex
583 2866 711 2901 corr„
735 2855 924 2893 mittens
947 2854 1050 2894 dett.
1074 2849 1093 2906 Η
1133 2851 1310 2892 monuit
1330 2853 1382 2890 ut
1402 2850 1443 2889 P
1457 2845 1479 2903 [l
1518 2852 1598 2888 aut
1618 2847 1759 2889 raris-

148 2910 264 2951 sime
287 2909 377 2949 Pb.-
407 2923 485 2951 om.
509 2909 551 2948 B
628 2911 681 2949 22
723 2908 1020 2949 macedonum
1043 2909 1092 2954 b,·
1122 2910 1218 2949 uide
1241 2921 1291 2948 ne
1312 2919 1400 2947 ηοω
1420 2907 1475 2946 sit
1493 2908 1648 2958 yles-sa,
1671 2917 1761 2944 cum

145 2971 353 3020 sequatur
375 2965 434 3007 ad
453 2964 777 3006 Macedonicos
799 2978 947 3006 mores
