1872 3132
228 123 292 175 16
866 94 876 107 ⁸
937 124 1037 169 Llss.
1075 123 1108 168 1.

109 262 209 296 PM„
340 241 454 284 Eaet.
498 242 535 282 1.
587 239 729 283 Minos
768 235 1048 292 Cretensium
1082 249 1159 280 rex
1195 247 1316 280 nono
1353 247 1470 280 anno
1518 236 1563 280 in
1598 236 1826 296 quendam

225 310 474 371 praealtum
512 316 556 353 et
581 314 761 352 uetusta
799 305 1020 366 religione
1047 311 1360 351 consecratum
1396 317 1580 364 specum
1616 306 1828 353 secedere

226 380 414 429 solebat,
444 385 489 424 et
515 380 557 422 in
586 392 639 422 eo
668 384 870 422 moratus
900 383 1123 435 tamquam
1150 375 1203 420 ab
1230 374 1360 426 Ioue,
1390 388 1481 434 quo
1509 388 1556 420 se
1583 383 1735 421 ortum
1762 377 1828 422 se·

225 450 375 499 rebat,
403 448 588 492 traditas
615 447 740 507 leges
768 446 1052 507 perrogabat.

180 529 201 560 5
329 524 368 563 2.
417 518 681 562 Pisistratus
715 519 761 562 in
797 516 1085 575 reciperanda
1123 513 1382 574 tyrannide,
1428 528 1560 574 quam
1597 515 1826 567 amiserat,

225 588 514 634 simulatione
550 588 806 632 reducentis
843 600 890 631 se
927 587 970 629 in
1007 598 1152 630 arcem
1180 584 1404 629 Mineruae
1438 591 1509 630 est
1543 599 1681 639 usus,
1719 600 1826 633 cum

224 672 304 718 per
332 657 682 703 ostentationem
710 659 893 716 ignotae
919 654 1135 704 mulieris,
1165 667 1279 714 quae
1299 653 1420 714 Phye
1440 654 1704 707 uocabatur,
1732 656 1827 701 sor-

223 736 368 773 matae
394 728 448 772 ad
474 727 674 773 habitum
702 728 831 776 deae,
859 725 1158 770 Athenienses
1185 725 1430 784 deciperet.

332 801 371 841 3.
424 799 656 857 Lycurgus
684 796 874 842 consilio
901 794 1125 855 Apollinis
1163 795 1456 855 grauissimae
1493 795 1666 841 ciuitati
1692 795 1831 842 Lace-

161 877 202 908 10
225 869 559 914 daemoniorum
585 867 711 926 leges
736 866 1012 926 compositas
1038 865 1156 909 ferre
1185 878 1232 909 se
1258 867 1499 924 persuasit.

329 943 371 983 4.
410 938 623 983 Zaleucus
651 937 734 982 sub
760 936 940 981 nomine
966 935 1191 988 Mineruae
1217 935 1333 995 apud
1355 935 1606 982 Locrenses
1631 935 1830 996 pruden-

224 1009 426 1052 tissimus
453 1006 629 1052 habitus
658 1014 739 1052 est.

331 1150 367 1191 1.
419 1146 755 1192 Bacchanalium
783 1160 1016 1191 sacrorum
1043 1160 1142 1191 mos
1170 1159 1318 1191 nouus
1346 1145 1607 1196 institutus,
1643 1160 1744 1191 cum
1771 1146 1826 1191 ad

160 1225 201 1256 15
223 1218 518 1276 perniciosam
547 1218 799 1262 uaesaniam
827 1218 935 1266 iret,
965 1216 1170 1261 sublatus
1198 1223 1279 1261 est.

328 1291 368 1330 2.
418 1287 623 1332 Lutatius
653 1287 813 1336 Cerco,
854 1287 928 1346 qui
955 1287 1150 1346 primum
1176 1285 1392 1331 Punicum
1420 1285 1589 1330 bellum
1616 1286 1812 1332 confecit

224 1372 246 1402 a
283 1363 441 1402 senatu
478 1357 736 1416 prohibitus
778 1364 847 1402 est
883 1322 1835 1402 sort‘e—s‘FTfflu—nfflzmei

109 1501 201 1544 Nep.
559 1491 609 1542 3.
667 1493 761 1541 DE
795 1493 835 1541 S
847 1494 1062 1543 VPERS
1067 1494 1140 1542 TI
1144 1493 1217 1542 TI
1216 1492 1380 1542 ONIB
1395 1493 1488 1542 VS.

332 1582 351 1622 1
390 1585 435 1624 ct
471 1583 510 1623 3.
563 1579 898 1626 Bacchanalium
937 1583 1152 1641 mysteria
1189 1581 1318 1626 suere
1355 1580 1534 1626 Romae.
1610 1580 1689 1626 sed
1725 1594 1828 1626 cum

161 1658 203 1690 20
228 1650 507 1710 temporibus
535 1653 770 1696 nocturnis
807 1653 894 1696 uiri
920 1665 972 1696 ac
998 1651 1187 1696 feminae
1214 1653 1386 1711 pariter
1421 1655 1575 1695 essent
1601 1650 1830 1696 furerent-

226 1733 336 1779 que,
382 1720 523 1766 multo
552 1720 795 1766 colentium
822 1724 1040 1780 sanguine
1066 1721 1306 1782 peregrina
1342 1734 1467 1766 sacra
1502 1720 1670 1766 abolita
1704 1727 1828 1766 sunt.

225 1789 465 1835 Chaldaeos
502 1792 642 1849 igitur
668 1792 900 1836 Cornelius
927 1792 1137 1852 Hispalus
1174 1791 1286 1836 urbe
1322 1789 1493 1860 expulit
1529 1797 1574 1835 et
1608 1792 1725 1836 intra
1751 1790 1830 1836 de-

225 1874 320 1904 cem
347 1860 440 1906 dies
466 1860 589 1906 Italia
616 1861 738 1906 abire
765 1862 920 1913 iussit,
959 1876 1015 1906 ne
1042 1863 1328 1922 peregrinam
1355 1861 1590 1907 scientiam
1625 1860 1831 1906 uendita-

227 1937 341 1974 rent.
402 1931 587 1975 Iudaeos
616 1945 821 1991 quoque,
861 1934 938 1991 qui
963 1933 1175 1978 Romanis
1205 1932 1381 1977 tradere
1408 1945 1534 1977 sacra
1569 1945 1650 1975 sua
1676 1931 1829 1976 conati

163 2006 204 2038 25
229 2006 368 2048 erant,
396 2000 511 2044 idem
534 2001 744 2066 Hispalus
772 2002 883 2047 urbe
910 2003 1225 2047 exterminauit
1251 2015 1443 2061 arasque
1469 2002 1672 2061 priuatas
1700 2013 1724 2045 e
1742 2015 1830 2060 pu-

227 2068 353 2112 blicis
380 2069 492 2114 locis
518 2071 695 2119 abiecit.

331 2143 370 2181 2.
428 2139 652 2184 Lutatium
692 2141 955 2192 Cerconem‚
1002 2143 1307 2188 confectorem
1346 2141 1477 2201 primi
1514 2140 1670 2186 Punici
1703 2139 1827 2190 belli,

228 2206 341 2251 sama
370 2208 516 2253 extitit
552 2210 669 2254 uelle
696 2211 747 2256 ad
775 2211 1110 2257 Praenestinam
1137 2213 1381 2258 Fortunam
1408 2209 1445 2268 †
1471 2217 1621 2256 sortes
1648 2213 1829 2255 mittere

229 2278 325 2321 siue
350 2278 579 2337 colligere,
631 2281 716 2325 hoc
744 2282 926 2340 cognito
955 2290 1137 2328 senatus
1163 2282 1360 2328 inhibuit
1386 2279 1579 2326 extraria
1604 2294 1830 2341 responsa

341 2401 364 2438 7
393 2400 468 2450 fye
505 2402 547 2439 V
601 2403 625 2440 9
656 2403 954 2453 grauissimae
991 2407 1048 2451 V,
1079 2407 1159 2445 sed
1186 2418 1241 2445 ae
1271 2418 1329 2445 επ·
1357 2417 1493 2452 corr„
1523 2417 1581 2444 an
1608 2402 1831 2456 grauissi-

228 2456 355 2494 mas?
416 2457 465 2494 11
496 2456 745 2496 Za*leucus
775 2460 816 2497 V
873 2462 923 2498 16
948 2473 1078 2501 cereo
1108 2462 1160 2512 V,
1192 2475 1268 2501 em.
1297 2461 1464 2513 Kempf
1517 2461 1569 2500 17
1598 2462 1746 2500 sortes
1777 2481 1833 2487 —-

227 2510 355 2550 abire
379 2510 419 2559 (ξ
442 2511 484 2561 3)
508 2512 632 2551 habet
653 2513 693 2551 B

343 2568 394 2606 19
416 2568 727 2608 Bachanalius
752 2570 786 2609 C
840 2572 891 2609 21
915 2573 1139 2623 sanguine
1162 2574 1275 2625 felet
1296 2573 1544 2626 peregrina
1568 2571 1602 2611 G
1656 2572 1710 2610 22
1731 2570 1835 2623 hip-

229 2621 361 2671 palus
387 2623 437 2672 C,
469 2625 563 2662 item
591 2626 708 2675 infra
766 2627 819 2666 25
847 2627 1053 2678 priuatos
1084 2629 1117 2668 0
1172 2631 1224 2669 27
1254 2629 1528 2668 Lutantium
1552 2627 1777 2667 cimonem
1802 2625 1836 2665 0

228 2677 282 2716 28
312 2676 369 2716 ad
396 2678 724 2720 Praenestinae
754 2682 987 2723 Fortunae
1018 2682 1106 2734 (sic
1134 2686 1229 2724 Mai
1255 2691 1405 2726 contra
1434 2679 1646 2735 codicem)
1684 2684 1836 2722 sortes

230 2733 408 2772 mittere
431 2735 508 2783 qui
531 2737 826 2776 consulerent
846 2739 1050 2779 Foertscle
1071 2741 1110 2786 l,
1135 2743 1161 2780 4
1183 2741 1380 2789 (mittere
1404 2741 1444 2780 si
1465 2739 1654 2780 deberet
1677 2738 1835 2778 confli-

227 2800 336 2839 gere
359 2788 562 2840 Kempf);
591 2791 695 2840 fort.
725 2792 781 2831 ad
802 2793 1155 2835 Praenestinam
1176 2797 1429 2837 Fortunam
1450 2795 1654 2844 mittere,
1686 2797 1835 2834 sortes

226 2844 305 2937 {qui
328 2843 623 2939 οοΙὲἰβθηῗημ
655 2848 863 2888 adtendas
893 2852 999 2907 egzz'm
1028 2853 1143 2903 quod
1159 2854 1373 2904 sequitur:
1403 2863 1626 2905 responsa
1653 2849 1836 2892 consul-

250 2912 375 2939 orum
430 2912 592 2952 isquiri
