<?xml version="1.0" encoding="UTF-8"?>
<!DOCTYPE html PUBLIC "-//W3C//DTD XHTML 1.0 Transitional//EN"
    "http://www.w3.org/TR/xhtml1/DTD/xhtml1-transitional.dtd">
<html xmlns="http://www.w3.org/1999/xhtml" xml:lang="en" lang="en">
 <head>
  <title>
</title>
<meta http-equiv="Content-Type" content="text/html;charset=utf-8" />
  <meta name='ocr-system' content='tesseract 3.04.00' />
  <meta name='ocr-capabilities' content='ocr_page ocr_carea ocr_par ocr_line ocrx_word'/>
</head>
<body>
  <div class='ocr_page' id='page_1' title='image "./factorumetdictor00valeuoft_0538.png"; bbox 0 0 1936 3120; ppageno 0'>
   <div class='ocr_carea' id='block_1_1' title="bbox 181 0 287 14">
    <p class='ocr_par' dir='ltr' id='par_1_1' title="bbox 181 0 287 14">
     <span class='ocr_line' id='line_1_1' title="bbox 181 0 287 14; baseline 0.019 -8"><span class='ocrx_word' id='word_1_1' title='bbox 181 0 261 14; x_wconf 37' lang='lat' dir='ltr'><strong>„sm-w-</strong></span> <span class='ocrx_word' id='word_1_2' title='bbox 273 0 287 8; x_wconf 63' lang='lat' dir='ltr'><strong>v«</strong></span> 
     </span>
    </p>
   </div>
   <div class='ocr_carea' id='block_1_2' title="bbox 449 0 1936 150">
    <p class='ocr_par' dir='ltr' id='par_1_2' title="bbox 449 0 1936 150">
     <span class='ocr_line' id='line_1_2' title="bbox 449 0 1936 150; baseline 0 0"><span class='ocrx_word' id='word_1_3' title='bbox 449 0 1936 150; x_wconf 95' lang='lat' dir='ltr'><strong>   </strong></span> 
     </span>
    </p>
   </div>
   <div class='ocr_carea' id='block_1_3' title="bbox 241 110 1803 198">
    <p class='ocr_par' dir='ltr' id='par_1_3' title="bbox 241 103 1803 198">
     <span class='ocr_line' id='line_1_3' title="bbox 241 110 1803 198; baseline -0.033 -4"><span class='ocrx_word' id='word_1_4' title='bbox 241 137 348 193; x_wconf 84' lang='lat'><strong>510</strong></span> <span class='ocrx_word' id='word_1_5' title='bbox 773 145 1063 192; x_wconf 80' lang='lat' dir='ltr'><strong>NEPOTIANI</strong></span> <span class='ocrx_word' id='word_1_6' title='bbox 1086 110 1327 198; x_wconf 59' lang='lat' dir='ltr'><strong>Epirum</strong></span> <span class='ocrx_word' id='word_1_7' title='bbox 1373 112 1381 135; x_wconf 73' lang='lat'>⁵</span> <span class='ocrx_word' id='word_1_8' title='bbox 1527 103 1658 151; x_wconf 40' lang='lat'><strong>²2³⁸.</strong></span> <span class='ocrx_word' id='word_1_9' title='bbox 1773 112 1803 127; x_wconf 56' lang='lat'>1</span> 
     </span>
    </p>
   </div>
   <div class='ocr_carea' id='block_1_4' title="bbox 28 257 1906 1589">
    <p class='ocr_par' dir='ltr' id='par_1_4' title="bbox 26 257 1847 324">
     <span class='ocr_line' id='line_1_4' title="bbox 64 257 1847 324; baseline 0.006 -21.77"><span class='ocrx_word' id='word_1_10' title='bbox 64 257 384 309; x_wconf 56' lang='lat' dir='ltr'><strong>&#39;v.1.n.n.dauit,</strong></span> <span class='ocrx_word' id='word_1_11' title='bbox 426 257 506 303; x_wconf 87' lang='lat' dir='ltr'><strong>sed</strong></span> <span class='ocrx_word' id='word_1_12' title='bbox 543 264 688 303; x_wconf 88' lang='lat' dir='ltr'><strong>morte</strong></span> <span class='ocrx_word' id='word_1_13' title='bbox 726 259 823 303; x_wconf 91' lang='lat' dir='ltr'><strong>eius</strong></span> <span class='ocrx_word' id='word_1_14' title='bbox 866 258 1103 304; x_wconf 85' lang='lat' dir='ltr'><strong>militarem</strong></span> <span class='ocrx_word' id='word_1_15' title='bbox 1149 262 1295 307; x_wconf 88' lang='lat' dir='ltr'><strong>tenuit</strong></span> <span class='ocrx_word' id='word_1_16' title='bbox 1337 261 1645 324; x_wconf 79' lang='lat' dir='ltr'><strong>disciplinam:</strong></span> <span class='ocrx_word' id='word_1_17' title='bbox 1697 269 1847 313; x_wconf 88' lang='lat' dir='ltr'><strong>securi</strong></span> 
     </span>
    </p>

    <p class='ocr_par' dir='ltr' id='par_1_5' title="bbox 25 324 1042 391">
     <span class='ocr_line' id='line_1_5' title="bbox 245 327 1042 388; baseline 0.002 -14.567"><span class='ocrx_word' id='word_1_18' title='bbox 245 330 363 374; x_wconf 90' lang='lat' dir='ltr'><strong>enim</strong></span> <span class='ocrx_word' id='word_1_19' title='bbox 391 334 461 373; x_wconf 89' lang='lat' dir='ltr'><strong>est</strong></span> <span class='ocrx_word' id='word_1_20' title='bbox 486 341 735 388; x_wconf 90' lang='lat' dir='ltr'><strong>percussus</strong></span> <span class='ocrx_word' id='word_1_21' title='bbox 762 327 1042 375; x_wconf 84' lang='lat' dir='ltr'><strong>adolescens.</strong></span> 
     </span>
    </p>

    <p class='ocr_par' dir='ltr' id='par_1_6' title="bbox 28 397 1874 466">
     <span class='ocr_line' id='line_1_6' title="bbox 28 397 1874 466; baseline 0.006 -24"><span class='ocrx_word' id='word_1_22' title='bbox 28 410 57 462; x_wconf 47' lang='lat'><strong>3..</strong></span> <span class='ocrx_word' id='word_1_23' title='bbox 129 413 167 461; x_wconf 72' lang='lat'><strong>7,</strong></span> <span class='ocrx_word' id='word_1_24' title='bbox 193 413 216 452; x_wconf 85' lang='lat'><strong>7</strong></span> <span class='ocrx_word' id='word_1_25' title='bbox 349 401 390 444; x_wconf 84' lang='lat'><strong>6.</strong></span> <span class='ocrx_word' id='word_1_26' title='bbox 427 398 476 443; x_wconf 93' lang='lat' dir='ltr'><strong>L.</strong></span> <span class='ocrx_word' id='word_1_27' title='bbox 503 397 727 444; x_wconf 87' lang='lat' dir='ltr'><strong>Minucius</strong></span> <span class='ocrx_word' id='word_1_28' title='bbox 754 399 913 444; x_wconf 88' lang='lat' dir='ltr'><strong>consul</strong></span> <span class='ocrx_word' id='word_1_29' title='bbox 950 401 1118 446; x_wconf 88' lang='lat' dir='ltr'><strong>missus</strong></span> <span class='ocrx_word' id='word_1_30' title='bbox 1157 408 1226 447; x_wconf 90' lang='lat' dir='ltr'><strong>est</strong></span> <span class='ocrx_word' id='word_1_31' title='bbox 1266 410 1421 449; x_wconf 85' lang='lat' dir='ltr'><strong>contra</strong></span> <span class='ocrx_word' id='word_1_32' title='bbox 1449 404 1631 466; x_wconf 85' lang='lat' dir='ltr'><strong>Aequos</strong></span> <span class='ocrx_word' id='word_1_33' title='bbox 1659 411 1706 452; x_wconf 90' lang='lat' dir='ltr'><strong>et</strong></span> <span class='ocrx_word' id='word_1_34' title='bbox 1729 407 1846 453; x_wconf 87' lang='lat' dir='ltr'><strong>Fali-</strong></span> <span class='ocrx_word' id='word_1_35' title='bbox 1871 462 1874 464; x_wconf 63' lang='lat'>‚</span> 
     </span>
    </p>

    <p class='ocr_par' dir='ltr' id='par_1_7' title="bbox 65 470 1888 727">
     <span class='ocr_line' id='line_1_7' title="bbox 65 470 1842 531; baseline 0.006 -18"><span class='ocrx_word' id='word_1_36' title='bbox 65 476 69 478; x_wconf 78' lang='grc'><strong>’</strong></span> <span class='ocrx_word' id='word_1_37' title='bbox 241 483 370 514; x_wconf 88' lang='lat' dir='ltr'><strong>scos:</strong></span> <span class='ocrx_word' id='word_1_38' title='bbox 412 482 605 528; x_wconf 88' lang='lat' dir='ltr'><strong>cumque</strong></span> <span class='ocrx_word' id='word_1_39' title='bbox 634 470 730 514; x_wconf 91' lang='lat' dir='ltr'><strong>eius</strong></span> <span class='ocrx_word' id='word_1_40' title='bbox 758 476 905 515; x_wconf 86' lang='lat' dir='ltr'><strong>castra</strong></span> <span class='ocrx_word' id='word_1_41' title='bbox 931 471 1190 531; x_wconf 88' lang='lat' dir='ltr'><strong>coepissent</strong></span> <span class='ocrx_word' id='word_1_42' title='bbox 1215 472 1269 518; x_wconf 93' lang='lat' dir='ltr'><strong>ab</strong></span> <span class='ocrx_word' id='word_1_43' title='bbox 1297 474 1506 520; x_wconf 75' lang='lat' dir='ltr'>hostibus</span> <span class='ocrx_word' id='word_1_44' title='bbox 1534 474 1758 528; x_wconf 83' lang='lat' dir='ltr'><strong>obsideri,</strong></span> <span class='ocrx_word' id='word_1_45' title='bbox 1793 479 1842 524; x_wconf 94' lang='lat' dir='ltr'><strong>L.</strong></span> 
     </span>
     <span class='ocr_line' id='line_1_8' title="bbox 239 539 1888 607; baseline 0.007 -24"><span class='ocrx_word' id='word_1_46' title='bbox 239 539 450 596; x_wconf 77' lang='lat' dir='ltr'><strong>Quintius</strong></span> <span class='ocrx_word' id='word_1_47' title='bbox 476 539 766 585; x_wconf 80' lang='lat' dir='ltr'><strong>Cincinnatus</strong></span> <span class='ocrx_word' id='word_1_48' title='bbox 802 541 848 585; x_wconf 92' lang='lat' dir='ltr'><strong>in</strong></span> <span class='ocrx_word' id='word_1_49' title='bbox 884 542 1096 587; x_wconf 82' lang='lat' dir='ltr'><strong>auxilium</strong></span> <span class='ocrx_word' id='word_1_50' title='bbox 1133 544 1299 589; x_wconf 91' lang='lat' dir='ltr'><strong>missus</strong></span> <span class='ocrx_word' id='word_1_51' title='bbox 1325 544 1482 591; x_wconf 91' lang='lat' dir='ltr'><strong>hostes</strong></span> <span class='ocrx_word' id='word_1_52' title='bbox 1508 545 1772 607; x_wconf 90' lang='lat' dir='ltr'><strong>subiugauit</strong></span> <span class='ocrx_word' id='word_1_53' title='bbox 1797 555 1842 594; x_wconf 88' lang='lat' dir='ltr'><strong>et</strong></span> <span class='ocrx_word' id='word_1_54' title='bbox 1864 563 1888 595; x_wconf 84' lang='lat'>5</span> 
     </span>
     <span class='ocr_line' id='line_1_9' title="bbox 241 610 1844 673; baseline 0.006 -19"><span class='ocrx_word' id='word_1_55' title='bbox 241 610 476 655; x_wconf 84' lang='lat' dir='ltr'><strong>consulem</strong></span> <span class='ocrx_word' id='word_1_56' title='bbox 496 611 775 670; x_wconf 43' lang='lat' dir='ltr'><strong>&lt;magistratu</strong></span> <span class='ocrx_word' id='word_1_57' title='bbox 800 611 1001 671; x_wconf 83' lang='lat' dir='ltr'><strong>depulit,</strong></span> <span class='ocrx_word' id='word_1_58' title='bbox 1045 613 1165 673; x_wconf 89' lang='lat' dir='ltr'><strong>quod</strong></span> <span class='ocrx_word' id='word_1_59' title='bbox 1192 616 1352 660; x_wconf 90' lang='lat' dir='ltr'><strong>castris</strong></span> <span class='ocrx_word' id='word_1_60' title='bbox 1379 629 1452 667; x_wconf 90' lang='lat' dir='ltr'><strong>se,</strong></span> <span class='ocrx_word' id='word_1_61' title='bbox 1489 629 1580 662; x_wconf 90' lang='lat' dir='ltr'><strong>non</strong></span> <span class='ocrx_word' id='word_1_62' title='bbox 1607 619 1743 664; x_wconf 91' lang='lat' dir='ltr'><strong>armis</strong></span> <span class='ocrx_word' id='word_1_63' title='bbox 1769 619 1844 665; x_wconf 90' lang='lat' dir='ltr'><strong>de·</strong></span> 
     </span>
     <span class='ocr_line' id='line_1_10' title="bbox 240 680 475 727; baseline -0.004 -2"><span class='ocrx_word' id='word_1_64' title='bbox 240 680 475 727; x_wconf 87' lang='lat' dir='ltr'><strong>sendisset.</strong></span> 
     </span>
    </p>

    <p class='ocr_par' dir='ltr' id='par_1_8' title="bbox 98 750 1840 885">
     <span class='ocr_line' id='line_1_11' title="bbox 98 750 1840 815; baseline 0.009 -25"><span class='ocrx_word' id='word_1_65' title='bbox 98 750 136 800; x_wconf 88' lang='grc'><strong>7,</strong></span> <span class='ocrx_word' id='word_1_66' title='bbox 164 751 216 790; x_wconf 75' lang='lat'><strong>12</strong></span> <span class='ocrx_word' id='word_1_67' title='bbox 346 755 384 797; x_wconf 88' lang='grc'><strong>7.</strong></span> <span class='ocrx_word' id='word_1_68' title='bbox 424 750 664 796; x_wconf 82' lang='lat' dir='ltr'><strong>Africanus</strong></span> <span class='ocrx_word' id='word_1_69' title='bbox 691 750 842 812; x_wconf 84' lang='lat' dir='ltr'><strong>Scipio</strong></span> <span class='ocrx_word' id='word_1_70' title='bbox 880 752 1055 798; x_wconf 85' lang='lat' dir='ltr'><strong>deuicta</strong></span> <span class='ocrx_word' id='word_1_71' title='bbox 1083 753 1351 815; x_wconf 81' lang='lat' dir='ltr'><strong>Carthagine</strong></span> <span class='ocrx_word' id='word_1_72' title='bbox 1385 756 1608 803; x_wconf 87' lang='lat' dir='ltr'><strong>Romanos</strong></span> <span class='ocrx_word' id='word_1_73' title='bbox 1646 758 1840 804; x_wconf 85' lang='lat' dir='ltr'><strong>transsu—</strong></span> 
     </span>
     <span class='ocr_line' id='line_1_12' title="bbox 238 819 1409 885; baseline 0.003 -18"><span class='ocrx_word' id='word_1_74' title='bbox 238 836 317 883; x_wconf 88' lang='lat' dir='ltr'><strong>gas</strong></span> <span class='ocrx_word' id='word_1_75' title='bbox 345 821 555 868; x_wconf 88' lang='lat' dir='ltr'><strong>crucibus</strong></span> <span class='ocrx_word' id='word_1_76' title='bbox 585 821 752 872; x_wconf 84' lang='lat' dir='ltr'><strong>adfixit,</strong></span> <span class='ocrx_word' id='word_1_77' title='bbox 779 822 963 868; x_wconf 89' lang='lat' dir='ltr'><strong>Latinos</strong></span> <span class='ocrx_word' id='word_1_78' title='bbox 992 826 1141 869; x_wconf 88' lang='lat' dir='ltr'><strong>securi</strong></span> <span class='ocrx_word' id='word_1_79' title='bbox 1168 819 1409 885; x_wconf 82' lang='lat' dir='ltr'><strong>percussit.</strong></span> 
     </span>
    </p>

    <p class='ocr_par' dir='ltr' id='par_1_9' title="bbox 97 892 1906 1024">
     <span class='ocr_line' id='line_1_13' title="bbox 97 892 1906 948; baseline 0.008 -17"><span class='ocrx_word' id='word_1_80' title='bbox 97 893 136 942; x_wconf 85' lang='lat'><strong>7,</strong></span> <span class='ocrx_word' id='word_1_81' title='bbox 162 893 214 933; x_wconf 82' lang='lat'><strong>13</strong></span> <span class='ocrx_word' id='word_1_82' title='bbox 340 895 384 938; x_wconf 88' lang='lat'><strong>8.</strong></span> <span class='ocrx_word' id='word_1_83' title='bbox 424 892 661 938; x_wconf 83' lang='lat' dir='ltr'><strong>Posterior</strong></span> <span class='ocrx_word' id='word_1_84' title='bbox 689 893 933 939; x_wconf 88' lang='lat' dir='ltr'><strong>Africanus</strong></span> <span class='ocrx_word' id='word_1_85' title='bbox 961 894 1219 941; x_wconf 82' lang='lat' dir='ltr'><strong>desertores</strong></span> <span class='ocrx_word' id='word_1_86' title='bbox 1255 896 1308 941; x_wconf 89' lang='lat' dir='ltr'><strong>de</strong></span> <span class='ocrx_word' id='word_1_87' title='bbox 1336 897 1513 943; x_wconf 78' lang='lat' dir='ltr'><strong>auxiliis</strong></span> <span class='ocrx_word' id='word_1_88' title='bbox 1540 900 1767 945; x_wconf 90' lang='lat' dir='ltr'><strong>sociorum</strong></span> <span class='ocrx_word' id='word_1_89' title='bbox 1795 901 1839 945; x_wconf 89' lang='lat' dir='ltr'><strong>in</strong></span> <span class='ocrx_word' id='word_1_90' title='bbox 1864 916 1906 948; x_wconf 87' lang='lat'><strong>10</strong></span> 
     </span>
     <span class='ocr_line' id='line_1_14' title="bbox 235 962 898 1024; baseline 0.002 -16"><span class='ocrx_word' id='word_1_91' title='bbox 235 963 497 1024; x_wconf 87' lang='lat' dir='ltr'><strong>spectaculo</strong></span> <span class='ocrx_word' id='word_1_92' title='bbox 526 963 686 1008; x_wconf 88' lang='lat' dir='ltr'><strong>bestiis</strong></span> <span class='ocrx_word' id='word_1_93' title='bbox 715 962 898 1010; x_wconf 89' lang='lat' dir='ltr'><strong>obiecit.</strong></span> 
     </span>
    </p>

    <p class='ocr_par' dir='ltr' id='par_1_10' title="bbox 94 1033 1842 1168">
     <span class='ocr_line' id='line_1_15' title="bbox 94 1033 1842 1096; baseline 0.008 -24"><span class='ocrx_word' id='word_1_94' title='bbox 94 1034 134 1084; x_wconf 85' lang='grc'><strong>7,</strong></span> <span class='ocrx_word' id='word_1_95' title='bbox 159 1033 210 1073; x_wconf 85' lang='grc'><strong>14</strong></span> <span class='ocrx_word' id='word_1_96' title='bbox 339 1036 380 1078; x_wconf 85' lang='grc'><strong>9.</strong></span> <span class='ocrx_word' id='word_1_97' title='bbox 421 1033 470 1081; x_wconf 92' lang='lat' dir='ltr'><strong>L.</strong></span> <span class='ocrx_word' id='word_1_98' title='bbox 504 1034 670 1080; x_wconf 84' lang='lat' dir='ltr'><strong>Paulus</strong></span> <span class='ocrx_word' id='word_1_99' title='bbox 707 1048 813 1085; x_wconf 90' lang='lat' dir='ltr'><strong>eos,</strong></span> <span class='ocrx_word' id='word_1_100' title='bbox 861 1036 937 1095; x_wconf 90' lang='lat' dir='ltr'><strong>qui</strong></span> <span class='ocrx_word' id='word_1_101' title='bbox 975 1042 1207 1096; x_wconf 82' lang='lat' dir='ltr'><strong>pugnante</strong></span> <span class='ocrx_word' id='word_1_102' title='bbox 1247 1050 1295 1082; x_wconf 92' lang='lat' dir='ltr'><strong>se</strong></span> <span class='ocrx_word' id='word_1_103' title='bbox 1329 1044 1486 1084; x_wconf 89' lang='lat' dir='ltr'><strong>contra</strong></span> <span class='ocrx_word' id='word_1_104' title='bbox 1512 1038 1678 1085; x_wconf 85' lang='lat' dir='ltr'><strong>Persen</strong></span> <span class='ocrx_word' id='word_1_105' title='bbox 1715 1040 1842 1087; x_wconf 90' lang='lat' dir='ltr'><strong>dese-</strong></span> 
     </span>
     <span class='ocr_line' id='line_1_16' title="bbox 233 1104 1741 1168; baseline 0.004 -18"><span class='ocrx_word' id='word_1_106' title='bbox 233 1111 444 1156; x_wconf 85' lang='lat' dir='ltr'><strong>ruerant,</strong></span> <span class='ocrx_word' id='word_1_107' title='bbox 473 1104 671 1150; x_wconf 89' lang='lat' dir='ltr'><strong>subdidit</strong></span> <span class='ocrx_word' id='word_1_108' title='bbox 697 1104 966 1164; x_wconf 86' lang='lat' dir='ltr'><strong>elephantis,</strong></span> <span class='ocrx_word' id='word_1_109' title='bbox 994 1114 1044 1151; x_wconf 88' lang='lat' dir='ltr'><strong>ut</strong></span> <span class='ocrx_word' id='word_1_110' title='bbox 1071 1121 1227 1152; x_wconf 89' lang='lat' dir='ltr'><strong>eorum</strong></span> <span class='ocrx_word' id='word_1_111' title='bbox 1254 1108 1444 1168; x_wconf 88' lang='lat' dir='ltr'><strong>pedibus</strong></span> <span class='ocrx_word' id='word_1_112' title='bbox 1471 1116 1741 1156; x_wconf 87' lang='lat' dir='ltr'><strong>tererentur.</strong></span> 
     </span>
    </p>

    <p class='ocr_par' dir='ltr' id='par_1_11' title="bbox 93 1175 1902 1589">
     <span class='ocr_line' id='line_1_17' title="bbox 93 1175 1840 1238; baseline 0.007 -24"><span class='ocrx_word' id='word_1_113' title='bbox 93 1175 131 1224; x_wconf 84' lang='lat'><strong>7,</strong></span> <span class='ocrx_word' id='word_1_114' title='bbox 159 1175 209 1215; x_wconf 85' lang='lat'><strong>15</strong></span> <span class='ocrx_word' id='word_1_115' title='bbox 340 1178 408 1221; x_wconf 89' lang='lat'><strong>10.</strong></span> <span class='ocrx_word' id='word_1_116' title='bbox 446 1176 535 1221; x_wconf 84' lang='lat' dir='ltr'><strong>Rex</strong></span> <span class='ocrx_word' id='word_1_117' title='bbox 556 1176 755 1236; x_wconf 85' lang='lat' dir='ltr'><strong>Pyrrhus</strong></span> <span class='ocrx_word' id='word_1_118' title='bbox 777 1190 874 1221; x_wconf 87' lang='lat' dir='ltr'><strong>cum</strong></span> <span class='ocrx_word' id='word_1_119' title='bbox 907 1176 1127 1236; x_wconf 89' lang='lat' dir='ltr'><strong>plurimos</strong></span> <span class='ocrx_word' id='word_1_120' title='bbox 1148 1192 1199 1223; x_wconf 86' lang='lat' dir='ltr'><strong>ex</strong></span> <span class='ocrx_word' id='word_1_121' title='bbox 1221 1179 1431 1224; x_wconf 88' lang='lat' dir='ltr'><strong>Romanis</strong></span> <span class='ocrx_word' id='word_1_122' title='bbox 1452 1179 1535 1225; x_wconf 92' lang='lat' dir='ltr'><strong>sub</strong></span> <span class='ocrx_word' id='word_1_123' title='bbox 1556 1181 1755 1238; x_wconf 55' lang='lat' dir='ltr'><strong>Tarento⁴</strong></span> <span class='ocrx_word' id='word_1_124' title='bbox 1770 1196 1840 1227; x_wconf 90' lang='lat' dir='ltr'><strong>ce·</strong></span> 
     </span>
     <span class='ocr_line' id='line_1_18' title="bbox 233 1246 1902 1310; baseline 0.004 -18"><span class='ocrx_word' id='word_1_125' title='bbox 233 1248 391 1306; x_wconf 90' lang='lat' dir='ltr'><strong>pisset,</strong></span> <span class='ocrx_word' id='word_1_126' title='bbox 423 1246 542 1292; x_wconf 87' lang='lat' dir='ltr'><strong>ultro</strong></span> <span class='ocrx_word' id='word_1_127' title='bbox 570 1248 761 1291; x_wconf 88' lang='lat' dir='ltr'><strong>remisit.</strong></span> <span class='ocrx_word' id='word_1_128' title='bbox 815 1253 999 1292; x_wconf 92' lang='lat' dir='ltr'><strong>senatus</strong></span> <span class='ocrx_word' id='word_1_129' title='bbox 1027 1248 1243 1300; x_wconf 88' lang='lat' dir='ltr'><strong>decreuit,</strong></span> <span class='ocrx_word' id='word_1_130' title='bbox 1272 1256 1323 1294; x_wconf 92' lang='lat' dir='ltr'><strong>ut</strong></span> <span class='ocrx_word' id='word_1_131' title='bbox 1349 1251 1425 1310; x_wconf 92' lang='lat' dir='ltr'><strong>qui</strong></span> <span class='ocrx_word' id='word_1_132' title='bbox 1453 1252 1630 1310; x_wconf 88' lang='lat' dir='ltr'><strong>equites</strong></span> <span class='ocrx_word' id='word_1_133' title='bbox 1657 1251 1838 1298; x_wconf 81' lang='lat' dir='ltr'><strong>fuerant</strong></span> <span class='ocrx_word' id='word_1_134' title='bbox 1861 1268 1902 1300; x_wconf 88' lang='lat'><strong>15</strong></span> 
     </span>
     <span class='ocr_line' id='line_1_19' title="bbox 231 1317 1839 1382; baseline 0.004 -20"><span class='ocrx_word' id='word_1_135' title='bbox 231 1317 411 1378; x_wconf 86' lang='lat' dir='ltr'><strong>pedites</strong></span> <span class='ocrx_word' id='word_1_136' title='bbox 438 1317 699 1368; x_wconf 80' lang='lat' dir='ltr'><strong>militarent,</strong></span> <span class='ocrx_word' id='word_1_137' title='bbox 730 1318 806 1377; x_wconf 91' lang='lat' dir='ltr'><strong>qui</strong></span> <span class='ocrx_word' id='word_1_138' title='bbox 834 1317 1009 1378; x_wconf 87' lang='lat' dir='ltr'><strong>pedites</strong></span> <span class='ocrx_word' id='word_1_139' title='bbox 1036 1318 1291 1364; x_wconf 83' lang='lat' dir='ltr'><strong>funditores</strong></span> <span class='ocrx_word' id='word_1_140' title='bbox 1318 1319 1494 1365; x_wconf 87' lang='lat' dir='ltr'><strong>fierent.</strong></span> <span class='ocrx_word' id='word_1_141' title='bbox 1553 1323 1741 1382; x_wconf 90' lang='lat' dir='ltr'><strong>insuper</strong></span> <span class='ocrx_word' id='word_1_142' title='bbox 1764 1323 1839 1368; x_wconf 86' lang='lat' dir='ltr'><strong>ad-</strong></span> 
     </span>
     <span class='ocr_line' id='line_1_20' title="bbox 233 1389 1837 1451; baseline 0.002 -18"><span class='ocrx_word' id='word_1_143' title='bbox 233 1389 400 1433; x_wconf 87' lang='lat' dir='ltr'><strong>iectum</strong></span> <span class='ocrx_word' id='word_1_144' title='bbox 428 1402 483 1434; x_wconf 89' lang='lat' dir='ltr'><strong>ne</strong></span> <span class='ocrx_word' id='word_1_145' title='bbox 512 1389 628 1432; x_wconf 89' lang='lat' dir='ltr'><strong>intra</strong></span> <span class='ocrx_word' id='word_1_146' title='bbox 657 1395 803 1432; x_wconf 87' lang='lat' dir='ltr'><strong>castra</strong></span> <span class='ocrx_word' id='word_1_147' title='bbox 831 1395 984 1433; x_wconf 88' lang='lat' dir='ltr'><strong>essent</strong></span> <span class='ocrx_word' id='word_1_148' title='bbox 1010 1402 1125 1434; x_wconf 89' lang='lat' dir='ltr'><strong>neue</strong></span> <span class='ocrx_word' id='word_1_149' title='bbox 1147 1389 1267 1434; x_wconf 90' lang='lat' dir='ltr'><strong>uallo</strong></span> <span class='ocrx_word' id='word_1_150' title='bbox 1288 1396 1540 1443; x_wconf 88' lang='lat' dir='ltr'><strong>uterentur,</strong></span> <span class='ocrx_word' id='word_1_151' title='bbox 1568 1405 1624 1436; x_wconf 89' lang='lat' dir='ltr'><strong>ne</strong></span> <span class='ocrx_word' id='word_1_152' title='bbox 1641 1391 1837 1451; x_wconf 89' lang='lat' dir='ltr'><strong>pellibus</strong></span> 
     </span>
     <span class='ocr_line' id='line_1_21' title="bbox 232 1457 1838 1522; baseline 0.003 -19"><span class='ocrx_word' id='word_1_153' title='bbox 232 1459 427 1504; x_wconf 86' lang='lat' dir='ltr'><strong>tentoria</strong></span> <span class='ocrx_word' id='word_1_154' title='bbox 466 1457 705 1503; x_wconf 89' lang='lat' dir='ltr'><strong>haberent:</strong></span> <span class='ocrx_word' id='word_1_155' title='bbox 755 1460 886 1517; x_wconf 87' lang='lat' dir='ltr'><strong>isque</strong></span> <span class='ocrx_word' id='word_1_156' title='bbox 931 1458 1060 1504; x_wconf 91' lang='lat' dir='ltr'><strong>miles</strong></span> <span class='ocrx_word' id='word_1_157' title='bbox 1099 1459 1152 1504; x_wconf 88' lang='lat' dir='ltr'><strong>ad</strong></span> <span class='ocrx_word' id='word_1_158' title='bbox 1190 1461 1384 1505; x_wconf 87' lang='lat' dir='ltr'><strong>tentoria</strong></span> <span class='ocrx_word' id='word_1_159' title='bbox 1431 1461 1622 1512; x_wconf 89' lang='lat' dir='ltr'><strong>rediret,</strong></span> <span class='ocrx_word' id='word_1_160' title='bbox 1673 1463 1750 1522; x_wconf 90' lang='lat' dir='ltr'><strong>qui</strong></span> <span class='ocrx_word' id='word_1_161' title='bbox 1787 1477 1838 1508; x_wconf 90' lang='lat' dir='ltr'><strong>ex</strong></span> 
     </span>
     <span class='ocr_line' id='line_1_22' title="bbox 232 1528 1836 1589; baseline 0.001 -15"><span class='ocrx_word' id='word_1_162' title='bbox 232 1529 364 1574; x_wconf 84' lang='lat' dir='ltr'><strong>hoste</strong></span> <span class='ocrx_word' id='word_1_163' title='bbox 392 1529 481 1574; x_wconf 89' lang='lat' dir='ltr'><strong>duo</strong></span> <span class='ocrx_word' id='word_1_164' title='bbox 510 1529 655 1589; x_wconf 89' lang='lat' dir='ltr'><strong>spolia</strong></span> <span class='ocrx_word' id='word_1_165' title='bbox 682 1528 931 1574; x_wconf 87' lang='lat' dir='ltr'><strong>retulisset.</strong></span> <span class='ocrx_word' id='word_1_166' title='bbox 1000 1530 1110 1575; x_wconf 80' lang='lat' dir='ltr'><strong>haec</strong></span> <span class='ocrx_word' id='word_1_167' title='bbox 1137 1543 1214 1575; x_wconf 90' lang='lat' dir='ltr'><strong>eos</strong></span> <span class='ocrx_word' id='word_1_168' title='bbox 1242 1544 1386 1589; x_wconf 86' lang='lat' dir='ltr'><strong>poena</strong></span> <span class='ocrx_word' id='word_1_169' title='bbox 1415 1530 1689 1577; x_wconf 80' lang='lat' dir='ltr'><strong>fortissimos</strong></span> <span class='ocrx_word' id='word_1_170' title='bbox 1717 1532 1836 1578; x_wconf 82' lang='lat' dir='ltr'><strong>fecit.</strong></span> 
     </span>
    </p>
   </div>
   <div class='ocr_carea' id='block_1_5' title="bbox 0 0 39 658">
    <p class='ocr_par' dir='ltr' id='par_1_12' title="bbox 0 0 39 658">
     <span class='ocr_line' id='line_1_23' title="bbox 0 0 39 370; baseline 0 0"><span class='ocrx_word' id='word_1_171' title='bbox 0 0 39 370; x_wconf 95' lang='lat' dir='ltr'><strong>  </strong></span> 
     </span>
     <span class='ocr_line' id='line_1_24' title="bbox 0 444 39 658; baseline 0 -197"><span class='ocrx_word' id='word_1_172' title='bbox 0 444 39 658; x_wconf 95' lang='lat' dir='ltr'><strong>  </strong></span> 
     </span>
    </p>
   </div>
   <div class='ocr_carea' id='block_1_6' title="bbox 0 737 19 757">
    <p class='ocr_par' dir='ltr' id='par_1_13' title="bbox 0 737 19 757">
     <span class='ocr_line' id='line_1_25' title="bbox 0 737 19 757; baseline 0 0"><span class='ocrx_word' id='word_1_173' title='bbox 0 737 19 757; x_wconf 59' lang='lat' dir='ltr'><strong>f*</strong></span> 
     </span>
    </p>
   </div>
   <div class='ocr_carea' id='block_1_7' title="bbox 0 1402 18 1733">
    <p class='ocr_par' dir='ltr' id='par_1_14' title="bbox 0 1402 5 1433">
     <span class='ocr_line' id='line_1_26' title="bbox 0 1402 5 1433; baseline 0 0"><span class='ocrx_word' id='word_1_174' title='bbox 0 1402 5 1433; x_wconf 66' lang='grc' dir='ltr'><em>ῑ</em></span> 
     </span>
    </p>

    <p class='ocr_par' dir='ltr' id='par_1_15' title="bbox 0 1451 18 1733">
     <span class='ocr_line' id='line_1_27' title="bbox 0 1451 12 1599; baseline 0 0"><span class='ocrx_word' id='word_1_175' title='bbox 0 1451 12 1599; x_wconf 63' lang='grc' dir='ltr'><strong>ὲ</strong></span> 
     </span>
     <span class='ocr_line' id='line_1_28' title="bbox 0 1654 10 1689; baseline 0 -7"><span class='ocrx_word' id='word_1_176' title='bbox 0 1654 10 1689; x_wconf 57' lang='grc' dir='ltr'><strong>,ι</strong></span> 
     </span>
     <span class='ocr_line' id='line_1_29' title="bbox 0 1703 18 1733; baseline 0 -16"><span class='ocrx_word' id='word_1_177' title='bbox 0 1703 18 1733; x_wconf 54' lang='grc' dir='ltr'><strong>1.Δ</strong></span> 
     </span>
    </p>
   </div>
   <div class='ocr_carea' id='block_1_8' title="bbox 52 1599 1901 1803">
    <p class='ocr_par' dir='ltr' id='par_1_16' title="bbox 52 1599 1901 1803">
     <span class='ocr_line' id='line_1_30' title="bbox 52 1599 1901 1663; baseline 0.004 -20"><span class='ocrx_word' id='word_1_178' title='bbox 52 1628 53 1631; x_wconf 56' lang='lat'><em>=</em></span> <span class='ocrx_word' id='word_1_179' title='bbox 92 1604 130 1654; x_wconf 87' lang='grc'><strong>7,</strong></span> <span class='ocrx_word' id='word_1_180' title='bbox 158 1606 209 1646; x_wconf 86' lang='lat'><strong>15</strong></span> <span class='ocrx_word' id='word_1_181' title='bbox 346 1602 411 1644; x_wconf 93' lang='grc'><strong>11.</strong></span> <span class='ocrx_word' id='word_1_182' title='bbox 452 1600 541 1645; x_wconf 89' lang='lat' dir='ltr'><strong>Eos</strong></span> <span class='ocrx_word' id='word_1_183' title='bbox 570 1599 646 1659; x_wconf 88' lang='lat' dir='ltr'><strong>qui</strong></span> <span class='ocrx_word' id='word_1_184' title='bbox 676 1600 888 1644; x_wconf 86' lang='lat' dir='ltr'><strong>cannensi</strong></span> <span class='ocrx_word' id='word_1_185' title='bbox 918 1599 1040 1645; x_wconf 88' lang='lat' dir='ltr'><strong>clade</strong></span> <span class='ocrx_word' id='word_1_186' title='bbox 1068 1600 1537 1647; x_wconf 80' lang='lat' dir='ltr'><strong>deseruerant&#39;socios</strong></span> <span class='ocrx_word' id='word_1_187' title='bbox 1565 1603 1688 1647; x_wconf 89' lang='lat' dir='ltr'><strong>omni</strong></span> <span class='ocrx_word' id='word_1_188' title='bbox 1707 1604 1836 1663; x_wconf 82' lang='lat' dir='ltr'><strong>igno·</strong></span> <span class='ocrx_word' id='word_1_189' title='bbox 1859 1619 1901 1652; x_wconf 81' lang='lat'><strong>20</strong></span> 
     </span>
     <span class='ocr_line' id='line_1_31' title="bbox 234 1669 918 1715; baseline -0.001 0"><span class='ocrx_word' id='word_1_190' title='bbox 234 1671 371 1715; x_wconf 89' lang='lat' dir='ltr'><strong>minia</strong></span> <span class='ocrx_word' id='word_1_191' title='bbox 399 1677 584 1715; x_wconf 91' lang='lat' dir='ltr'><strong>senatus</strong></span> <span class='ocrx_word' id='word_1_192' title='bbox 611 1669 740 1715; x_wconf 87' lang='lat' dir='ltr'><strong>adfici</strong></span> <span class='ocrx_word' id='word_1_193' title='bbox 767 1671 918 1715; x_wconf 90' lang='lat' dir='ltr'><strong>iussit.</strong></span> 
     </span>
     <span class='ocr_line' id='line_1_32' title="bbox 94 1740 1837 1803; baseline 0.001 -17"><span class='ocrx_word' id='word_1_194' title='bbox 94 1747 134 1798; x_wconf 83' lang='lat'><strong>7,</strong></span> <span class='ocrx_word' id='word_1_195' title='bbox 160 1747 212 1787; x_wconf 82' lang='lat'><strong>15</strong></span> <span class='ocrx_word' id='word_1_196' title='bbox 342 1743 409 1786; x_wconf 81' lang='lat'><strong>12.</strong></span> <span class='ocrx_word' id='word_1_197' title='bbox 450 1741 498 1798; x_wconf 83' lang='lat' dir='ltr'><strong>Q.</strong></span> <span class='ocrx_word' id='word_1_198' title='bbox 528 1740 716 1786; x_wconf 90' lang='lat' dir='ltr'><strong>Petilius</strong></span> <span class='ocrx_word' id='word_1_199' title='bbox 748 1755 871 1786; x_wconf 89' lang='lat' dir='ltr'><strong>cons.</strong></span> <span class='ocrx_word' id='word_1_200' title='bbox 912 1741 1133 1786; x_wconf 89' lang='lat' dir='ltr'><strong>aduersus</strong></span> <span class='ocrx_word' id='word_1_201' title='bbox 1159 1742 1350 1802; x_wconf 85' lang='lat' dir='ltr'><strong>Ligures</strong></span> <span class='ocrx_word' id='word_1_202' title='bbox 1387 1756 1596 1803; x_wconf 86' lang='lat' dir='ltr'><strong>pugnans</strong></span> <span class='ocrx_word' id='word_1_203' title='bbox 1633 1751 1837 1788; x_wconf 85' lang='lat' dir='ltr'><strong>cessante</strong></span> 
     </span>
    </p>
   </div>
   <div class='ocr_carea' id='block_1_9' title="bbox 227 1811 1894 2084">
    <p class='ocr_par' dir='ltr' id='par_1_17' title="bbox 227 1811 1894 2084">
     <span class='ocr_line' id='line_1_33' title="bbox 230 1811 1835 1874; baseline 0.001 -17"><span class='ocrx_word' id='word_1_204' title='bbox 230 1813 431 1858; x_wconf 82' lang='lat' dir='ltr'><strong>exercitu</strong></span> <span class='ocrx_word' id='word_1_205' title='bbox 458 1813 759 1872; x_wconf 86' lang='lat' dir='ltr'><strong>interemptus</strong></span> <span class='ocrx_word' id='word_1_206' title='bbox 788 1818 871 1857; x_wconf 87' lang='lat' dir='ltr'><strong>est.</strong></span> <span class='ocrx_word' id='word_1_207' title='bbox 928 1811 1131 1857; x_wconf 88' lang='lat' dir='ltr'><strong>decreuit</strong></span> <span class='ocrx_word' id='word_1_208' title='bbox 1171 1819 1355 1857; x_wconf 88' lang='lat' dir='ltr'><strong>senatus</strong></span> <span class='ocrx_word' id='word_1_209' title='bbox 1382 1819 1433 1858; x_wconf 91' lang='lat' dir='ltr'><strong>ut</strong></span> <span class='ocrx_word' id='word_1_210' title='bbox 1459 1813 1607 1873; x_wconf 85' lang='lat' dir='ltr'><strong>legio,</strong></span> <span class='ocrx_word' id='word_1_211' title='bbox 1645 1828 1760 1874; x_wconf 88' lang='lat' dir='ltr'><strong>quae</strong></span> <span class='ocrx_word' id='word_1_212' title='bbox 1788 1829 1835 1859; x_wconf 91' lang='lat' dir='ltr'><strong>se</strong></span> 
     </span>
     <span class='ocr_line' id='line_1_34' title="bbox 227 1882 1834 1944; baseline 0 -16"><span class='ocrx_word' id='word_1_213' title='bbox 227 1897 312 1943; x_wconf 87' lang='lat' dir='ltr'><strong>pro</strong></span> <span class='ocrx_word' id='word_1_214' title='bbox 339 1883 616 1943; x_wconf 85' lang='lat' dir='ltr'><strong>imperatore</strong></span> <span class='ocrx_word' id='word_1_215' title='bbox 643 1883 779 1928; x_wconf 88' lang='lat' dir='ltr'><strong>morti</strong></span> <span class='ocrx_word' id='word_1_216' title='bbox 806 1896 898 1927; x_wconf 91' lang='lat' dir='ltr'><strong>non</strong></span> <span class='ocrx_word' id='word_1_217' title='bbox 928 1882 1196 1933; x_wconf 89' lang='lat' dir='ltr'><strong>obiecisset,</strong></span> <span class='ocrx_word' id='word_1_218' title='bbox 1224 1897 1429 1928; x_wconf 88' lang='lat' dir='ltr'><strong>annonae</strong></span> <span class='ocrx_word' id='word_1_219' title='bbox 1458 1884 1684 1944; x_wconf 89' lang='lat' dir='ltr'><strong>stipendio</strong></span> <span class='ocrx_word' id='word_1_220' title='bbox 1713 1898 1834 1930; x_wconf 85' lang='lat' dir='ltr'><strong>care·</strong></span> 
     </span>
     <span class='ocr_line' id='line_1_35' title="bbox 227 1953 1894 2019; baseline 0.002 -21"><span class='ocrx_word' id='word_1_221' title='bbox 227 1959 310 2004; x_wconf 87' lang='lat' dir='ltr'><strong>ret,</strong></span> <span class='ocrx_word' id='word_1_222' title='bbox 338 1967 412 1999; x_wconf 87' lang='lat' dir='ltr'><strong>aes</strong></span> <span class='ocrx_word' id='word_1_223' title='bbox 442 1954 626 1999; x_wconf 88' lang='lat' dir='ltr'><strong>solitum</strong></span> <span class='ocrx_word' id='word_1_224' title='bbox 653 1967 743 1998; x_wconf 91' lang='lat' dir='ltr'><strong>non</strong></span> <span class='ocrx_word' id='word_1_225' title='bbox 772 1954 1021 2012; x_wconf 86' lang='lat' dir='ltr'><strong>acciperet,</strong></span> <span class='ocrx_word' id='word_1_226' title='bbox 1051 1961 1100 1998; x_wconf 91' lang='lat' dir='ltr'><strong>ut</strong></span> <span class='ocrx_word' id='word_1_227' title='bbox 1127 1953 1374 2013; x_wconf 84' lang='lat' dir='ltr'><strong>ignominia</strong></span> <span class='ocrx_word' id='word_1_228' title='bbox 1395 1954 1596 2000; x_wconf 83' lang='lat' dir='ltr'><strong>adfectos</strong></span> <span class='ocrx_word' id='word_1_229' title='bbox 1618 1962 1828 2019; x_wconf 77' lang='lat' dir='ltr'><strong>seruatae</strong></span> <span class='ocrx_word' id='word_1_230' title='bbox 1852 1971 1894 2003; x_wconf 80' lang='lat'><strong>25</strong></span> 
     </span>
     <span class='ocr_line' id='line_1_36' title="bbox 228 2024 835 2084; baseline 0 -16"><span class='ocrx_word' id='word_1_231' title='bbox 228 2024 468 2070; x_wconf 85' lang='lat' dir='ltr'><strong>inhoneste</strong></span> <span class='ocrx_word' id='word_1_232' title='bbox 497 2026 618 2069; x_wconf 88' lang='lat' dir='ltr'><strong>uitae</strong></span> <span class='ocrx_word' id='word_1_233' title='bbox 646 2024 835 2084; x_wconf 82' lang='lat' dir='ltr'><strong>pigeret.</strong></span> 
     </span>
    </p>
   </div>
   <div class='ocr_carea' id='block_1_10' title="bbox 55 2093 1890 2564">
    <p class='ocr_par' dir='ltr' id='par_1_18' title="bbox 58 2093 1830 2224">
     <span class='ocr_line' id='line_1_37' title="bbox 58 2093 1830 2155; baseline 0.003 -21"><span class='ocrx_word' id='word_1_234' title='bbox 58 2095 166 2146; x_wconf 85' lang='grc' dir='ltr'><strong>7,Ε.</strong></span> <span class='ocrx_word' id='word_1_235' title='bbox 185 2098 205 2135; x_wconf 90' lang='grc'><strong>1</strong></span> <span class='ocrx_word' id='word_1_236' title='bbox 338 2097 403 2139; x_wconf 84' lang='grc'><strong>13.</strong></span> <span class='ocrx_word' id='word_1_237' title='bbox 442 2095 572 2155; x_wconf 90' lang='lat' dir='ltr'><strong>Apud</strong></span> <span class='ocrx_word' id='word_1_238' title='bbox 599 2095 976 2154; x_wconf 87' lang='lat' dir='ltr'><strong>Carthaginenses</strong></span> <span class='ocrx_word' id='word_1_239' title='bbox 1005 2095 1264 2154; x_wconf 89' lang='lat' dir='ltr'><strong>imperator,</strong></span> <span class='ocrx_word' id='word_1_240' title='bbox 1293 2096 1330 2139; x_wconf 92' lang='lat' dir='ltr'><strong>si</strong></span> <span class='ocrx_word' id='word_1_241' title='bbox 1357 2093 1474 2140; x_wconf 85' lang='lat' dir='ltr'><strong>malo</strong></span> <span class='ocrx_word' id='word_1_242' title='bbox 1503 2109 1612 2140; x_wconf 90' lang='lat' dir='ltr'><strong>usus</strong></span> <span class='ocrx_word' id='word_1_243' title='bbox 1640 2095 1830 2141; x_wconf 86' lang='lat' dir='ltr'><strong>consilio</strong></span> 
     </span>
     <span class='ocr_line' id='line_1_38' title="bbox 229 2163 1447 2224; baseline -0.001 -14"><span class='ocrx_word' id='word_1_244' title='bbox 229 2165 391 2210; x_wconf 78' lang='lat' dir='ltr'><strong>suisset</strong></span> <span class='ocrx_word' id='word_1_245' title='bbox 420 2166 464 2210; x_wconf 86' lang='lat' dir='ltr'><strong>in</strong></span> <span class='ocrx_word' id='word_1_246' title='bbox 490 2165 626 2215; x_wconf 88' lang='lat' dir='ltr'><strong>bello,</strong></span> <span class='ocrx_word' id='word_1_247' title='bbox 654 2166 859 2224; x_wconf 84' lang='lat' dir='ltr'><strong>quamuis</strong></span> <span class='ocrx_word' id='word_1_248' title='bbox 885 2166 1036 2209; x_wconf 81' lang='lat' dir='ltr'><strong>uictor</strong></span> <span class='ocrx_word' id='word_1_249' title='bbox 1062 2165 1181 2209; x_wconf 86' lang='lat' dir='ltr'><strong>cruci</strong></span> <span class='ocrx_word' id='word_1_250' title='bbox 1211 2163 1447 2223; x_wconf 83' lang='lat' dir='ltr'><strong>figebatur.</strong></span> 
     </span>
    </p>

    <p class='ocr_par' dir='ltr' id='par_1_19' title="bbox 56 2234 1890 2366">
     <span class='ocr_line' id='line_1_39' title="bbox 56 2234 1828 2296; baseline 0.001 -17"><span class='ocrx_word' id='word_1_251' title='bbox 56 2239 96 2287; x_wconf 87' lang='grc'><strong>7,</strong></span> <span class='ocrx_word' id='word_1_252' title='bbox 115 2238 206 2280; x_wconf 76' lang='grc' dir='ltr'><strong>Ε.’2</strong></span> <span class='ocrx_word' id='word_1_253' title='bbox 337 2238 403 2279; x_wconf 85' lang='grc'><strong>14.</strong></span> <span class='ocrx_word' id='word_1_254' title='bbox 444 2235 685 2280; x_wconf 90' lang='lat' dir='ltr'><strong>Clearchus</strong></span> <span class='ocrx_word' id='word_1_255' title='bbox 713 2235 800 2279; x_wconf 81' lang='lat' dir='ltr'><strong>dux</strong></span> <span class='ocrx_word' id='word_1_256' title='bbox 825 2234 1282 2279; x_wconf 87' lang='lat' dir='ltr'><strong>Lacedaemoniorum</strong></span> <span class='ocrx_word' id='word_1_257' title='bbox 1309 2234 1483 2280; x_wconf 85' lang='lat' dir='ltr'><strong>dicebat</strong></span> <span class='ocrx_word' id='word_1_258' title='bbox 1510 2250 1533 2279; x_wconf 86' lang='lat' dir='ltr'><strong>a</strong></span> <span class='ocrx_word' id='word_1_259' title='bbox 1560 2235 1702 2281; x_wconf 88' lang='lat' dir='ltr'><strong>milite</strong></span> <span class='ocrx_word' id='word_1_260' title='bbox 1727 2235 1828 2296; x_wconf 89' lang='lat' dir='ltr'><strong>plus</strong></span> 
     </span>
     <span class='ocr_line' id='line_1_40' title="bbox 225 2305 1890 2366; baseline -0.002 -15"><span class='ocrx_word' id='word_1_261' title='bbox 225 2307 546 2366; x_wconf 87' lang='lat' dir='ltr'><strong>imperatorem</strong></span> <span class='ocrx_word' id='word_1_262' title='bbox 575 2306 723 2350; x_wconf 87' lang='lat' dir='ltr'><strong>timeri</strong></span> <span class='ocrx_word' id='word_1_263' title='bbox 752 2319 884 2364; x_wconf 86' lang='lat' dir='ltr'><strong>quam</strong></span> <span class='ocrx_word' id='word_1_264' title='bbox 912 2305 1090 2350; x_wconf 90' lang='lat' dir='ltr'><strong>hostem</strong></span> <span class='ocrx_word' id='word_1_265' title='bbox 1118 2305 1295 2349; x_wconf 89' lang='lat' dir='ltr'><strong>debere.</strong></span> <span class='ocrx_word' id='word_1_266' title='bbox 1848 2323 1890 2354; x_wconf 77' lang='lat'><strong>30</strong></span> 
     </span>
    </p>

    <p class='ocr_par' dir='ltr' id='par_1_20' title="bbox 55 2375 1829 2564">
     <span class='ocr_line' id='line_1_41' title="bbox 55 2375 1829 2435; baseline 0.001 -15"><span class='ocrx_word' id='word_1_267' title='bbox 55 2381 96 2430; x_wconf 87' lang='grc'><strong>7,</strong></span> <span class='ocrx_word' id='word_1_268' title='bbox 112 2379 204 2420; x_wconf 82' lang='lat' dir='ltr'><strong>E.2</strong></span> <span class='ocrx_word' id='word_1_269' title='bbox 334 2379 402 2420; x_wconf 85' lang='grc'><strong>15.</strong></span> <span class='ocrx_word' id='word_1_270' title='bbox 441 2376 898 2422; x_wconf 86' lang='lat' dir='ltr'><strong>Lacedaemoniorum</strong></span> <span class='ocrx_word' id='word_1_271' title='bbox 948 2383 1115 2421; x_wconf 86' lang='lat' dir='ltr'><strong>matres</strong></span> <span class='ocrx_word' id='word_1_272' title='bbox 1166 2375 1519 2435; x_wconf 85' lang='lat' dir='ltr'><strong>procedentibus</strong></span> <span class='ocrx_word' id='word_1_273' title='bbox 1569 2377 1615 2421; x_wconf 89' lang='lat' dir='ltr'><strong>in</strong></span> <span class='ocrx_word' id='word_1_274' title='bbox 1662 2376 1829 2422; x_wconf 90' lang='lat' dir='ltr'><strong>bellum</strong></span> 
     </span>
     <span class='ocr_line' id='line_1_42' title="bbox 230 2446 1829 2498; baseline 0 -6"><span class='ocrx_word' id='word_1_275' title='bbox 230 2446 334 2492; x_wconf 85' lang='lat' dir='ltr'><strong>filiis</strong></span> <span class='ocrx_word' id='word_1_276' title='bbox 361 2447 582 2498; x_wconf 84' lang='lat' dir='ltr'><strong>dicebant,</strong></span> <span class='ocrx_word' id='word_1_277' title='bbox 611 2454 661 2492; x_wconf 91' lang='lat' dir='ltr'><strong>ut</strong></span> <span class='ocrx_word' id='word_1_278' title='bbox 688 2454 765 2492; x_wconf 91' lang='lat' dir='ltr'><strong>aut</strong></span> <span class='ocrx_word' id='word_1_279' title='bbox 792 2446 992 2492; x_wconf 87' lang='lat' dir='ltr'><strong>uictores</strong></span> <span class='ocrx_word' id='word_1_280' title='bbox 1019 2446 1218 2491; x_wconf 88' lang='lat' dir='ltr'><strong>redirent</strong></span> <span class='ocrx_word' id='word_1_281' title='bbox 1245 2454 1322 2491; x_wconf 89' lang='lat' dir='ltr'><strong>aut</strong></span> <span class='ocrx_word' id='word_1_282' title='bbox 1350 2447 1487 2492; x_wconf 88' lang='lat' dir='ltr'><strong>occisi</strong></span> <span class='ocrx_word' id='word_1_283' title='bbox 1515 2447 1565 2491; x_wconf 85' lang='lat' dir='ltr'><strong>in</strong></span> <span class='ocrx_word' id='word_1_284' title='bbox 1593 2449 1734 2492; x_wconf 91' lang='lat' dir='ltr'><strong>scutis</strong></span> <span class='ocrx_word' id='word_1_285' title='bbox 1759 2461 1829 2492; x_wconf 89' lang='lat' dir='ltr'><strong>re-</strong></span> 
     </span>
     <span class='ocr_line' id='line_1_43' title="bbox 225 2518 467 2564; baseline 0.004 -2"><span class='ocrx_word' id='word_1_286' title='bbox 225 2518 467 2564; x_wconf 81' lang='lat' dir='ltr'><strong>ferrentur.</strong></span> 
     </span>
    </p>
   </div>
   <div class='ocr_carea' id='block_1_11' title="bbox 223 2639 1823 2919">
    <p class='ocr_par' dir='ltr' id='par_1_21' title="bbox 223 2639 1823 2919">
     <span class='ocr_line' id='line_1_44' title="bbox 336 2639 1823 2692; baseline -0.001 -11"><span class='ocrx_word' id='word_1_287' title='bbox 336 2645 361 2682; x_wconf 86' lang='lat'><strong>3</strong></span> <span class='ocrx_word' id='word_1_288' title='bbox 392 2642 442 2683; x_wconf 91' lang='lat' dir='ltr'><strong>L.</strong></span> <span class='ocrx_word' id='word_1_289' title='bbox 465 2641 681 2681; x_wconf 86' lang='lat' dir='ltr'><strong>mininius</strong></span> <span class='ocrx_word' id='word_1_290' title='bbox 705 2641 739 2681; x_wconf 86' lang='lat' dir='ltr'><strong>C</strong></span> <span class='ocrx_word' id='word_1_291' title='bbox 795 2642 820 2681; x_wconf 84' lang='lat'>5</span> <span class='ocrx_word' id='word_1_292' title='bbox 851 2641 1035 2692; x_wconf 80' lang='lat' dir='ltr'><strong>quintus</strong></span> <span class='ocrx_word' id='word_1_293' title='bbox 1059 2641 1319 2680; x_wconf 79' lang='lat' dir='ltr'><strong>cincinatus</strong></span> <span class='ocrx_word' id='word_1_294' title='bbox 1344 2639 1376 2680; x_wconf 82' lang='lat'><em>0</em></span> <span class='ocrx_word' id='word_1_295' title='bbox 1451 2642 1476 2680; x_wconf 89' lang='lat'>9</span> <span class='ocrx_word' id='word_1_296' title='bbox 1500 2641 1661 2680; x_wconf 81' lang='lat' dir='ltr'><strong>afrixit</strong></span> <span class='ocrx_word' id='word_1_297' title='bbox 1683 2640 1717 2681; x_wconf 84' lang='lat' dir='ltr'><strong>C</strong></span> <span class='ocrx_word' id='word_1_298' title='bbox 1773 2641 1823 2679; x_wconf 79' lang='lat'><strong>12</strong></span> 
     </span>
     <span class='ocr_line' id='line_1_45' title="bbox 224 2693 1823 2751; baseline -0.002 -13"><span class='ocrx_word' id='word_1_299' title='bbox 224 2702 506 2751; x_wconf 82' lang='lat' dir='ltr'><strong>pugnantem</strong></span> <span class='ocrx_word' id='word_1_300' title='bbox 528 2697 623 2738; x_wconf 85' lang='lat' dir='ltr'><strong>Mai</strong></span> <span class='ocrx_word' id='word_1_301' title='bbox 682 2698 735 2737; x_wconf 84' lang='lat'><strong>14</strong></span> <span class='ocrx_word' id='word_1_302' title='bbox 754 2709 917 2749; x_wconf 85' lang='lat' dir='ltr'><strong>purrus</strong></span> <span class='ocrx_word' id='word_1_303' title='bbox 942 2697 975 2737; x_wconf 86' lang='lat' dir='ltr'><strong>C</strong></span> <span class='ocrx_word' id='word_1_304' title='bbox 1032 2698 1083 2736; x_wconf 87' lang='grc'><strong>17</strong></span> <span class='ocrx_word' id='word_1_305' title='bbox 1105 2709 1219 2743; x_wconf 84' lang='lat' dir='ltr'><strong>neue</strong></span> <span class='ocrx_word' id='word_1_306' title='bbox 1242 2696 1319 2736; x_wconf 88' lang='lat' dir='ltr'><strong>uel</strong></span> <span class='ocrx_word' id='word_1_307' title='bbox 1339 2696 1467 2736; x_wconf 87' lang='lat' dir='ltr'><strong>uallo</strong></span> <span class='ocrx_word' id='word_1_308' title='bbox 1490 2697 1523 2737; x_wconf 89' lang='lat' dir='ltr'><strong>C</strong></span> <span class='ocrx_word' id='word_1_309' title='bbox 1541 2693 1561 2750; x_wconf 77' lang='grc' dir='ltr'><strong>[Ι</strong></span> <span class='ocrx_word' id='word_1_310' title='bbox 1576 2698 1683 2748; x_wconf 80' lang='lat' dir='ltr'><strong>fort.</strong></span> <span class='ocrx_word' id='word_1_311' title='bbox 1706 2709 1823 2736; x_wconf 86' lang='lat' dir='ltr'><strong>neue</strong></span> 
     </span>
     <span class='ocr_line' id='line_1_46' title="bbox 224 2751 1821 2806; baseline -0.002 -12"><span class='ocrx_word' id='word_1_312' title='bbox 224 2768 247 2794; x_wconf 80' lang='lat' dir='ltr'><strong>e</strong></span> <span class='ocrx_word' id='word_1_313' title='bbox 269 2754 468 2806; x_wconf 87' lang='lat' dir='ltr'><strong>pellibus</strong></span> <span class='ocrx_word' id='word_1_314' title='bbox 538 2754 589 2794; x_wconf 87' lang='lat'><strong>18</strong></span> <span class='ocrx_word' id='word_1_315' title='bbox 610 2753 812 2794; x_wconf 79' lang='lat' dir='ltr'><strong>redirent</strong></span> <span class='ocrx_word' id='word_1_316' title='bbox 834 2753 911 2804; x_wconf 92' lang='lat' dir='ltr'><strong>qui</strong></span> <span class='ocrx_word' id='word_1_317' title='bbox 933 2753 980 2792; x_wconf 89' lang='lat' dir='ltr'><strong>in</strong></span> <span class='ocrx_word' id='word_1_318' title='bbox 1002 2753 1132 2793; x_wconf 83' lang='lat' dir='ltr'><strong>hoste</strong></span> <span class='ocrx_word' id='word_1_319' title='bbox 1155 2752 1188 2792; x_wconf 85' lang='lat' dir='ltr'><strong>C</strong></span> <span class='ocrx_word' id='word_1_320' title='bbox 1227 2755 1278 2792; x_wconf 79' lang='lat'><strong>21</strong></span> <span class='ocrx_word' id='word_1_321' title='bbox 1303 2752 1430 2792; x_wconf 87' lang='lat' dir='ltr'><strong>affixi</strong></span> <span class='ocrx_word' id='word_1_322' title='bbox 1454 2752 1487 2793; x_wconf 83' lang='lat'><em>0</em></span> <span class='ocrx_word' id='word_1_323' title='bbox 1561 2755 1615 2793; x_wconf 83' lang='lat'><strong>27</strong></span> <span class='ocrx_word' id='word_1_324' title='bbox 1635 2751 1753 2792; x_wconf 85' lang='lat' dir='ltr'><strong>male</strong></span> <span class='ocrx_word' id='word_1_325' title='bbox 1777 2751 1821 2798; x_wconf 86' lang='lat' dir='ltr'><strong>C,</strong></span> 
     </span>
     <span class='ocr_line' id='line_1_47' title="bbox 223 2809 1822 2862; baseline -0.003 -12"><span class='ocrx_word' id='word_1_326' title='bbox 223 2824 296 2850; x_wconf 83' lang='lat' dir='ltr'><strong>em.</strong></span> <span class='ocrx_word' id='word_1_327' title='bbox 320 2811 604 2851; x_wconf 78' lang='lat' dir='ltr'><strong>Kellerbauer</strong></span> <span class='ocrx_word' id='word_1_328' title='bbox 681 2811 735 2850; x_wconf 76' lang='lat'><strong>28</strong></span> <span class='ocrx_word' id='word_1_329' title='bbox 778 2822 912 2862; x_wconf 82' lang='lat' dir='ltr'><strong>quam</strong></span> <span class='ocrx_word' id='word_1_330' title='bbox 933 2810 1083 2849; x_wconf 82' lang='lat' dir='ltr'><strong>uictor</strong></span> <span class='ocrx_word' id='word_1_331' title='bbox 1107 2809 1157 2854; x_wconf 83' lang='lat' dir='ltr'><strong>C,</strong></span> <span class='ocrx_word' id='word_1_332' title='bbox 1182 2823 1254 2849; x_wconf 85' lang='lat' dir='ltr'><strong>em.</strong></span> <span class='ocrx_word' id='word_1_333' title='bbox 1279 2809 1394 2859; x_wconf 84' lang='lat' dir='ltr'><strong>Mai,</strong></span> <span class='ocrx_word' id='word_1_334' title='bbox 1427 2811 1509 2850; x_wconf 79' lang='lat' dir='ltr'><strong>nisi</strong></span> <span class='ocrx_word' id='word_1_335' title='bbox 1528 2810 1646 2849; x_wconf 66' lang='lat' dir='ltr'><strong>malis,=</strong></span> <span class='ocrx_word' id='word_1_336' title='bbox 1667 2819 1822 2860; x_wconf 85' lang='lat' dir='ltr'><strong>quam-</strong></span> 
     </span>
     <span class='ocr_line' id='line_1_48' title="bbox 223 2867 776 2919; baseline 0 -13"><span class='ocrx_word' id='word_1_337' title='bbox 223 2879 356 2919; x_wconf 85' lang='lat' dir='ltr'><strong>quam</strong></span> <span class='ocrx_word' id='word_1_338' title='bbox 379 2880 421 2906; x_wconf 92' lang='lat' dir='ltr'><strong>u.</strong></span> <span class='ocrx_word' id='word_1_339' title='bbox 482 2869 534 2908; x_wconf 78' lang='lat'><strong>32</strong></span> <span class='ocrx_word' id='word_1_340' title='bbox 556 2868 603 2905; x_wconf 91' lang='lat' dir='ltr'><strong>in</strong></span> <span class='ocrx_word' id='word_1_341' title='bbox 625 2867 776 2906; x_wconf 80' lang='lat' dir='ltr'><strong>addidi</strong></span> 
     </span>
    </p>
   </div>
  </div>
 </body>
</html>
