1936 3120
1601 83 1731 106 ..H-<⁴3³¹
1746 91 1750 93 μ

1683 106 1736 121 -J

255 137 365 190 480
622 180 626 184 .
798 137 803 142 ·
931 143 1033 201 Lm.
1071 141 1196 188 vnn.

262 249 451 315 traxit,
481 248 635 314 alter,
666 248 771 299 nisi
790 247 1019 318 Nepotis
1048 267 1080 300 a
1101 249 1341 302 moribus
1363 251 1683 320 accepisset,
1709 250 1866 303 Pam-

261 318 399 399 phili
427 319 728 385 tertiarum,
770 319 856 369 cui
884 318 1190 372 simillimus
1220 338 1338 373 esse
1363 319 1662 388 ferebatur,
1697 320 1867 373 habu-

262 397 414 440 isset.
652 408 655 412 ·

368 459 419 510 5.
461 458 537 510 At
563 458 637 510 M.
666 457 925 510 Messalla
960 458 1261 512 consularis
1301 467 1356 512 et
1382 460 1660 512 censorius
1685 459 1868 512 Meno-

221 549 240 581 5
264 529 418 597 genis
448 527 718 599 Curioque
747 529 997 582 omnibus
1025 529 1320 583 honoribus
1347 529 1632 583 abundans
1658 529 1869 583 Burbu·

263 598 335 650 lei
348 638 362 664 7
406 596 496 650 ille
539 606 764 668 propter
804 599 911 651 oris
951 608 1258 669 aspectum,
1305 599 1392 652 hic
1429 607 1651 670 propter
1684 618 1871 670 parem

263 669 507 749 corporis
534 677 739 721 motum
754 710 767 736 7
804 679 1030 739 uterque
1059 670 1295 722 scaenici
1321 688 1517 723 nomen
1543 678 1759 722 coactus
1788 676 1872 722 est

265 757 524 809 recipere.

374 808 609 862 Abunde
645 809 754 861 sint
770 808 904 861 haec
934 808 999 860 de
1030 809 1358 876 domesticis7
1387 810 1641 880 quoniam
1671 817 1725 862 et
1753 828 1871 879 per-

203 901 245 933 10
269 880 415 932 sonis
452 886 580 931 sunt
615 878 952 931 excellentia
986 887 1038 932 et
1080 899 1189 933 non
1238 880 1471 932 obscura
1507 880 1701 932 not-itia
1739 878 1873 932 cele-

238 950 512 1003 *branturn

374 1024 494 1072 Ext.
519 1021 565 1070 1.
609 1019 746 1088 Regi
769 1019 1041 1072 Antiocho
1069 1039 1207 1072 unus
1236 1038 1306 1072 ex
1332 1019 1651 1091 aequalibus
1679 1028 1732 1072 et
1756 1020 1873 1089 ipse

265 1090 449 1158 regiae
477 1089 664 1159 stirpis
691 1091 907 1142 nomine
936 1092 1161 1153 ArtemQ
1187 1087 1448 1161 perquam
1476 1090 1667 1142 similis
1704 1089 1875 1142 fuisse

266 1160 521 1217 traditur.
573 1178 730 1230 quem
768 1159 1033 1226 Laodice,
1081 1180 1218 1213 uxor
1255 1159 1540 1227 Antiochi,
1587 1160 1873 1213 interfecto

206 1249 246 1281 15
269 1231 386 1282 uiro
427 1229 808 1281 dissimulandi
845 1229 1062 1282 sceleris
1103 1232 1283 1300 gratia
1322 1231 1380 1282 in
1416 1229 1614 1284 lectulo
1652 1230 1875 1300 perinde

268 1300 423 1371 quasi
451 1301 630 1370 ipsum
663 1318 846 1368 regem
883 1319 1104 1370 aegrum
1133 1300 1440 1354 conlocauit
1466 1301 1873 1371 admissumque

266 1371 583 1422 uniuersum
618 1369 878 1440 populum
914 1380 968 1422 et
1005 1390 1251 1423 sermone
1287 1371 1398 1423 eius
1436 1378 1489 1422 et
1513 1370 1667 1422 uultu
1702 1370 1875 1422 consi-

267 1441 385 1492 mili
427 1439 651 1506 fefellit,
706 1439 1158 1511 credideruntque
1202 1441 1444 1493 homines
1492 1441 1560 1493 ab
1607 1440 1875 1492 Antiocho

267 1507 531 1563 moriente
557 1509 835 1562 Laodicen
862 1518 916 1561 et
941 1518 1097 1562 natos
1127 1511 1241 1562 eius
1271 1511 1376 1563 sibi
1402 1509 1770 1564 conmendari.

205 1600 246 1632 20
374 1581 425 1631 2.
470 1579 739 1650 Hybrean
783 1589 966 1632 autem
1001 1580 1371 1651 Mylasenum,
1417 1580 1669 1650 copiosae
1715 1588 1878 1648 atque

272 1651 577 1703 concitatae
623 1649 914 1703 facundiae
966 1659 1259 1717 oratorem,
1313 1650 1677 1721 Cymaeorum
1722 1668 1876 1702 seruo

273 1721 592 1789 strigmenta
618 1720 889 1789 gymnasii
909 1720 1185 1789 colligenti
1205 1728 1417 1774 tantum
1437 1740 1546 1774 non
1565 1738 1880 1790 germanum

270 1790 500 1843 fratrem
526 1790 690 1843 totius
720 1792 888 1842 Asiae
916 1790 1057 1843 oculi
1084 1792 1467 1861 adsignarunt:
1498 1791 1575 1843 ita
1601 1790 1878 1842 liniamen-

274 1861 345 1914 tis
375 1862 482 1913 oris
511 1869 563 1912 et
591 1861 830 1912 omnium
855 1862 1222 1914 membrorum
1249 1880 1511 1932 conpares
1541 1867 1712 1913 erant.

209 1950 251 1983 25
381 1931 432 1983 3.
471 1930 572 1982 Ille
598 1950 728 1983 uero
743 1971 756 1997 ,
798 1950 957 2002 quem
993 1932 1051 1983 in
1078 1931 1266 1984 Sicilia
1290 1931 1560 2002 praetoris
1589 1929 1881 1983 admodum

274 2000 504 2053 similem
531 2001 700 2053 fuisse
729 2009 959 2068 constat,
987 2001 1284 2072 petulantis
1312 2002 1499 2053 animi.
1535 2019 1632 2070 pro
1661 1997 1880 2053 consule

277 2071 420 2130 enim
447 2071 662 2123 dicente
690 2072 875 2122 mirari
902 2090 958 2123 se
980 2081 1311 2142 quapropter
1337 2071 1419 2123 sui
1445 2079 1556 2123 tam
1583 2069 1774 2122 similis
1802 2087 1879 2121 es-

160 2214 251 2248 Par.
383 2205 420 2246 1.
462 2203 572 2261 Regi
600 2204 824 2247 Antiocho
852 2217 969 2248 unus
997 2216 1046 2247 ex
1074 2202 1338 2262 aequalibus
1365 2203 1548 2247 nomine
1567 2203 1752 2247 Artemo
1779 2214 1882 2260 per-

276 2271 436 2318 similis
467 2272 565 2317 fuit.
611 2287 744 2332 quem
765 2272 968 2323 Laodice,
997 2286 1111 2318 uxor
1133 2273 1358 2322 Antiochi,
1386 2271 1627 2318 interfecto
1648 2272 1764 2321 uiro,
1793 2271 1884 2315 dis-

211 2351 254 2383 30
280 2341 519 2388 simulandi
547 2341 731 2388 sceleris
759 2345 902 2402 gratia
931 2342 975 2387 in
1004 2342 1171 2388 lectulo
1199 2343 1384 2403 perinde
1412 2357 1462 2388 ac
1489 2342 1526 2387 si
1553 2343 1702 2403 ipsum
1727 2353 1883 2400 regem

276 2412 546 2459 conlocauit.

391 2537 414 2575 1
447 2534 638 2575 alternis
671 2530 726 2575 B'
805 2537 829 2574 2
861 2532 1102 2575 tertiaru'm
1130 2535 1171 2574 B
1201 2540 1242 2576 in
1265 2541 1454 2576 extremo
1483 2548 1623 2581 uersu,
1653 2535 1754 2574 add.
1777 2547 1836 2575 m,
1859 2535 1884 2572 2

280 2592 427 2632 actori
512 2593 539 2630 4
581 2595 629 2630 at
660 2591 707 2631 b:
751 2590 808 2630 ad
836 2591 878 2631 B
965 2594 990 2632 6
1020 2596 1206 2644 propter
1250 2588 1362 2646 [oris
1398 2613 1451 2620 -—
1480 2587 1575 2644 hic]
1620 2593 1804 2643 propter
1843 2589 1886 2628 B

280 2650 304 2688 7
346 2644 561 2700 coac[tus
604 2646 692 2699 est]
734 2649 958 2700 recipere.
1011 2644 1239 2700 [abuane
1280 2647 1372 2687 sint
1411 2647 1453 2687 B
1542 2648 1567 2687 9
1608 2646 1663 2686 de
1703 2645 1749 2686 B
1782 2658 1817 2688 s,
1860 2647 1886 2686 l.

281 2705 333 2744 10
357 2700 500 2757 [sunt]
547 2703 827 2744 excellentia
870 2707 916 2743 et
947 2716 1035 2743 non
1079 2700 1306 2756 [obscura]
1349 2703 1517 2744 notitia
1560 2697 1884 2754 [celebrantur]

279 2759 323 2799 B
403 2761 453 2798 12
496 2758 561 2812 [et
591 2757 706 2812 ipse]
749 2760 907 2812 regiae
938 2759 1096 2812 stirpis
1135 2758 1332 2812 no[mine
1361 2782 1418 2787 —-
1445 2753 1681 2812 perquam]
1724 2756 1886 2798 similis

281 2814 423 2855 fuisse
467 2813 694 2868 tra[ditur.
757 2827 799 2866 q.
842 2812 915 2867 L.]
956 2828 1068 2855 uxor
1109 2816 1315 2856 anthioci
1359 2815 1397 2855 Β
1475 2816 1526 2855 21
1558 2825 1815 2868 eymeorum
1845 2812 1887 2851 B

280 2873 336 2911 24
384 2872 498 2911 *oris
548 2871 590 2911 B
689 2873 743 2912 25
784 2873 1035 2924 praetor*is
1084 2871 1148 2911 B:
1210 2871 1354 2911 Surae
1395 2868 1679 2923 proconsulis
1720 2868 1887 2909 Keller-

283 2926 413 2966 bauer
489 2927 543 2966 26
591 2924 731 2979 [proc.
759 2925 894 2979 enim]
927 2921 1109 2967 dicente
1139 2927 1295 2968 mirari
1326 2940 1374 2967 se
1409 2925 1465 2980 [q.
1490 2923 1575 2978 sui]
1606 2927 1700 2964 tam
1723 2924 1887 2964 similis
