1924 3152
551 132 669 179 CAP.
698 132 802 184 vm,
831 132 860 191 3
887 136 926 178 7.
968 131 1091 184 V1111,
1129 121 1159 189 'g
1189 135 1325 177 1—5.
1646 127 1751 180 315

125 233 350 310 agresti
369 258 531 310 opere
567 239 924 308 fatigaretur,
962 237 1313 310 postmodum
1347 246 1558 309 patrem
1594 258 1750 292 reum

126 309 373 365 iudiciali
398 310 641 381 periculo
668 310 945 376 liberauit,
973 309 1148 361 filium
1171 309 1455 376 uictorem,
1484 309 1630 380 quod
1657 309 1749 362 ad-

123 400 318 434 uersus
345 381 635 451 imperium
671 383 831 432 suum
866 399 989 433 cum
1022 379 1180 432 hoste
1214 399 1438 432 manum
1464 399 1750 434 conserue—

124 461 229 517 rat,
258 453 436 504 securi
460 451 756 521 percussit,
784 450 1022 520 patriam
1048 450 1247 502 Latino
1276 450 1517 503 tumultu
1543 451 1751 504 fessam

123 520 529 594 speciosissimo
557 520 833 590 triumpho
862 521 1156 581 recreauit,
1196 521 1254 572 in
1282 523 1406 588 hoc,
1437 523 1626 589 credO,
1655 541 1747 575 ore
1770 539 1790 572 5

125 593 376 645 fortunae
419 591 610 645 nubilo
658 591 1066 643 adulescentiae
1111 600 1424 662 contemptu
1468 592 1748 663 perfusUS,

121 681 233 734 quo
261 662 559 715 senectutis
588 662 704 714 eius
735 661 900 714 decus
929 661 1170 714 lucidius
1200 662 1541 716 enitesceret.

230 733 278 788 2.
320 733 503 803 Scipio
541 741 726 785 autem
753 732 1051 784 Africanus
1082 733 1348 803 superior,
1380 753 1541 804 quem
1567 734 1625 786 di
1651 734 1748 785 im-

120 803 380 857 mortales
417 803 572 855 nasci
605 802 928 869 uoluerunt,
964 811 1026 855 ut
1065 811 1209 856 esset
1244 804 1302 855 in
1340 815 1445 874 quo
1482 805 1660 857 uirtus
1690 823 1747 858 se

123 893 225 945 per
251 892 436 931 omnes
464 893 719 926 numeros
747 873 1059 926 hominibus
1089 874 1389 927 efficaciter
1416 876 1746 942 ostenderet,
1774 894 1813 925 10

122 944 403 999 solutioris
449 944 599 996 uitae
645 945 851 1015 primos
897 943 1304 996 adulescentiae
1350 964 1522 998 annos
1569 946 1746 1015 egisse

123 1015 321 1082 fertur,
349 1024 586 1068 remotos
609 1015 831 1085 quidem
854 1033 886 1066 a
905 1014 1157 1067 luxuriae
1180 1015 1421 1083 crimine,
1445 1016 1543 1068 sed
1563 1025 1749 1070 tamen

128 1086 350 1138 Punicis
379 1086 633 1155 tropaeiS,
665 1085 916 1138 deuictae
940 1086 1302 1154 Karthaginis
1331 1087 1637 1140 ceruicibus
1668 1088 1746 1139 in-

126 1157 308 1227 posito
329 1157 458 1225 iugo
487 1157 806 1208 teneriores.

231 1226 409 1279 Graius
457 1244 672 1296 quoque
709 1225 963 1278 Valerius
1003 1225 1233 1278 Flaccus
1280 1227 1506 1279 secundi
1551 1227 1746 1280 Punici
1771 1245 1810 1278 15

120 1296 252 1351 belli
277 1296 616 1366 temporibus
644 1295 781 1348 luxu
808 1296 1076 1366 perditam
1107 1295 1538 1350 adulescentiam
1563 1297 1746 1350 incho-

120 1368 258 1420 auit.
319 1376 560 1420 ceterum
589 1386 620 1418 a
647 1367 708 1418 P.
735 1367 948 1419 Licinio
988 1367 1245 1436 pontifice
1280 1368 1519 1421 maximo
1547 1368 1748 1420 flamen

119 1437 322 1504 factUS,
355 1457 460 1508 quo
482 1436 699 1489 facilius
723 1456 755 1488 a
772 1437 923 1490 uitiis
946 1436 1243 1504 recederet,
1268 1438 1340 1490 ad
1359 1458 1546 1490 curam
1568 1458 1747 1492 sacro-

121 1527 245 1561 rum
281 1517 336 1561 et
370 1508 826 1561 caerimoniarum
862 1526 1127 1561 conuerso
1172 1510 1380 1575 animO,
1429 1529 1560 1561 usus
1608 1509 1746 1562 duce

119 1578 457 1647 frugalitatis
484 1579 777 1647 religione,
816 1588 1080 1648 quantum
1104 1579 1256 1648 prius
1284 1579 1538 1632 luxuriae
1563 1580 1746 1633 fuerat
1768 1599 1810 1631 20

121 1647 459 1718 exemplum,
506 1657 719 1701 tantum
761 1658 954 1718 postea
997 1649 1300 1702 modestiae
1342 1658 1395 1701 et
1433 1651 1743 1704 sanctitatis

121 1719 403 1790 specimen
430 1719 623 1771 euasit.
984 1776 988 1777 ⁷

230 1790 281 1841 4.
322 1788 473 1841 Nihil
511 1789 579 1854 Q.
606 1788 779 1841 Fabio
818 1788 1088 1855 MaximO,
1127 1790 1221 1858 qui
1257 1788 1473 1842 Gallica
1507 1791 1746 1843 uictoria

122 1878 424 1929 cognomen
470 1858 811 1925 Allobrogici
864 1859 1080 1911 sibimet
1126 1877 1189 1911 ac
1232 1861 1467 1929 posteris
1512 1863 1741 1930 peperit,

122 1929 479 1983 adulescente
505 1931 679 1998 magis
708 1928 938 1995 infame,
967 1927 1100 1980 nihil
1127 1928 1317 1981 eodem
1345 1949 1471 1982 sene
1499 1932 1742 1984 ornatius
1769 1951 1810 1983 25

123 2009 223 2053 aut
250 2001 550 2070 speciosius
577 1999 670 2052 illo
698 1999 914 2052 saeculo
943 2008 1134 2052 nostra
1159 2000 1357 2052 ciuitas
1388 2001 1601 2054 habuit.

227 2071 275 2142 5.
313 2071 453 2137 Quis
479 2071 697 2140 ignorat
719 2070 785 2135 Q.
802 2069 983 2123 Catuli
1010 2070 1396 2124 auctoritatem
1420 2072 1477 2124 in
1502 2073 1741 2124 maximo

123 2217 169 2263 1..
183 2217 347 2262 Manlio
376 2233 455 2263 rus
483 2218 716 2279 relegatus
744 2219 915 2276 agresti
943 2231 1081 2278 opere
1109 2217 1393 2276 fatigaretur.
1446 2219 1740 2279 postmodum
1766 2219 1856 2252 Par·

127 2301 254 2333 rcum
281 2288 479 2334 iudiciali
506 2288 712 2348 periculo
741 2287 967 2333 liberauit.
1019 2293 1058 2333 2.
1083 2287 1235 2348 Scipio
1265 2289 1505 2335 Africanus
1534 2290 1744 2350 superior

123 2357 362 2402 solutioris
413 2359 533 2403 uitae
583 2360 755 2418 primos
793 2358 1140 2404 »adulescentiae
1190 2373 1332 2404 annos
1383 2362 1535 2419 egisse
1579 2360 1741 2406 fertur.
1767 2367 1808 2398 30

122 2429 166 2477 3.
193 2427 239 2471 C.
268 2427 474 2472 Valerius
502 2428 705 2487 pontifex
730 2427 838 2473 luxu
865 2429 1085 2488 perditam
1114 2429 1465 2475 adulescentiam
1491 2430 1742 2479 inchoauit‚

124 2497 204 2542 sed
226 2504 438 2557 receptus
461 2512 484 2542 a
505 2497 551 2542 Ρ.
575 2498 745 2542 Licinio
762 2498 979 2557 pontifice
1007 2498 1199 2543 maximo
1228 2499 1389 2544 flamen
1417 2500 1636 2545 liberatus
1658 2507 1743 2545 est.

125 2571 167 2610 4.
190 2566 419 2622 Q.Fabius
445 2567 660 2612 Maximus
689 2567 1042 2613 adulescentiam
1069 2568 1280 2614 infamem
1309 2569 1478 2614 habuit.
1530 2574 1570 2615 5.
1599 2570 1743 2625 0.(Ζᾶ-

236 2706 261 2744 2
303 2703 495 2745 iudicali
518 2697 571 2744 B'
652 2706 678 2744 3
721 2708 1019 2744 conseruerat
1039 2704 1092 2752 B,
1123 2707 1204 2745 sed
1225 2710 1326 2745 erat
1360 2708 1403 2746 in
1424 2720 1512 2747 ras.
1594 2707 1619 2746 5
1663 2719 1740 2747 ore

121 2761 330 2802 Foertsclz
352 2761 442 2811 (Il,
468 2758 569 2812 28).·
602 2773 658 2800 ne
682 2760 735 2807 B,
758 2762 838 2801 sed
849 2766 1106 2813 punctatum,
1130 2762 1365 2815 malignae
1391 2763 1434 2803 Γ
1496 2764 1522 2802 6
1551 2762 1742 2815 perfusfi

120 2816 147 2856 b
206 2819 232 2858 9
253 2830 302 2858 se
324 2831 406 2871 per
425 2817 467 2857 B
489 2831 604 2858 corr.
628 2830 650 2856 e
673 2829 811 2869 super
872 2819 922 2856 12
946 2823 987 2857 et
1008 2819 1063 2858 20
1085 2817 1291 2858 luxoriae
1315 2819 1358 2858 B
1417 2821 1471 2860 20
1498 2819 1743 2872 frugalita-

123 2873 184 2913 tis
203 2873 247 2913 B
267 2887 381 2915 corr.
405 2887 426 2915 e
451 2873 610 2927 fragil.
651 2869 672 2927 ss
712 2874 901 2927 regione
924 2873 966 2912 B
1024 2875 1079 2914 24
1101 2873 1330 2929 allobrogi
1350 2875 1392 2916 B
1462 2878 1516 2917 27
1540 2876 1742 2918 auctori·

120 2928 268 2970 tatem
288 2931 336 2970 in
357 2930 399 2970 B
1671 2959 1689 2974 .

1862 2011 1884 2018 κ
