1924 3152
547 177 667 225 CAP.
696 177 746 228 u,
782 177 877 222 Ext.
909 176 938 236 g
971 178 1165 222 15—18.
1203 175 1272 227 111,
1301 176 1331 235 g
1362 178 1398 220 1.
1669 169 1785 222 ⁷337

161 284 447 340 consultus
474 284 739 356 quidnam
765 284 884 336 fieri
912 284 978 336 de
1013 282 1320 353 legionibus
1349 282 1609 335 Romanis
1638 282 1787 354 apud

162 355 411 410 furculas
440 355 721 410 Caudinas
749 355 974 408 inclusis
1003 354 1256 420 deberet,
1283 352 1581 407 inuiolatas
1609 353 1787 406 dimit-

166 427 362 482 tendas
399 426 701 498 respondit.
776 434 997 497 postero
1035 425 1124 477 die
1161 424 1354 477 eadem
1381 425 1447 477 de
1474 444 1533 477 re
1559 425 1788 478 interro-

163 507 356 569 gatuS,
397 496 566 574 deleri
602 515 694 549 eas
734 505 988 567 oportere
1016 495 1181 562 dixit,
1219 503 1280 548 ut
1306 504 1402 548 aut
1427 495 1668 549 maximo
1695 495 1793 558 be-„
1831 495 1839 497 '

164 569 360 623 neficio
412 569 594 638 gratia
643 568 881 620 hostium
931 574 1265 619 emereretur
1314 574 1407 618 aut
1456 566 1789 636 grauissima
1811 583 1832 617 5

164 642 378 693 iactura
404 640 549 691 uires
577 639 1072 707 confringerentur.
1134 636 1232 689 sed
1257 637 1549 708 inprouida
1574 637 1789 690 temeri-

164 720 252 765 tas
279 711 553 763 uictorum
567 751 581 778 ,
606 710 749 762 *dum
775 718 1063 779 utramque
1099 717 1311 779 partem
1347 708 1558 779 spernit
1584 707 1789 761 utilita-

163 782 256 850 tis,
287 782 386 835 sub
413 782 604 851 iugum
628 782 828 832 missas
855 781 912 832 in
938 779 1238 851 perniciem
1266 798 1421 831 suam
1448 779 1716 832 accendit.

277 852 359 904 18.
398 852 590 905 Multis
628 860 680 904 et
715 851 926 921 magnis
965 851 1267 921 sapientiae
1296 850 1561 921 exemplis
1588 869 1788 921 paruu-

165 923 280 977 lum
313 923 563 976 adiciam.
627 922 819 975 Cretes
831 962 843 987 ‚
890 941 1012 974 cum
1048 921 1407 974 acerbissima
1443 921 1788 974 execratione
1811 937 1854 970 ιο

165 995 434 1048 aduersus
463 1013 556 1047 eos
584 1012 718 1064 quos
745 993 1099 1046 uehementer
1125 993 1358 1045 oderunt
1384 992 1464 1044 uti
1489 991 1702 1060 uolunt,
1729 999 1792 1045 ut

164 1065 313 1118 mala
362 1065 754 1118 consuetudine
806 1063 1146 1116 delectentur
1197 1071 1389 1134 optant
1432 1062 1790 1133 modestoque

164 1137 283 1191 uoti
317 1154 516 1206 genere
552 1135 1001 1188 efficacissimum
1035 1134 1258 1187 ultionis
1298 1141 1553 1186 euentum
1587 1134 1790 1204 reperi-

166 1215 284 1260 unt.
352 1206 620 1262 inutiliter
663 1207 807 1258 enim
854 1205 1062 1276 aliquid
1109 1205 1495 1275 concupiscere
1543 1213 1596 1257 et
1631 1206 1689 1256 in
1725 1224 1787 1258 eo

164 1286 583 1350 perseueranter
607 1277 827 1343 morari,
857 1277 1026 1329 exitio
1055 1295 1120 1328 ea
1144 1275 1331 1328 uicina
1357 1275 1587 1329 dulcedo
1617 1284 1717 1328 est.
1814 1291 1856 1325 15

1852 1349 1875 1359 κ

422 1419 528 1472 III.
589 1421 826 1472 VAFRE
859 1422 1072 1470 DICTA
1111 1422 1154 1468 Α
1167 1421 1258 1470 VT
1291 1421 1533 1470 FACTA.

274 1519 378 1571 Est
402 1518 556 1570 aliud
580 1517 855 1571 factorum
883 1518 1262 1587 dictorumque
1289 1535 1461 1586 genus
1477 1557 1491 1583 ,
1521 1535 1553 1568 a
1577 1518 1792 1587 sapien-

166 1589 246 1642 tia
271 1590 524 1659 proximo
553 1589 773 1641 deflexu
799 1589 870 1641 ad
894 1589 1156 1641 uafritiae
1192 1607 1390 1640 nomen
1417 1606 1790 1657 progressum,

168 1659 331 1731 quod,
358 1660 466 1711 nisi
493 1677 525 1711 a
551 1658 775 1711 fallacia
799 1660 945 1711 uires
974 1659 1302 1729 adsumpsit,
1329 1659 1493 1710 finem
1520 1659 1793 1729 propositi

167 1749 278 1783 non
311 1730 520 1783 inuenit
555 1729 878 1800 laudemque
914 1730 1127 1782 occulto
1164 1730 1341 1798 magis
1381 1730 1601 1782 tramite
1629 1747 1791 1799 quam
1815 1743 1857 1775 20

168 1810 362 1872 aperta
386 1801 479 1853 uia
503 1801 657 1870 petit.

280 1875 326 1924 1.
365 1871 558 1925 Seruio
594 1870 773 1924 Tullio
807 1878 1072 1939 regnante
1109 1870 1327 1931 cuidam
1364 1870 1510 1940 patri
1546 1868 1791 1922 familiae

169 1991 266 2038 fieri
306 1992 360 2037 de
396 1990 657 2052 legionibus
684 1990 897 2036 Romanis
934 1990 1053 2050 apud
1091 1989 1292 2035 furculas
1328 1989 1551 2035 Caudinas
1599 1988 1788 2034 inclusis
1813 1991 1908 2028 Par.

169 2063 380 2113 deberet,
419 2061 664 2108 inuiolatas
692 2060 983 2106 dimittendas
1012 2061 1266 2121 respondit.
1333 2069 1379 2106 et
1407 2068 1588 2121 postera
1618 2061 1688 2105 die
1716 2074 1792 2105 ea-

137 2195 142 2198 ·
170 2135 271 2180 dem
306 2133 360 2178 de
390 2147 438 2179 re
466 2133 778 2193 interrogatus
806 2132 945 2177 deleri
975 2147 1050 2177 eas
1079 2139 1295 2192 oportere
1334 2131 1469 2182 dixit,
1517 2138 1567 2176 ut
1594 2137 1672 2176 aut
1700 2145 1792 2176 ma·
1815 2137 1867 2171 25‘

169 2207 289 2250 ximo
317 2203 537 2250 beneficio
565 2205 711 2267 gratia
738 2204 939 2248 hostium
968 2210 1250 2250 emereretur
1276 2209 1355 2248 aut
1382 2204 1504 2248 uires
1532 2202 1793 2260 confringe—

169 2282 333 2322 rentur
408 2278 476 2319 18.
514 2275 671 2321 Cretes
698 2289 799 2320 cum
828 2274 1118 2320 acerbissima
1146 2275 1433 2319 execratione
1461 2273 1684 2319 aduersus
1711 2287 1793 2318 eos

172 2361 289 2406 quos
326 2345 522 2392 oderunt
560 2346 628 2390 uti
667 2345 856 2396 uolunt,
897 2353 948 2390 ut
984 2345 1099 2390 mala
1135 2345 1467 2390 consuetudine
1507 2344 1794 2390 delectentur

172 2422 347 2476 optant.

280 2489 318 2531 1.
360 2485 521 2530 Seruio
549 2484 955 2545 Tullio'regnante
993 2486 1169 2531 cuidam
1204 2487 1325 2545 patri
1366 2484 1562 2530 familiae
1598 2484 1643 2528 in
1681 2497 1792 2543 agro
1816 2491 1858 2524 3ο

289 2597 310 2634 1
334 2594 599 2648 legionibus
622 2594 663 2634 B
686 2596 728 2635 z'n
749 2608 837 2634 ras.
899 2596 924 2634 2
947 2594 1153 2634 furculas
1177 2595 1239 2633 P:
1271 2594 1427 2634 furcas
1450 2594 1492 2633 B
1552 2596 1576 2634 3
1606 2597 1793 2645 postera

172 2653 213 2692 P
277 2653 304 2691 4
325 2651 480 2691 delere
503 2651 546 2690 B
625 2653 650 2691 5
672 2654 952 2691 emereretur
972 2663 1072 2691 nos:
1105 2653 1333 2691 emeretur
1354 2650 1439 2690 BP
1515 2652 1538 2691 7
1561 2650 1792 2690 utilitates

172 2703 230 2749 B‘
287 2709 314 2748 8
337 2709 589 2762 perniciam
610 2707 653 2747 B
714 2709 765 2747 12
789 2710 952 2760 optant
972 2706 1229 2758 modestoq.
1250 2707 1292 2746 B
1313 2708 1356 2747 in
1378 2720 1467 2747 ras.
1520 2708 1571 2747 16
1592 2706 1791 2747 VAFRE

173 2788 225 2794 -
251 2764 452 2805 FACTA
473 2765 515 2805 B
536 2766 579 2804 in
600 2778 688 2807 ras.
772 2765 824 2805 18
864 2764 1050 2804 uafriae
1072 2763 1127 2810 B,
1160 2778 1234 2803 em.
1265 2765 1465 2804 Vorstius
1546 2765 1597 2803 19
1641 2776 1667 2803 a
1689 2764 1790 2804 add.

180 2822 305 2863 Torr.
335 2821 586 2875 (fallaciae
616 2822 745 2862 uirus
775 2819 937 2873 Periz.)
978 2818 998 2874 Η
1048 2821 1304 2873 adsumpsit
1333 2820 1444 2861 ΒΓ.·
1486 2819 1795 2872 adsumpserit

115 2910 118 2912 .
173 2879 277 2974 {Ze-tt:
300 2879 439 2975 εβὲιά
459 2882 497 2928 6,
520 2881 546 2919 2
569 2876 587 2933 ΙΙ
608 2878 742 2918 fidem
764 2877 819 2928 B,
842 2891 922 2918 em.
945 2877 1086 2918 Periz.
1135 2879 1188 2917 22
1210 2878 1334 2930 patri
1360 2878 1533 2918 Colerus
1556 2883 1597 2917 et
1618 2877 1679 2916 P:
1708 2889 1790 2942 pa—

195 2946 336 2975 riciae

287 2993 342 3032 26
367 2997 594 3033 emeretur
624 2992 664 3031 V

209 3087 217 3101 .
258 3073 364 3102 vAL.
387 3074 498 3105 MAX.
974 3056 977 3059 ’
1470 3058 1540 3111 22
