1878 3132
196 114 265 168 82
848 123 853 126 ·
908 117 1007 164 Lm.
1047 83 1097 164 11}

198 227 474 280 ducebant
509 225 716 296 proelio
753 242 1064 296 superesse,
1106 243 1229 278 cum
1262 226 1310 278 is
1348 225 1670 294 occidisset,
1709 247 1810 299 pro

196 298 346 350 cuius
375 296 550 349 salute
577 295 828 366 spiritum
847 295 1200 349 deuouerant.
1241 295 1518 349 laudanda
1540 303 1811 351 utrorum-

197 386 300 438 que
335 366 663 437 populorum
707 366 874 418 animi
909 366 1277 437 praestantia,
1330 367 1476 438 quod
1512 376 1566 421 et
1599 368 1811 438 patriae

195 436 628 491 incolumitatem
663 436 882 490 fortiter
915 437 1056 490 tueri
1091 445 1145 489 et
1179 437 1343 490 fidem
1379 438 1651 491 amicitiae
1687 455 1810 491 con-

153 530 173 562 5
198 516 406 561 stanter
469 506 823 560 raestandam
849 507 1276 561 arbitrabantur.

305 578 386 630 12.
482 578 701 631 hraciae
737 596 870 631 uero
909 577 1006 629 illa
1040 577 1189 631 natio
1226 578 1416 631 merito
1452 578 1560 632 sibi
1596 579 1810 649 sapien-

195 650 304 702 tiae
338 647 557 701 laudem
582 647 972 714 uindicauerit,
1011 666 1150 718 quae
1175 647 1386 700 natales
1413 649 1693 702 hominum
1719 648 1809 701 fle-‘

193 719 404 786 biliter,
444 719 704 790 exequias
741 737 863 771 cum
900 717 1174 772 hilaritate
1211 718 1493 772 celebrans
1530 718 1647 771 sine
1683 718 1809 772 ullis

196 789 478 842 doctorum
514 790 822 860 praeceptis
865 807 1059 841 uerum
1095 787 1430 842 condicionis
1466 796 1684 842 nostrae
1717 788 1811 841 ha-

132 883 174 915 10
194 860 372 913 bitum
391 859 656 930 «peruidit.
694 867 1040 912 remoueatur
1064 859 1249 929 itaque
1274 859 1541 912 naturalis
1570 859 1813 912 omnium

195 929 510 983 animalium
554 929 783 984 dulcedo
831 930 1011 996 uitae,
1064 947 1203 1000 quae
1240 928 1415 982 multa
1450 937 1504 982 et
1538 929 1719 982 facere
1757 938 1812 982 et

192 1002 311 1072 pati
336 1001 571 1071 turpiter
597 1001 760 1070 cogit,
789 1001 836 1052 si
862 1001 971 1052 iam
998 1008 1121 1053 ortu
1147 1000 1260 1052 eius
1290 999 1569 1070 aliquanto
1596 999 1813 1053 felicior

194 1090 258 1124 ac
282 1072 496 1124 beatior
520 1071 645 1123 finis
672 1070 992 1141 reperietur.

305 1143 387 1194 13.
439 1141 712 1207 Quocirca
738 1149 885 1194 recte
909 1140 1092 1211 Lycii,
1131 1158 1255 1192 cum
1291 1141 1358 1192 iis
1387 1139 1566 1192 luctus
1600 1139 1811 1206 incidit,

131 1233 172 1267 15
193 1210 516 1265 muliebrem
560 1219 771 1264 uestem
819 1211 1080 1277 induunt,
1130 1218 1193 1263 ut
1236 1210 1581 1264 deformitate
1632 1210 1810 1262 cultus

196 1283 453 1336 commoti
478 1283 746 1335 maturius
775 1280 1003 1334 stultum
1023 1282 1267 1351 proicere
1292 1298 1595 1340 maerorem
1619 1279 1811 1334 uelint.

304 1355 386 1409 14.
449 1353 655 1405 Verum
690 1351 823 1423 quid
867 1369 965 1420 ego
1003 1352 1330 1405 fortissimos
1374 1351 1478 1405 hoc
1518 1351 1576 1402 in
1610 1369 1812 1419 genere

194 1423 520 1494 prudentiae
554 1423 701 1475 uiros
738 1421 993 1475 laudem?
1039 1422 1404 1493 respiciantur
1437 1421 1700 1476 Indorum
1735 1420 1811 1473 fe-

193 1496 390 1559 minae,
414 1510 567 1563 quae,
591 1511 714 1545 cum
732 1511 882 1545 more
901 1493 1079 1563 patrio
1101 1491 1389 1563 conplures
1413 1491 1589 1544 eidem
1606 1499 1812 1561 nuptae

131 1585 173 1618 20
196 1581 316 1616 esse
344 1562 569 1630 soleant,
597 1571 809 1616 mortuo
836 1563 1034 1616 marito
1060 1562 1117 1614 in
1144 1570 1419 1615 certamen
1443 1562 1812 1631 iudiciumque

194 1634 422 1686 ueniunt
459 1652 622 1704 quam
657 1652 727 1685 ex
760 1634 827 1685 iis
855 1633 1092 1685 maxime
1127 1633 1401 1685 dilexerit.
1450 1631 1655 1684 uictrix
1679 1649 1811 1700 gau-

199 1703 288 1758 dio
327 1702 580 1756 exultans
619 1702 962 1773 deductaque
1000 1722 1032 1755 a
1065 1703 1390 1755 necessariis
1427 1702 1631 1754 laetum
1656 1719 1811 1772 prae-

195 1773 500 1827 ferentibus
536 1772 749 1826 uultum
785 1773 1030 1842 coniugis
1068 1791 1126 1825 se
1160 1773 1392 1825 flammis
1429 1772 1726 1843 superiacit
1761 1779 1814 1824 et

198 1862 319 1896 cum
363 1861 423 1896 eo
470 1851 749 1914 tamquam
793 1842 1114 1895 felicissima
1158 1851 1456 1896 crematur:
1523 1851 1815 1913 superatae

133 1936 176 1970 25
201 1933 323 1967 cum
358 1914 586 1967 tristitia
613 1921 666 1967 et
693 1932 939 1967 maerore
975 1914 1034 1965 in
1068 1914 1186 1966 uita
1210 1920 1507 1966 remanent.
1556 1912 1814 1982 protrahe

83 2067 176 2103 Par.
202 2059 328 2106 nefas
356 2073 456 2105 esse
484 2059 707 2105 ducebant
732 2059 909 2120 proelio
939 2071 1203 2119 superesse,
1232 2073 1334 2105 curn
1360 2059 1399 2104 is
1428 2058 1689 2110 occidisset,
1725 2074 1813 2119 pro

200 2132 329 2176 cuius
358 2129 503 2175 salute
530 2130 811 2175 deuouerant
839 2129 1064 2189 spiritum.
1135 2132 1201 2174 12.
1249 2128 1462 2175 Thraciae
1488 2130 1612 2175 natio
1639 2129 1814 2175 natales

197 2201 434 2246 hominum
469 2199 707 2251 flebiliter,
759 2201 997 2260 exsequias
1043 2213 1152 2246 uero
1191 2213 1291 2246 cum
1327 2198 1555 2245 hilaritate
1591 2199 1811 2245 celebrat.

199 2274 267 2317 13.
294 2271 432 2330 Lycii,
461 2285 561 2316 cum
583 2272 648 2317 eis
669 2270 827 2316 incidit
846 2270 1010 2321 luctus,
1040 2269 1305 2315 muliebrem
1322 2277 1499 2316 uestem
1525 2269 1732 2320 induunt,
1759 2276 1812 2314 ut

137 2351 179 2384 30
202 2341 491 2388 deformitate
541 2341 690 2386 cultus
741 2342 956 2386 commoti
1006 2342 1228 2386 maturius
1278 2353 1529 2386 maerorem
1571 2341 1812 2400 proiciant.

201 2415 270 2458 14.
315 2412 527 2457 Indorum
565 2412 756 2457 feminae
792 2418 973 2457 mortuo
1010 2412 1197 2462 marito,
1244 2425 1346 2457 cum
1382 2412 1460 2456 uni
1498 2423 1624 2456 more
1659 2410 1810 2471 patrio

199 2483 356 2543 plures
382 2489 550 2543 nuptae
578 2484 693 2534 sint,
721 2484 768 2527 in
794 2482 1010 2528 iudicium
1038 2482 1251 2533 ueniunt,
1291 2494 1424 2542 quam
1452 2493 1504 2526 ex
1529 2481 1596 2527 eis
1621 2481 1814 2527 maxime

201 2553 423 2601 dilexerit.
499 2552 662 2600 uictrix
713 2553 912 2614 gaudens
963 2554 1170 2612 coniugis
1222 2566 1269 2598 se
1318 2552 1507 2598 flammis
1549 2550 1811 2611 superiacit.

314 2694 339 2733 3
367 2692 634 2745 populorum
653 2695 796 2747 glossa
816 2694 986 2733 uidetur
1005 2688 1024 2746 ΙΙ
1051 2690 1318 2745 praesentia
1338 2689 1392 2737 B,
1425 2701 1502 2728 em.
1523 2688 1567 2727 in
1587 2687 1685 2726 edd.
1707 2691 1810 2727 uett.

200 2750 226 2789 6
247 2748 476 2789 Thraciae
499 2749 541 2788 B
562 2752 603 2790 in
624 2763 728 2799 ras„
747 2750 854 2801 fort.
878 2749 1137 2790 Thraecum
1195 2747 1228 2788 8·
1243 2745 1452 2786 celebrat
1471 2743 1527 2790 B,
1550 2755 1625 2783 em.
1646 2742 1690 2782 in
1711 2742 1809 2783 edd.

201 2810 302 2845 uett.
364 2807 389 2845 9
421 2805 697 2846 conditionis
726 2806 769 2845 B
836 2807 887 2845 12
916 2806 1009 2846 iam
1037 2808 1139 2846 ortu
1166 2803 1438 2843 Perizonius:
1478 2811 1542 2863 ea,
1560 2800 1741 2838 mortua
1767 2796 1811 2836 B

204 2862 257 2901 14
278 2867 318 2902 et
341 2862 392 2901 21
427 2861 492 2902 eis
516 2861 565 2909 P,
597 2861 667 2901 his
690 2862 731 2901 B
792 2863 844 2902 19
866 2861 985 2902 idem
1006 2854 1061 2902 B'
1121 2861 1174 2900 23
1203 2857 1468 2911 superiacet
1486 2854 1528 2895 B
1569 2860 1618 2894 ut
1642 2854 1814 2894 uidetur

202 2918 256 2959 25
279 2920 325 2958 et
344 2929 551 2958 maerore
574 2915 638 2970 (et
658 2931 811 2959 maero
832 2920 876 2958 in
896 2917 1005 2970 νας.)
1027 2918 1084 2970 Β,
1118 2919 1163 2958 et
1183 2928 1261 2956 om.
1285 2915 1387 2957 dett.
