1936 3120
27 1959 38 1980 §A

765 103 882 167 cAP.
910 121 960 173 11,
987 121 1017 181 g
1042 126 1183 167 2—4.
1682 119 1788 172 383

162 247 325 301 quam
362 226 679 299 inpudicam
717 227 783 280 de
821 228 1094 281 industria
1141 228 1404 296 duxerat,
1451 248 1514 283 eo
1560 231 1786 284 crimine

161 298 511 370 repudiatam
549 299 677 351 dote
713 298 953 369 spoliare
988 308 1304 366 conaretur,
1355 310 1603 371 sumptus
1643 304 1787 354 inter

163 388 254 423 eos
291 369 461 422 iudex
494 370 550 420 in
585 378 883 439 conspectu
918 370 1107 435 habita
1146 370 1462 440 quaestione
1500 372 1784 425 seductum

163 442 431 493 Titinium
456 441 670 512 monuit
692 450 754 492 ut
779 442 995 511 incepto
1036 441 1325 493 desisteret
1361 459 1424 492 ac
1450 442 1662 495 mulieri
1691 443 1782 495 do·
1851 502 1854 506 A

161 522 271 564 tem
296 511 570 564 redderet.
622 511 768 581 quod
797 529 920 563 cum
949 513 1168 581 saepius
1196 512 1403 563 frustra
1430 513 1667 580 fecisset,
1696 533 1780 567 co·
1804 535 1830 567 5

160 591 315 635 actus
342 582 412 634 ab
440 599 503 634 eo
531 582 859 634 sententiam
884 583 1240 652 pronuntiare
1267 583 1546 635 mulierem
1570 584 1784 655 inpudi-

161 654 326 705 citiae
352 652 605 704 sestertio
632 671 874 718 nummo,
905 654 1172 704 Titinium
1202 672 1415 705 summa
1442 657 1607 707 totius
1636 656 1782 708 dotis

160 723 468 789 damnauit,
515 723 798 794 praefatus
835 724 1041 775 idcirco
1083 743 1139 775 se
1178 725 1321 778 hunc
1356 725 1637 777 iudicandi
1673 745 1781 778 mo—

161 793 289 846 dum
316 803 580 859 secutum,
610 795 754 865 quod
782 793 1012 864 liqueret
1036 795 1142 847 sibi
1164 795 1432 847 Titinium
1452 797 1780 866 patrimonio

159 863 404 917 Fanniae
429 864 661 916 insidias
691 875 991 917 struentem
1026 865 1318 935 inpudicae
1345 869 1661 935 coniugium
1688 886 1779 920 ex-
1805 891 1849 921 10

197 937 381 988 etisse.
435 936 650 988 Fannia
676 943 856 987 autem
884 935 1017 988 haec
1046 946 1146 1002 est,
1175 955 1314 1007 quae
1339 938 1779 1007 posteaMarium

156 955 371 1059 iiostem
408 1025 441 1059 a
477 1016 671 1059 senatu
717 1006 1017 1059 iudicatum
1065 1026 1340 1078 caenoque
1384 1007 1624 1078 paludis,
1673 1028 1780 1079 qua

159 1086 439 1129 extractus
468 1085 604 1142 erat,
634 1076 866 1129 oblitum
894 1079 1059 1129 etiam
1087 1079 1143 1129 in
1172 1079 1389 1130 domum
1418 1097 1574 1130 suam
1602 1088 1779 1132 custo-

160 1148 424 1200 diendum
442 1147 740 1199 Minturnis
770 1148 1064 1200 deductum
1092 1166 1192 1219 ope
1220 1157 1657 1220 quantacumque
1683 1169 1776 1220 po-

155 1223 262 1271 tuit
290 1218 535 1284 adiuuit,
573 1236 808 1284 memor,
856 1220 1002 1290 quod
1038 1219 1299 1289 inpudica
1336 1220 1579 1271 iudicata
1615 1231 1775 1288 esset,
1803 1240 1848 1273 15

157 1290 271 1351 suis
299 1289 572 1355 moribus,
611 1289 755 1359 quod
785 1293 964 1341 dotem
1005 1305 1303 1355 seruasset,
1343 1290 1489 1341 illius
1525 1291 1777 1360 religioni

106 1353 112 1370 ’
157 1369 446 1431 acceptum
472 1360 607 1412 ferri
635 1359 851 1412 debere.

258 1431 311 1484 4.
338 1430 544 1483 Multus
574 1449 750 1483 sermo
779 1451 842 1484 eo
871 1431 1037 1482 etiam
1065 1431 1266 1483 iudicio
1295 1432 1560 1498 manauit,
1588 1435 1644 1483 in
1671 1451 1777 1503 quo

154 1501 379 1572 quidam
405 1502 541 1553 furti
569 1502 858 1554 damnatus
888 1512 993 1569 est,
1031 1503 1124 1572 qui
1152 1521 1315 1573 eque,
1357 1504 1511 1554 cuius
1538 1521 1670 1555 usus
1696 1503 1777 1555 illi

154 1572 400 1624 Ariciam
428 1571 784 1625 conmodatus
813 1575 1017 1638 fuerat,
1054 1573 1314 1625 ulteriore
1351 1574 1467 1625 eius
1493 1574 1775 1644 municipii
1800 1595 1845 1626 ρο

154 1643 298 1694 cliuo
333 1650 526 1694 uectus
565 1653 728 1694 esset.
806 1642 940 1713 quid
976 1644 1123 1695 aliud
1161 1643 1264 1695 hoc
1299 1643 1401 1695 loci
1431 1662 1595 1713 quam
1623 1663 1773 1696 uere·
1809 1670 1822 1682 =

154 1713 410 1765 cundiam
437 1712 586 1764 illius
616 1713 821 1765 saeculi
848 1713 1162 1779 laudemus,
1199 1715 1253 1766 in
1292 1733 1397 1784 quo
1435 1724 1547 1765 tam
1575 1716 1772 1766 minuti

153 1803 186 1836 a
213 1788 421 1854 pudore
449 1802 706 1836 excessus
735 1785 1140 1854 puniebantur?

153 1948 217 1991 sis
243 1946 410 1991 Fannia
440 1960 580 1991 uxore
607 1946 867 2006 repudiata,
898 1946 1019 2006 qnod
1049 1961 1145 1991 eam
1174 1947 1345 1990 diceret
1373 1946 1645 2006 inpudicam,
1674 1961 1697 1990 a
1724 1946 1766 1990 C.
1795 1951 1875 1986 Par

151 2017 290 2063 Mario
318 2023 504 2063 coactus
531 2014 601 2062 est
628 2020 667 2062 ei
694 2018 846 2062 dotem
877 2017 1081 2062 reddere.
1138 2017 1373 2061 mulierem
1402 2024 1552 2061 autem
1582 2016 1696 2061 idem
1727 2023 1771 2062 ct
1795 2025 1836 2057 25

150 2089 340 2138 crimine
377 2088 687 2147 impudicitiae
737 2090 953 2133 sestertio
1000 2102 1185 2132 nummo
1231 2087 1475 2132 damnauit.
1554 2088 1666 2132 haec
1702 2094 1771 2133 est

149 2159 344 2209 Fannia,
386 2172 502 2219 quae
542 2160 729 2204 Marium
755 2159 1053 2204 Minturnensi
1092 2159 1257 2219 palude
1293 2172 1488 2203 mersum
1528 2158 1768 2207 deductum
1802 2196 1808 2203 ,

150 2229 333 2275 domum
372 2243 497 2274 suam
546 2231 734 2275 adiuuit.
812 2234 850 2274 4.
892 2230 1080 2286 Quidam
1130 2231 1236 2274 furti
1274 2229 1511 2274 damnatus
1550 2238 1643 2279 cst,
1691 2231 1767 2289 qui

151 2314 294 2359 equo.
333 2301 463 2344 cuius
494 2315 604 2344 usus
643 2301 704 2344 ini
745 2315 892 2359 usquc
918 2302 1112 2345 Ariciam
1151 2300 1463 2346 commodatus
1493 2300 1661 2349 suerat,
1702 2301 1767 2344 ul-

149 2371 445 2429 teriorexeius
471 2372 704 2429 municipii
735 2371 854 2415 cliuo
884 2378 1042 2415 uectus
1071 2378 1206 2417 essct.
1792 2391 1836 2422 30
1912 2415 1922 2419 ,

269 2523 290 2560 1
316 2520 499 2561 dixerat
521 2513 579 2560 B'
618 2518 636 2574 Η
676 2525 725 2560 ut
750 2534 802 2560 eo
825 2521 848 2560 b
915 2523 939 2561 3
962 2521 1236 2560 subductum
1263 2520 1313 2566 Β,
1337 2533 1410 2560 em.
1437 2520 1573 2559 Aldus
1634 2523 1660 2560 ὃ
1682 2532 1767 2571 quo

151 2590 250 2618 cum
276 2577 331 2617 B'
390 2580 416 2618 9
439 2577 559 2628 quod
580 2578 622 2616 B
644 2579 686 2617 in
707 2591 793 2618 ras.
809 2591 823 2617 .·
858 2589 956 2616 cum
981 2579 1081 2618 dete.
1134 2580 1186 2618 15
1209 2577 1451 2630 adiuuauit
1474 2569 1526 2614 B'
1587 2577 1638 2615 18
1656 2578 1762 2627 fort.

149 2634 204 2674 de
227 2635 314 2686 (uel
335 2633 410 2687 ex)
435 2647 488 2674 eo
549 2636 603 2673 20
625 2646 767 2688 usque
786 2634 989 2674 Ariciam
1013 2634 1078 2672 Pb
1118 2654 1123 2657 ·
1142 2636 1191 2672 21
1217 2638 1380 2672 uectus
1405 2634 1530 2671 esset
1550 2633 1592 2672 B
1614 2638 1661 2673 ῡτ
1676 2646 1765 2673 ras.

148 2692 203 2731 22
225 2692 389 2730 muniti
411 2691 453 2730 B
513 2692 567 2730 ⁶23
590 2703 782 2730 excessu
803 2685 858 2729 B'

262 2749 316 2800 26
339 2748 508 2786 crimen
541 2748 580 2786 V
638 2749 689 2786 27
715 2758 935 2787 emersum
960 2746 1242 2786 Kellerbauer
