1936 3120
481 87 542 147 ἔ
686 123 804 169 CAP.
832 123 863 174 1,
898 97 1054 168 'Absor
1082 121 1112 180 g
1140 123 1281 184 1.-5·
1449 174 1456 182 .
1689 115 1794 167 373

169 230 368 301 cupide
394 230 746 299 expetebant.
805 229 973 298 igitur
1006 228 1189 281 uiator
1215 235 1268 279 et
1293 245 1481 279 carcer
1517 235 1641 279 ante
1669 245 1792 279 ocu-

171 301 252 355 los
279 297 719 353 obuersabantur
738 340 751 367 ,
781 318 904 352 cum
931 299 1152 351 interim
1180 297 1362 351 omnia
1386 298 1495 350 ista
1519 298 1792 368 propitiae

172 371 428 425 fortunae
454 371 764 423 interuentu
793 368 1042 440 dispulsa
1063 377 1206 421 sunt.
1258 368 1404 420 filius
1425 387 1660 438 namque
1683 367 1792 421 Gra-

170 441 311 494 binii
356 440 589 493 Sisenna
633 440 1092 494 consternationis
1139 438 1362 509 inpulsu
1407 440 1475 490 ad
1519 438 1684 509 pedes
1734 457 1792 490 se

171 511 395 564 Memmi
433 510 666 581 supplex
700 511 1030 580 prostrauit,
1069 509 1198 562 inde
1233 508 1453 579 aliquod
1490 509 1793 561 fomentum
1817 521 1838 553 5

171 580 447 653 procellae
497 589 688 651 petens
705 621 718 648 ,
770 581 916 633 unde
966 589 1114 634 totus
1165 581 1400 650 impetus
1449 578 1794 650 tempestatis

172 659 446 722 eruperat.
507 671 668 722 quem
703 653 847 704 truci
882 651 1038 703 uultu
1073 670 1103 701 a
1142 669 1198 702 se
1234 651 1409 703 uictor
1448 651 1687 703 insolens
1714 667 1795 701 re-

171 721 394 793 pulsum
422 740 652 775 excusso
682 742 710 775 e
736 741 903 774 manu
941 723 1102 774 anulo
1138 721 1289 773 humi
1326 722 1507 773 iacere
1535 721 1795 791 aliquam-

173 794 268 844 diu
306 811 501 863 passus
541 802 641 845 est.
712 793 858 863 quod
898 791 1269 862 spectaculum
1314 792 1445 844 fecit
1480 801 1538 843 ut
1574 790 1793 843 Laelius

171 863 425 916 tribunus
453 862 526 933 pl.
557 863 993 933 adprobantibus
1022 863 1233 914 cunctis
1263 862 1564 915 Gabinium
1592 861 1794 914 dimitti
1818 876 1859 907 10

172 934 388 986 iuberet
425 951 488 984 ac
525 933 909 986 documentum
959 933 1181 985 daretur
1218 952 1391 1003 neque
1431 932 1801 987 secundarum.

172 1023 352 1056 rerum
379 1012 651 1074 prouentu
677 1003 974 1056 insolenter
1001 1004 1157 1056 abuti
1176 1022 1352 1074 neque
1374 1003 1621 1055 aduersis
1641 1021 1795 1073 prae-

171 1093 402 1144 propere
431 1074 705 1127 debilitari
733 1083 1008 1144 oportere:
1060 1075 1224 1144 idque
1259 1074 1507 1144 proximo
1545 1071 1796 1144 exemplo

171 1163 342 1216 aeque
367 1153 537 1215 patet..
1627 1188 1638 1193 -

276 1215 328 1267 4.
369 1215 585 1285 Appius
625 1214 915 1281 Claudius,
961 1215 1144 1267 nescio
1190 1213 1468 1283 religionis
1516 1214 1689 1266 maior
1724 1232 1794 1265 an
1817 1227 1860 1259 15

171 1285 385 1356 patriae
421 1286 652 1351 iniuria,
693 1286 739 1337 si
775 1285 996 1355 quidem
1032 1284 1179 1336 illius
1217 1285 1655 1338 uetustissimum
1682 1299 1810 1337 mo:

171 1374 288 1407 rem
316 1355 580 1424 neglexit,
609 1356 768 1407 huius
791 1355 1213 1426 pulcherrimam
1236 1354 1463 1407 classem
1486 1355 1687 1422 amisit,
1715 1356 1793 1406 in-

171 1426 313 1479 festo
341 1425 543 1496 populo
572 1427 817 1479 obiectus
837 1466 850 1491 ,
880 1445 1002 1478 cum
1030 1427 1267 1494 effugere
1296 1426 1538 1478 debitam
1564 1443 1794 1495 poenam

170 1495 320 1549 nullo
349 1496 509 1548 modo
538 1515 697 1566 posse
725 1496 1057 1563 crederetur,
1087 1497 1268 1549 subito
1291 1498 1464 1550 coorti
1483 1497 1675 1550 imbris
1702 1496 1794 1548 be-

174 1566 368 1619 neficio
398 1575 550 1619 tutus
577 1567 684 1619 fuit
711 1586 742 1618 a
770 1567 1148 1620 damnatione:
1190 1568 1443 1620 discussa
1465 1568 1610 1619 enim
1630 1585 1791 1636 quae·
1817 1579 1860 1610 20

173 1636 351 1688 stione
379 1635 542 1687 aliam
567 1637 719 1688 uelut
746 1638 831 1689 dis
867 1636 1343 1706 interpellantibus
1384 1637 1449 1688 de
1477 1639 1686 1705 integro
1713 1637 1791 1687 in-

174 1707 409 1758 staurari
454 1725 563 1759 non
607 1706 832 1776 placuit.
910 1708 989 1759 ita
1033 1708 1117 1758 cui
1166 1708 1444 1758 maritima
1494 1714 1790 1776 tempestas

172 1794 370 1828 causae
406 1775 703 1830 dictionem
740 1786 1120 1844 contraxerat,
1159 1776 1411 1829 caelestis
1453 1777 1686 1828 salutem
1712 1784 1791 1828 at—

172 1846 316 1899 tulit.

278 1916 329 1969 5.
368 1916 580 1969 Eodem
616 1917 809 1969 auxilii
846 1935 1042 1986 genere
1071 1917 1308 1968 Tucciae
1336 1916 1564 1985 uirginis
1592 1915 1788 1968 Vesta-
1812 1929 1854 1961 25

171 1985 266 2054 lis,
295 1987 494 2039 incesti
522 1987 764 2039 criminis
794 2007 943 2053 reae,
985 1988 1209 2039 castitas
1238 1986 1500 2038 infamiae
1528 1987 1671 2039 nube
1698 1988 1789 2039 ob-

172 2065 390 2109 scurata
427 2058 665 2110 emersit.
729 2077 866 2128 quae
908 2058 1237 2110 conscientia
1272 2066 1422 2110 certa
1458 2057 1791 2110 sinceritatis

170 2218 272 2248 nam
300 2218 401 2249 cum
428 2218 476 2249 se
504 2204 623 2249 filius
652 2206 750 2250 eius
773 2204 962 2250 Sisenna
991 2205 1182 2264 genibus
1210 2206 1491 2250 accusatoris
1518 2204 1788 2249 subiecisset
1811 2210 1902 2243 Par-

175 2281 335 2332 petens
364 2276 557 2324 ueniam,
585 2277 798 2335 repulsus
826 2275 880 2321 ab
909 2290 978 2324 eo,
1008 2290 1198 2320 excusso
1227 2276 1359 2319 etiam
1389 2275 1550 2324 anulo,
1580 2282 1787 2334 spectan-

174 2351 239 2387 tes
268 2343 428 2394 mouit,
457 2351 502 2388 et
528 2346 588 2388 ita
615 2345 782 2390 dimitti
796 2345 1033 2391 Gabinium
1060 2345 1244 2404 placuit.
1295 2349 1333 2388 4.
1356 2347 1470 2404 App.
1492 2346 1701 2390 Claudius
1730 2345 1787 2389 oh
1811 2355 1854 2388 30

172 2413 383 2458 amissam
422 2414 612 2458 classem
647 2415 816 2460 infesto
854 2415 1026 2475 populo
1056 2415 1286 2465 obiectus,
1325 2428 1423 2459 cum
1454 2415 1654 2474 effugere
1680 2428 1788 2475 poe-

171 2496 272 2527 nam
301 2483 427 2528 nullo
456 2484 591 2528 niodo
618 2492 799 2543 posset,
838 2484 1058 2530 beneficio
1098 2484 1248 2529 subito
1290 2486 1435 2529 coorti
1464 2485 1618 2529 imbris
1646 2485 1788 2529 dilato

286 2637 306 2672 1
333 2634 518 2686 cupida
540 2628 595 2674 B'
638 2638 663 2675 5
686 2635 892 2675 memmis
914 2634 970 2684 B,
994 2634 1193 2674 memmii
1214 2634 1237 2673 b
1258 2631 1277 2687 ΙΙ
1299 2633 1460 2686 suplex
1482 2634 1524 2674 B
1572 2635 1595 2674 7
1619 2635 1787 2674 truci*

167 2689 301 2730 uultu
322 2691 365 2730 B
424 2693 449 2731 8
474 2691 714 2742 aliquadiu
736 2692 778 2731 B
854 2692 905 2732 12
927 2703 1234 2743 praepropere
1256 2691 1435 2742 scripsi:
1467 2703 1658 2743 propere
1681 2691 1723 2729 B
1744 2693 1787 2731 in

167 2760 270 2791 ras„
294 2760 571 2802 perpropere
594 2748 649 2799 D,
673 2749 856 2801 proprie
882 2746 944 2795 11·
976 2749 1084 2788 idem
1105 2747 1247 2786 uitium
1268 2753 1332 2786 est
1354 2750 1391 2792 6,
1417 2750 1457 2794 3,
1483 2750 1507 2787 6
1548 2749 1598 2787 13
1621 2747 1786 2788 debili-

166 2804 258 2843 tari
281 2825 331 2830 —
355 2808 486 2856 patet
507 2807 706 2857 suppleta
725 2811 822 2845 sunt
842 2807 884 2844 in
906 2820 969 2858 my
991 2803 1037 2846 B
1117 2803 1168 2843 15
1192 2815 1301 2845 ann
1321 2805 1504 2856 patriae
1526 2804 1722 2844 iniuria*
1743 2803 1784 2842 B

167 2859 222 2899 20
244 2861 514 2911 quaestione
539 2861 594 2909 B,
615 2863 695 2902 sed
714 2863 863 2903 stione
886 2863 929 2902 in
949 2877 1036 2903 ras.
1099 2861 1154 2903 21
1179 2859 1298 2902 alias
1322 2860 1344 2901 b
1395 2863 1448 2900 27
1474 2861 1657 2901 conscia
1679 2861 1721 2900 B
1742 2861 1784 2899 in

167 2927 255 2955 ras.
279 2918 437 2958 maiore
456 2915 476 2972 Η
499 2921 622 2959 certe
644 2917 702 2970 B,
728 2921 852 2978 certe
875 2919 912 2970 b,
936 2934 1007 2960 em.
1033 2919 1174 2961 Periz'.
