1924 3152
212 95 318 150 314
910 102 1010 148 LIB.
1049 103 1116 148 Vl.

210 210 348 260 iram
374 208 670 272 remittere,
699 206 899 260 adiecit
921 209 1084 260 etiam
1100 209 1398 262 caritatem.
1437 230 1538 264 nec
1558 212 1816 266 hactenus

210 277 583 331 beniuolentia
617 278 908 346 processit,
947 278 1046 330 sed
1080 279 1138 330 in
1174 298 1235 332 eo
1273 281 1648 335 conseruando
1682 283 1820 335 mira

212 366 424 418 quoque
452 354 567 398 arte
594 366 725 398 usus
755 355 853 399 est,
908 367 1035 400 nam
1060 358 1120 401 ut
1147 351 1318 402 sensit
1344 351 1571 421 cupidos
1600 353 1815 421 sangui-

208 418 295 468 nis
323 416 523 469 milites
553 418 928 487 superuenire,
967 427 1148 472 amoto
1177 419 1391 473 domino
1419 440 1614 490 rogum
1639 423 1819 475 extru-

169 487 294 538 5xit
338 488 494 557 eique
544 496 793 556 egentem
839 507 871 539 a
907 508 963 540 se
1008 490 1434 559 conprehensum
1478 500 1532 544 et
1578 493 1818 544 occisum

210 575 393 609 senem
440 558 748 627 superiecit.
815 558 1276 628 interrogantibus
1320 560 1516 613 deinde
1550 561 1815 615 militibus

207 627 432 680 ubinam
452 636 595 679 esset
608 628 826 694 Antius,
855 648 1072 681 manum
1094 648 1226 699 rogo
1247 632 1542 696 intentans,
1569 632 1646 684 ibi
1666 631 1817 683 illum

209 697 351 749 datis
389 698 495 750 sibi
529 697 868 750 crudelitatis
915 699 1142 769 piaculis
1188 702 1274 752 uri
1318 701 1617 771 respondit.
1692 702 1817 772 quia

206 767 325 819 ueri
367 767 567 819 similia
592 766 943 837 loquebatur,
987 769 1177 822 habita
1204 779 1286 823 est
1328 771 1451 821 uoci
1493 770 1652 823 fides:
1709 790 1813 841 quo

143 853 184 883 10
207 837 390 889 euenit
415 847 476 890 ut
503 839 704 889 Antius
735 839 919 890 statim
947 841 1289 909 quaerendae
1315 839 1702 894 incolumitatis
1731 859 1815 893 oc-

207 908 484 961 casionem
516 907 924 978 adsequeretur.

370 1047 561 1102 VIIII.
611 1053 709 1099 DE
744 1052 1169 1101 MVTATIONE
1206 1053 1471 1102 MORVM
1506 1048 1681 1102 AVTv

807 1122 1204 1172 FORTVNAE.

309 1214 542 1267 Multum
589 1217 784 1268 animis
829 1216 1107 1269 hominum
1143 1225 1195 1269 et
1229 1217 1462 1269 fiduciae
1507 1218 1721 1270 adicere
1761 1224 1813 1269 et

140 1302 182 1335 15
206 1285 594 1338 sollicitudinis
625 1285 908 1338 detrahere
943 1295 1122 1356 potest
1150 1306 1357 1339 morum
1384 1306 1447 1339 ac
1480 1287 1731 1340 fortunae
1755 1289 1814 1338 in

205 1354 365 1407 claris
393 1355 528 1407 uiris
551 1357 835 1423 recognita
853 1357 1098 1422 mutatio,
1127 1357 1242 1409 siue
1262 1365 1476 1410 nostros
1501 1366 1673 1409 status
1697 1358 1812 1408 siue

169 1474 174 1476 ,
202 1425 573 1495 Proximorum
611 1425 830 1494 ingenia
866 1426 1306 1496 contemplemur.
1381 1445 1508 1477 nam
1535 1445 1658 1478 cum
1683 1426 1812 1478 alio-

205 1514 324 1546 rum
349 1494 602 1547 fortunas
632 1495 924 1566 spectando
955 1515 1023 1548 ex
1058 1496 1374 1548 condicione
1403 1496 1620 1548 abiecta
1647 1505 1811 1566 atque

203 1573 514 1635 contempta
535 1566 821 1617 emersisse
843 1565 1147 1618 claritatem
1165 1567 1464 1631 uideamus,
1487 1565 1620 1636 quid
1638 1566 1813 1618 aberit

136 1651 180 1683 20
204 1635 335 1704 quin
362 1643 414 1687 et
438 1635 545 1704 ipsi
571 1634 796 1688 meliora
823 1636 890 1687 de
917 1637 1076 1688 nobis
1107 1655 1320 1706 semper
1347 1636 1674 1704 cogitemus,
1702 1654 1810 1687 me-

201 1723 377 1756 mores
417 1704 645 1756 stultum
682 1724 800 1758 esse
846 1714 1142 1776 perpetuae
1186 1705 1526 1758 infelicitatis
1564 1724 1621 1757 se
1657 1724 1811 1776 prae-

201 1775 477 1842 damnare,
507 1794 782 1845 spemque,
848 1795 949 1828 uae
978 1777 1141 1828 etiam
1167 1777 1375 1829 incerta
1400 1783 1547 1828 recte
1573 1775 1809 1842 fouetur,

200 1845 474 1897 interdum
501 1853 705 1897 certam
731 1847 787 1897 in
856 1847 1252 1916 esperationem
1281 1846 1634 1899 conuertere?

308 1917 355 1968 1.
394 1915 631 1967 Manlius
660 1917 969 1986 Torquatus
998 1917 1134 1968 adeo
1160 1916 1372 1969 hebetis
1400 1924 1564 1986 atque
1591 1914 1810 1968 obtunsi

134 1999 177 2032 25
201 1985 380 2036 cordis
407 1986 550 2038 inter
574 1986 730 2037 initia
754 1987 1011 2038 iuuentae
1039 1987 1398 2049 existimatus,
1425 1995 1486 2038 ut
1499 1996 1544 2036 “a
1569 1993 1724 2055 patre
1742 1985 1807 2036 L.

199 2054 406 2108 Manlio
447 2055 783 2124 amplissimo
822 2057 967 2122 uiro,
1013 2057 1140 2125 quia
1185 2064 1238 2108 et
1279 2055 1589 2108 domesticis
1635 2063 1690 2106 et
1728 2055 1808 2105 rei

198 2123 455 2193 publicae
504 2125 696 2177 usibus
748 2125 958 2177 inutilis
1010 2125 1327 2191 uidebatur,
1389 2143 1482 2176 rus
1533 2122 1805 2191 relegatus

86 2266 176 2304 Par.
200 2255 469 2315 rogantibus
496 2256 654 2300 deinde
680 2255 900 2302 militibus
926 2256 1003 2301 ubi
1030 2263 1152 2301 esset
1177 2257 1364 2306 Antius,
1391 2270 1571 2300 manum
1597 2269 1712 2315 rogo
1740 2257 1807 2300 in-

199 2332 379 2371 tentans
407 2325 467 2370 ibi
494 2326 620 2370 illum
648 2327 764 2372 datis
793 2327 878 2371 sibi
916 2327 1194 2371 crudelitatis
1232 2325 1421 2386 piaculis
1450 2326 1521 2371 uri
1548 2325 1802 2386 respondit.

134 2410 176 2442 30
201 2396 305 2456 quia
331 2398 430 2441 ueri
458 2395 620 2441 similia
648 2396 935 2456 loquebatur,
964 2397 1111 2442 habita
1140 2403 1208 2441 est
1234 2396 1360 2441 fides.

301 2466 396 2510 DE
429 2466 830 2512 MVTATIONE
866 2467 1126 2513 MORVM.
1201 2469 1241 2510 1.
1297 2466 1486 2512 Manlius
1537 2466 1802 2525 Torquatus

197 2536 307 2581 adeo
336 2536 509 2582 hebetis
536 2544 672 2597 atque
701 2538 884 2583 obtunsi
910 2538 1058 2583 cordis
1097 2536 1378 2582 existimatus
1415 2542 1508 2586 est,
1547 2541 1598 2579 ut
1627 2549 1649 2580 a
1676 2541 1802 2594 patre

311 2661 333 2698 1
357 2663 550 2700 actenus
571 2653 625 2699 B'
686 2663 710 2700 3
734 2661 897 2712 cupido
918 2655 971 2698 B'
1035 2662 1084 2703 10
1106 2660 1229 2700 statfi
1249 2659 1290 2698 B
1310 2655 1328 2712 Η
1350 2658 1627 2698 occisionem
1647 2655 1702 2701 B,
1726 2668 1799 2694 oc·

198 2716 382 2755 casione
405 2716 428 2755 b
490 2718 540 2755 12
561 2716 642 2755 DE
664 2716 886 2757 MVTAT.
908 2737 966 2744 —
985 2716 1177 2755 Multum
1199 2716 1241 2755 B
1261 2717 1305 2754 z’n
1325 2717 1453 2754 litura
1473 2713 1618 2757 habet,
1641 2713 1737 2751 item
1758 2725 1798 2750 u.

197 2771 249 2810 18
273 2771 528 2827 vspectando
553 2785 607 2811 ex
629 2779 671 2812 et
689 2787 728 2811 u.
762 2774 816 2811 22
839 2784 926 2824 que
951 2785 1067 2824 quae
1091 2773 1232 2812 etiam
1331 2771 1382 2809 18
1404 2767 1655 2822 spectando
1680 2770 1724 2806 et
1747 2780 1802 2806 ex

196 2827 299 2866 dett.
368 2829 420 2866 21
445 2840 585 2879 saepe
609 2827 682 2879 (pe
704 2830 746 2868 in
768 2841 879 2880 prae
903 2828 1035 2880 corr.)
1062 2829 1308 2881 dampnare
1332 2825 1373 2865 B
1451 2826 1506 2863 24
1526 2823 1709 2863 habetis
1733 2827 1802 2863 at·

196 2894 283 2934 que
307 2879 534 2923 obtusisss'
594 2885 646 2923 26
671 2886 746 2935 qui
768 2888 814 2924 et
834 2878 888 2923 B'
