1936 3120
227 171 332 225 468
904 177 1003 222 LIB.
1043 172 1164 222 le.

342 285 392 336 3.
424 283 767 353 Quamquam
788 283 922 353 quid
943 283 1044 334 hoc
1066 283 1225 354 quasi
1241 283 1566 336 inusitatum
1585 282 1694 336 illis
1713 301 1841 353 gen-

230 356 375 407 tibus
402 355 680 419 miremur,
709 372 831 422 cum
853 353 1129 406 Sariaster
1147 354 1418 406 aduersus
1445 361 1659 424 patrem
1684 373 1843 407 suum

233 425 532 492 Tigranen,
561 425 856 491 Armeniae
882 442 1084 493 regem,
1122 425 1202 475 ita
1239 442 1360 475 cum
1397 423 1586 476 amicis
1622 442 1841 477 consen-

232 495 383 559 serit,
423 503 483 546 ut
524 512 708 546 omnes
747 513 775 546 e
813 494 1053 547 dexteris
1091 494 1345 547 manibus
1374 494 1695 564 sanguinem
1722 495 1841 546 mit-

188 584 208 615 5
233 571 410 616 terent
453 572 617 635 atque
663 583 784 617 eum
828 565 1063 617 inuicem
1107 565 1428 617 sorberent?
1472 565 1601 617 vix
1645 564 1844 617 ferrem

231 644 342 704 pro‘
359 633 533 686 salute
562 637 802 705 parentis
832 644 944 688 tam
972 642 1196 687 cruenta
1223 634 1622 705 conspiratione
1648 634 1842 688 foedus

233 705 544 757 facientem.

335 776 386 827 4.
429 774 537 827 Sed
574 775 706 846 quid
742 794 841 845 ego
879 776 987 827 ista
1023 784 1302 828 consector
1337 782 1432 827 aut
1469 773 1602 845 quid
1634 774 1719 825 his
1747 775 1843 825 im-

228 863 438 912 moror,
477 864 601 897 cum
636 846 796 897 unius
837 845 1125 915 parricidii
1151 844 1484 914 cogitatione
1512 853 1707 897 cuncta
1733 863 1842 896 sce-

166 935 207 966 10
230 916 343 968 lera
371 922 629 986 superata
660 918 917 968 cernam?
995 916 1142 969 omni
1177 916 1347 985 igitur
1380 915 1589 985 impetu
1623 915 1840 983 mentis,

231 987 482 1040 omnibus
521 986 916 1055 indignationis
952 987 1163 1039 uiribus
1192 987 1263 1038 ad
1289 985 1344 1038 id
1371 984 1724 1038 lacerandum
1749 985 1839 1055 pio

229 1057 404 1126 magis
441 1075 605 1128 quam
641 1056 826 1110 ualido
865 1056 1087 1110 adfectu
1113 1057 1315 1127 rapior.
1390 1056 1510 1127 quis
1540 1057 1684 1108 enim
1710 1054 1839 1107 ami-

229 1127 388 1179 citiae
414 1127 522 1179 fide
551 1128 793 1179 extincta
819 1146 988 1197 genus
1017 1127 1316 1179 humanum
1350 1127 1587 1179 cruentis
1613 1126 1670 1177 in
1695 1134 1840 1178 tene·
1886 1129 1889 1131 ’

229 1198 344 1251 bris
382 1197 613 1268 sepelire
650 1206 903 1250 conatum
930 1197 1202 1269 profundo
1230 1197 1452 1250 debitae
1477 1195 1838 1249 execrationis

167 1286 209 1318 15
234 1268 366 1320 satis
396 1268 715 1321 efficacibus
744 1269 929 1321 uerbis
957 1267 1240 1338 adegerit?
1290 1276 1350 1319 tu
1376 1266 1631 1319 uidelicet
1656 1266 1839 1318 effera-

229 1347 318 1391 tae
354 1339 649 1391 barbariae
683 1339 1021 1391 immanitate
1064 1337 1424 1391 truculentior
1457 1337 1698 1389 habenas
1738 1336 1839 1388 Ro-

227 1409 376 1461 mani
410 1409 652 1479 imperii,
696 1427 827 1479 quas
864 1409 1117 1479 princeps
1154 1415 1460 1479 parensque
1483 1414 1673 1460 noster
1699 1405 1840 1458 salu-

230 1481 336 1531 tari
364 1479 594 1531 dextera
617 1481 879 1546 continet,
910 1498 1104 1549 capere
1126 1478 1391 1549 potuisti?
1433 1486 1527 1529 aut
1544 1484 1596 1529 te
1618 1483 1845 1547 conpote

231 1549 431 1600 furoris
477 1550 712 1602 mundus
759 1550 815 1600 in
862 1567 957 1601 suo
995 1557 1143 1601 statu
1179 1548 1512 1600 mansisset?
1586 1547 1780 1600 urbem
1816 1565 1847 1598 a

169 1638 211 1670 20
235 1619 409 1672 Gallis
439 1628 658 1690 captam
686 1628 738 1672 et
760 1628 1126 1672 trecentorum
1147 1618 1383 1688 inclytae
1405 1617 1581 1687 gentis
1604 1617 1845 1670 uirorum

234 1698 417 1759 strage
452 1691 734 1742 feedatum
763 1689 1062 1742 Alliensem
1090 1690 1234 1741 diem
1262 1696 1316 1741 et
1342 1706 1630 1759 oppressos
1661 1687 1720 1738 in
1744 1686 1841 1739 Hi-

233 1762 425 1831 spania
453 1760 737 1831 Scipiones
767 1769 821 1812 et
849 1761 1287 1831 Trasymennum
1324 1758 1504 1811 lacum
1539 1767 1591 1811 et
1628 1757 1844 1810 Cannas

230 1830 611 1901 bellorumque
649 1831 893 1884 ciuilium
931 1831 1229 1883 domestico
1271 1830 1538 1899 sanguine
1564 1835 1845 1880 manantes

194 1925 199 1930 ·
231 1902 444 1954 furores
493 1902 801 1954 amentibus
840 1901 1135 1971 propositis
1173 1901 1375 1954 furoris
1415 1900 1496 1951 tui
1532 1916 1845 1969 repraesen-
1879 1937 1883 1941 .

168 1989 210 2022 25
233 1982 349 2025 tare
377 1980 430 2024 et
457 1974 676 2024 uincere
703 1972 948 2024 uoluisti.
985 1972 1086 2024 sed
1111 1970 1411 2040 uigilarunt
1439 1969 1580 2022 oculi
1601 1969 1843 2033 deorum,

234 2043 417 2095 sidera
453 2061 610 2094 suum
645 2043 894 2110 uigorem
924 2043 1291 2107 obtinuerunt,
1331 2059 1477 2106 arae,
1553 2038 1842 2103 uluinaria‚

231 2112 437 2183 templa
461 2114 736 2182 praesenti
761 2114 981 2164 numine
1006 2111 1213 2164 uallata
1240 2119 1366 2163 sunt
1389 2109 1505 2162 nihi
1530 2128 1660 2180 que,
1699 2106 1846 2179 quod

235 2202 333 2253 pro
363 2184 542 2252 capite
571 2191 802 2252 augusto
831 2201 894 2234 ac
921 2183 1104 2252 patria
1131 2181 1402 2233 excubare
1431 2179 1636 2246 debuit,
1665 2186 1844 2247 torpo-

234 2272 350 2305 rem
395 2253 502 2306 sibi
544 2253 819 2323 permisit,
873 2261 926 2304 et
978 2253 1034 2303 in
1083 2251 1270 2321 primis
1324 2246 1514 2303 auctor
1563 2256 1649 2301 ac'
1675 2246 1847 2300 tutela

171 2345 212 2377 30
234 2332 456 2376 nostrae
494 2322 880 2376 incolumitatis
917 2342 984 2374 ne
1027 2321 1485 2374 excellentissima
1519 2319 1715 2371 merita
1750 2337 1847 2370 sua

233 2395 400 2448 totius
431 2394 579 2447 orbis
606 2394 767 2446 ruina
795 2393 1214 2446 conlaberentur
1241 2392 1428 2444 diuino
1469 2388 1696 2443 consilio
1723 2407 1845 2460 pro-

350 2526 370 2563 1
394 2523 501 2563 ullis
525 2523 566 2563 B
639 2526 664 2564 3
686 2524 933 2576 tigrannen
957 2523 1181 2562 arminiae
1204 2515 1258 2562 B'
1318 2523 1344 2562 4
1366 2535 1389 2562 e
1413 2520 1615 2561 dexteris
1637 2526 1738 2560 nos:
1771 2530 1847 2558 ex-

233 2581 346 2620 teris
370 2580 423 2627 B,
447 2580 649 2620 dexteris
671 2594 708 2619 m
730 2586 772 2620 et
793 2580 834 2619 B
856 2593 920 2633 my
979 2581 1005 2620 5
1028 2579 1262 2619 soluerent
1283 2578 1339 2626 B,
1363 2591 1438 2618 em.
1461 2580 1504 2617 in
1525 2589 1602 2629 my.
1624 2572 1644 2628 ΙΙ
1672 2575 1848 2615 ferrent

234 2636 290 2684 B,
323 2650 398 2676 em.
430 2637 470 2679 J.
493 2637 571 2679 Fr.
598 2637 726 2678 Gron.
808 2637 835 2677 8
877 2633 1150 2688 con[sector]
1184 2638 1264 2675 aut
1293 2634 1399 2687 quid
1428 2633 1500 2674 his
1542 2630 1772 2686 [immoror
1794 2633 1846 2657 -ῑ-

233 2690 489 2745 parri]cidii
527 2689 741 2746 [cogitat.
771 2714 816 2720 —
844 2689 1082 2745 superata]
1126 2704 1311 2732 cernam
1341 2690 1381 2730 B
1462 2690 1514 2730 18
1551 2690 1775 2741 ν(εοῐιροίκειοι
1806 2685 1846 2724 Β

235 2750 290 2788 20
313 2748 449 2801 gellis
471 2743 526 2788 B'
586 2751 638 2789 22
662 2749 1036 2801 thrasymennum
1059 2749 1082 2788 b
1142 2750 1196 2789 23
1218 2748 1458 2787 manantes
1482 2745 1648 2786 furoris
1668 2743 1726 2790 B,
1750 2754 1844 2782 ma-

236 2804 419 2845 dentem
441 2805 727 2846 hemathiam
749 2806 771 2845 h
797 2806 895 2857 (aut
915 2806 1094 2846 hemum
1116 2803 1213 2856 my.)
1290 2805 1344 2844 25
1365 2802 1557 2843 noluisti
1585 2793 1655 2854 Β(
1690 2799 1745 2839 26
1767 2798 1844 2839 ob-

237 2858 492 2913 ti[nuerunt
529 2860 657 2914 a]rae
686 2875 729 2914 p.
763 2866 794 2901 t.
825 2863 1064 2914 praesenti
1099 2859 1300 2914 [numine
1332 2882 1383 2888 —-
1412 2857 1592 2912 ni]hilq.
1623 2854 1743 2908 quod
1764 2866 1844 2907 pro

238 2913 413 2970 [capite
434 2939 491 2946 -——
514 2916 764 2971 exc]ubare
788 2918 829 2958 B
909 2918 963 2958 28
997 2920 1194 2968 augusto
1217 2917 1489 2957 Perizonius:
1522 2911 1705 2966 augusti
1726 2910 1800 2955 Bes
1823 2906 1844 2963 Η

233 2978 417 3027 torpore
439 2975 494 3025 B,
518 2972 700 3027 torpere
724 2974 747 3014 b
807 2976 860 3014 29
883 2969 1099 3033 tutelp‘B'
