1924 3152
172 132 272 186 198
849 135 963 197 με.
1002 130 1102 185 ΠΗ..

169 254 257 300 tra
300 244 553 315 spiritum
596 242 774 293 luctus
825 241 1122 295 acerbitate
1164 240 1495 313 permixtum
1537 261 1617 299 ex.
1645 246 1782 318 ipsis

167 313 503 387 praecordiis
538 318 592 366 et
623 311 929 365 uisceribus
954 311 1164 380 hausit,
1198 324 1313 366 tam
1345 311 1588 368 uiolenta
1612 323 1784 371 morte

167 393 401 438 testatus
425 389 692 454 quantum
716 381 981 435 maritalis
1002 381 1255 438 flammae
1281 383 1376 437 illo
1395 391 1616 456 pectore
1643 383 1784 439 clau-

169 473 291 508 sum
314 454 616 508 habuisset.

122 545 147 577 5
274 525 325 577 3.
388 523 654 577 Eiusdem
697 531 757 575 ut
801 524 1063 592 nominis,
1109 524 1187 577 ita
1230 525 1428 577 amoris
1464 543 1674 597 quoque
1707 527 1785 578 M.

168 595 437 648 Plautius
503 613 633 647 nam
667 611 791 646 cum
825 594 1053 665 imperio
1092 602 1312 647 senatus
1349 594 1582 649 classem
1616 597 1786 650 socio-

165 684 287 719 rum
311 666 604 735 sexaginta
618 664 842 717 nauium
866 664 924 716 in
944 665 1136 718 Asiam
1155 665 1444 719 reduceret
1463 667 1784 720 Tarentum-

205 755 273 789 ue
319 735 623 806 appulisset
656 743 821 805 atque
854 735 933 787 ibi
966 755 1106 789 uxor
1151 736 1265 789 eius
1305 735 1594 804 Orestilla,
1646 755 1785 808 quae

165 807 183 858 i
209 806 297 859 luc
323 825 447 859 eum
471 813 762 878 prosecuta
788 804 985 872 fuerat,
1014 805 1202 860 morbo
1223 824 1414 886 pressa
1439 806 1784 875 decessisset,

99 897 143 931 ιο
165 876 419 931 funerata
453 896 517 930 ea
553 884 608 929 et
641 875 699 927 in
733 893 928 945 rogum
962 876 1203 948 inposita
1236 882 1379 929 inter
1415 876 1657 930 officium
1690 896 1787 930 un·

164 947 369 1018 guendi
419 956 472 1000 et
523 945 805 1000 osculandi
855 946 1043 1001 stricto
1087 947 1232 999 ferro
1283 947 1548 1002 incubuit.
1626 965 1789 1019 quem

166 1018 358 1085 amici,
388 1018 531 1071 sicut
556 1024 697 1083 erat,
736 1024 988 1085 togatum
1014 1024 1067 1071 et
1094 1016 1396 1070 calceatum
1421 1016 1635 1089 corpori
1661 1035 1788 1072 con-

164 1089 311 1157 iugis
342 1088 663 1153 iunxerunt,
716 1105 779 1139 ac
807 1085 1003 1140 deinde
1039 1088 1301 1142 subiectis
1330 1088 1545 1143 facibus
1582 1095 1787 1141 utrum-

165 1176 270 1229 que
294 1176 407 1210 una
433 1163 828 1210 cremauerunt.
884 1176 1113 1228 quorum
1138 1158 1216 1211 ibi
1241 1157 1448 1211 factum
1475 1157 1785 1229 sepulcrum

101 1247 143 1283 15
169 1230 286 1298 [est
321 1227 581 1299 Tarenti]
632 1228 798 1280 etiam
840 1246 986 1282 nunc
1031 1228 1386 1299 conspicitur,
1433 1228 1583 1300 quod
1624 1246 1785 1281 uoca-

163 1309 254 1353 tur
287 1307 411 1351 ΔΥΟ
445 1306 817 1354 ΦΙΛΟΥΝΤωΝ.
869 1317 971 1352 nec
998 1299 1189 1351 dubito
1217 1299 1374 1370 quin,
1404 1299 1451 1362 si
1476 1299 1598 1370 quis
1625 1299 1785 1352 modo

166 1371 426 1425 extinctis
454 1388 645 1423 sensus
674 1371 843 1437 inest,
881 1368 1128 1422 Plautius
1167 1377 1220 1420 et
1246 1365 1506 1421 Orestilla
1530 1369 1634 1422 fati
1660 1388 1795 1422 con-.

166 1441 404 1494 sortione
437 1441 734 1510 gestientes
771 1439 956 1493 uultus
993 1438 1231 1492 tenebris
1268 1437 1570 1492 intulerint.
1632 1458 1784 1492 sane-

165 1529 268 1582 que
293 1511 391 1564 ubi
425 1511 573 1564 idem
600 1518 654 1563 et
678 1511 950 1564 maximus
980 1517 1033 1562 et
1055 1509 1474 1562 honestissimus
1504 1527 1656 1563 amor
1682 1517 1782 1577 est,

98 1603 143 1636 20
164 1580 446 1653 aliquanto
474 1589 721 1652 praestat
746 1589 922 1635 morte
947 1580 1100 1648 iungi
1127 1598 1292 1650 quam
1319 1578 1554 1632 distrahi
1578 1581 1714 1632 uita.

267 1653 318 1704 4.
371 1651 685 1705 Consimilis
714 1650 963 1704 adfectus
991 1650 1197 1716 Iuliae,
1237 1648 1298 1702 G.
1327 1649 1580 1720 Caesaris
1619 1649 1783 1717 filiae,

162 1722 457 1775 adnotatus
496 1729 595 1774 est.
648 1740 786 1792 quae
827 1739 949 1774 cum
984 1719 1251 1774 aediliciis
1287 1719 1521 1773 comitiis
1557 1721 1787 1791 Pompei

161 1792 378 1862 Magni,
431 1793 677 1862 coniugis
730 1793 841 1860 sui,
892 1800 1106 1845 uestem
1157 1808 1350 1843 cruore
1399 1807 1706 1861 respersam
1757 1809 1786 1844 e

163 1881 356 1934 campo
392 1863 614 1916 domum
639 1861 871 1916 relatam
894 1861 1153 1928 uidisset,
1190 1861 1384 1913 territa
1410 1869 1559 1914 metu
1584 1879 1652 1913 ne
1679 1878 1786 1932 qua

99 1953 143 1986 25
168 1934 219 1986 ei
254 1934 340 1986 uis
378 1941 522 1986 esset
566 1932 779 2001 adlata,
834 1933 1102 1986 exanimis
1147 1931 1386 1984 concidit
1435 1939 1781 2002 partumque,

163 2022 325 2073 quem
362 2008 518 2057 utero
563 2011 887 2075 conceptum
921 2003 1188 2069 habebat,
1239 2001 1423 2055 subita
1459 2002 1624 2054 animi
1660 2019 1783 2065 con-

52 2155 146 2192 Par.
171 2149 429 2210 prohibitus
458 2155 735 2210 curatusque
762 2163 785 2195 a
810 2147 994 2194 medicis
1022 2147 1210 2193 rescidit
1235 2147 1419 2192 uulnus.
1481 2149 1519 2192 3.
1559 2147 1614 2191 M.
1652 2147 1782 2192 Plau·

168 2220 259 2266 tius
287 2219 479 2280 imperio
507 2224 691 2265 senatus
719 2232 821 2264 cum
848 2217 1039 2264 classem
1066 2217 1112 2261 in
1138 2216 1289 2262 Asiam
1316 2216 1568 2267 reduceret,
1599 2217 1782 2262 Tarenti

168 2290 333 2337 amissa
353 2303 495 2336 uxore
517 2287 727 2334 Orestilla
752 2290 873 2334 inter
900 2286 1099 2335 officium
1118 2286 1327 2348 ploratus
1358 2299 1405 2331 se
1426 2287 1606 2333 occidit.
1649 2300 1782 2348 quem

93 2370 146 2405 so
169 2362 311 2411 amici,
341 2359 459 2406 sicut
487 2365 599 2417 erat,
626 2365 833 2418 togatum
855 2360 1027 2419 pariter
1053 2363 1396 2405 cremauerunt:
1427 2363 1472 2402 et
1497 2356 1627 2404 locus
1647 2358 1780 2405 modo

165 2431 346 2477 Tarenti
381 2421 470 2475 δύο
506 2421 789 2489 φιλούντων
825 2429 1005 2475 dicitur.
1081 2432 1123 2472 4.
1165 2427 1300 2478 Iulia,
1347 2426 1398 2473 C.
1435 2427 1637 2474 Caesaris
1674 2427 1780 2479 filia,

163 2500 351 2562 Pompei
393 2514 534 2550 uxor,
584 2514 685 2547 cum
733 2499 950 2546 aediliciis
999 2498 1196 2546 comitiis
1245 2497 1453 2558 coniugis
1491 2499 1561 2544 sui
1605 2504 1782 2545 uestem

158 2585 328 2618 cruore
356 2584 588 2633 aspersam
614 2569 878 2632 accepisset,
906 2570 1068 2616 territa
1094 2576 1233 2619 metu,
1264 2567 1456 2614 alienata
1484 2569 1650 2620 animo,
1679 2583 1780 2630 par·-

281 2709 302 2747 1
337 2709 587 2750 acerbitati
615 2709 639 2749 b
711 2710 736 2750 9
766 2720 987 2762 oppressa
1010 2708 1105 2750 cod.
1133 2707 1281 2758 Copes.
1352 2703 1406 2745 10
1427 2716 1506 2745 ea*
1526 2704 1569 2744 B
1636 2706 1689 2745 14
1710 2717 1779 2744 se-

160 2762 407 2816 pulchrum
444 2768 518 2805 est
552 2764 615 2812 B,
668 2765 930 2818 sepulcrum
960 2764 1010 2811 b:
1054 2765 1239 2816 ,qlossam
1275 2762 1448 2814 agnouit
1474 2761 1648 2817 Lipsius
1729 2764 1779 2802 16

160 2827 428 2873 ψιΛογΝτωΝ
450 2820 494 2860 Β
521 2822 565 2862 in
593 2834 680 2862 ras.
712 2823 870 2864 maiore
940 2821 991 2862 18
1020 2831 1180 2873 saneq.
1210 2818 1277 2859 B.-
1308 2828 1421 2859 sane
1442 2816 1466 2857 b
1536 2818 1589 2858 23
1620 2829 1779 2870 asper-

158 2889 265 2921 ·sam
284 2879 327 2918 P
381 2876 436 2918 25
458 2875 663 2918 adlatam
683 2875 726 2916 B

277 2935 333 2976 28
354 2929 530 2987 Asiam]
558 2933 705 2974 aciem
733 2934 781 2973 V
