1924 3152
211 113 319 189 224
673 186 677 191 .
933 143 1033 189 Lus,
1073 142 1122 188 v.

214 267 324 315 eOS,
354 249 447 319 qui
472 266 570 300 nos
599 255 789 301 amant
812 247 1206 303 interficiemus
1222 289 1236 317 ,
1277 251 1409 321 quid
1443 251 1522 304 e'is
1548 250 1832 320 faeiemuS,

212 319 409 391 quibus
432 318 558 373 odio
581 326 788 371 sumus'
803 318 829 372 P
879 321 1104 373 minime
1124 320 1291 390 digna
1315 339 1428 374 uox
1453 322 1542 374 cui
1566 320 1838 376 adiciatur

213 407 332 442 eam
377 408 446 441 ex
486 390 713 459 tyranni
761 408 854 443 ore
907 391 999 459 [de
1035 391 1395 463 humanitate]
1435 411 1723 450 manasse..
1777 393 1836 448 in

211 459 353 512 hunc
380 459 605 513 modum
629 459 775 513 filiae
800 460 1060 514 iniuriam
1085 462 1228 529 tulit,
1257 481 1414 515 suam
1438 461 1610 519 multo
1649 462 1835 516 lauda-

169 529 396 584 5bilius.
480 549 512 582 a
551 530 862 603 Thrasippo
903 534 1076 588 amico
1127 534 1271 587 inter
1319 551 1512 587 cenam
1562 535 1679 587 sine
1726 531 1836 592 fine

213 601 460 654 conuicio
504 599 775 656 laceratus
822 604 901 656 ita
945 612 1000 657 et
1034 605 1276 657 animum
1315 613 1370 659 et
1409 621 1602 658 uocem
1639 603 1710 658 ab
1752 603 1836 657 ira

213 671 476 739 cohibuit,
503 680 566 725 ut
589 682 812 743 putares
839 673 1132 728 satellitem
1154 694 1186 726 a
1204 683 1439 746 tyranno
1460 674 1601 727 male
1626 673 1835 743 audire.

212 743 506 795 abeuntem
550 761 763 815 quoque
781 784 795 811 ,
845 746 1055 799 ueritus
1102 764 1170 797 ne
1213 753 1437 816 propter
1478 752 1684 798 metum
1722 763 1834 797 ma·

213 814 390 866 turius
442 833 500 866 se
551 815 804 868 conuiuio
858 815 1206 868 subtraheret
1223 855 1237 882 ,
1297 815 1621 870 inuitatione
1677 815 1834 869 fami-

151 902 193 934 10
214 883 338 936 liari
363 885 543 955 coepit
567 886 820 939 retinere.
872 884 1216 957 Thrasippus
1243 887 1548 940 concitatae
1572 884 1835 940 temulen-

212 955 323 1008 tiae
370 956 581 1026 impetu
624 957 830 1009 euictus
870 975 930 1010 os
969 957 1084 1009 eius
1123 964 1283 1028 sputo
1309 957 1590 1028 respersit,
1627 975 1730 1009 nec
1754 965 1834 1010 ta-

213 1044 339 1078 men
381 1027 438 1078 in
481 1026 785 1080 uindictam
831 1027 915 1079 sui
958 1027 1133 1081 ualuit
1179 1026 1494 1082 accendere.
1567 1026 1660 1080 ille
1702 1045 1833 1080 uero

214 1096 380 1149 etiam
406 1096 549 1150 filios
586 1117 713 1151 suos
752 1097 992 1151 uiolatae
1028 1099 1201 1170 patris
1237 1098 1516 1152 maiestati
1543 1098 1835 1153 subvenire

214 1167 483 1237 cupientis
511 1169 760 1221 retraxit.
823 1178 1152 1240 posteroque
1180 1169 1271 1222 die
1292 1169 1602 1240 Thrasippo
1632 1167 1835 1239 suppli-

150 1254 191 1288 15
215 1238 360 1290 cium
386 1257 419 1290 a
445 1257 502 1291 se
527 1238 838 1292 uoluntaria
861 1248 1033 1293 morte
1060 1241 1281 1309 exigere
1307 1239 1548 1305 uolente,
1583 1241 1735 1292 uenit
1762 1238 1834 1291 ad

213 1327 338 1361 eum
365 1310 603 1390 dataque
642 1309 750 1362 fide
785 1310 844 1362 in
877 1310 1067 1364 eodem
1092 1310 1271 1380 gradu
1305 1310 1581 1363 amicitiae
1616 1327 1833 1362 mansu-

213 1398 361 1446 rum,
400 1381 470 1433 ab
517 1387 733 1451 mcepto
790 1382 1090 1434 reuocauit.
1156 1382 1203 1433 si
1235 1380 1373 1433 nihil
1409 1378 1561 1433 aliud
1608 1380 1835 1450 dignum

213 1450 418 1504 honore
452 1452 748 1504 memoriae
773 1452 1067 1521 gessisset,
1103 1451 1188 1503 his
1215 1460 1401 1505 tamen
1425 1451 1587 1505 factis
1615 1451 1832 1506 abunde

214 1540 271 1573 se
295 1521 610 1591 posteritati
635 1522 1070 1575 conmendasset.
1717 1537 1724 1543 “

150 1607 192 1640 20
321 1592 371 1644 3.
413 1593 604 1663 Aeque
655 1593 804 1645 mitis
857 1594 1069 1645 animus
1120 1593 1283 1663 Pyrri
1332 1593 1495 1662 regis,
1582 1591 1834 1644 audierat

215 1663 482 1733 quosdam
518 1664 577 1714 in
610 1664 863 1716 conuiuio
901 1664 1324 1716 Tarentinorum
1366 1681 1560 1734 parum
1601 1661 1833 1716 honora-

181 1771 185 1775 ·
213 1740 330 1785 tum
352 1733 419 1786 de
440 1752 498 1786 se
519 1752 823 1787 sermonem
844 1734 1129 1789 habuisse:
1170 1735 1466 1787 accersitos
1488 1734 1581 1804 qui
1603 1733 1654 1785 ei
1670 1733 1834 1785 inter-

214 1803 435 1857 fuerant
459 1806 895 1875 percontabatur
927 1824 998 1858 an
1034 1824 1124 1872 ea,
1172 1823 1310 1875 quae
1354 1804 1425 1858 ad
1462 1822 1622 1857 aures
1657 1804 1832 1875 ipsius

214 1883 595 1945 peruenerant,
618 1876 907 1929 dixissent.
970 1885 1087 1930 tum
1113 1895 1183 1929 ex
1201 1875 1286 1928 his
1313 1894 1454 1929 unus
1483 1875 1630 1928 ‘nisi’
1657 1874 1835 1945 inquit

151 1961 193 1994 25
215 1946 425 1998 euinum
451 1965 551 2000 nos
580 1947 888 2011 defecisset,
924 1949 1034 1999 ista
1059 1965 1198 2017 quae
1220 1947 1324 1999 tibi
1349 1945 1526 1999 relata
1551 1953 1678 2001 sunt
1701 1963 1834 2016 prae
1867 2009 1869 2011 ι

216 2017 294 2068 eis
316 2035 454 2087 quae
476 2017 543 2070 de
570 2025 624 2071 te
643 2017 878 2072 locuturi
899 2037 1111 2071 eramus
1132 2018 1284 2070 lusus
1302 2035 1367 2070 ac
1385 2018 1535 2071 iocus
1558 2016 1834 2068 fuissent’.

100 2143 190 2179 Par.
216 2135 385 2188 rimus,
427 2136 535 2195 quid
573 2138 638 2182 eis
679 2137 921 2188 faciemus,
963 2135 1128 2196 quibus
1169 2136 1272 2182 odio
1313 2135 1528 2182 sumus?’
1590 2160 1648 2167 -
1712 2134 1834 2180 Idem

216 2220 239 2252 a
280 2205 541 2267 'Thrasippo
586 2208 729 2253 amico
776 2207 895 2252 inter
939 2220 1094 2253 cenam
1137 2207 1348 2252 conuicio
1388 2205 1628 2251 lacessitus
1665 2203 1831 2250 tacuit:

218 2283 459 2323 exeuntem
511 2278 726 2322 conuiuio
779 2291 880 2323 cum
931 2276 1214 2322 familiariter
1263 2277 1507 2326 retineret,
1560 2274 1638 2320 ille
1690 2281 1832 2334 temu-

152 2347 384 2394 3olentiae
444 2348 618 2409 impetu
669 2348 845 2394 euictus
898 2362 949 2394 os
1001 2349 1099 2394 eius
1151 2354 1287 2408 sputo
1338 2348 1572 2408 respersit.
1646 2352 1833 2406 postero

217 2418 288 2464 die
329 2418 634 2479 Thrasippum
670 2418 942 2481 supplicium
981 2418 1237 2465 uoluntaria
1265 2424 1412 2464 morte
1458 2418 1639 2478 exigere
1673 2416 1833 2462 uolen-

218 2496 308 2535 tem
359 2489 414 2536 ab
466 2491 646 2551 incepto
699 2491 950 2536 reuocauit.
1029 2493 1070 2536 3.
1129 2490 1332 2550 Pyrrhus
1381 2503 1485 2535 cum
1536 2487 1739 2534 audisset
1789 2486 1834 2531 in

333 2615 355 2653 1
393 2613 462 2654 his
494 2614 536 2654 B
615 2617 641 2656 3
677 2613 733 2655 de
769 2614 1062 2655 humanitate
1101 2615 1183 2657 del.
1222 2614 1416 2666 Piyhizcs,
1464 2615 1510 2653 et
1545 2611 1834 2652 immanitate

216 2670 393 2722 Lipsius
459 2672 484 2710 5
517 2684 678 2727 cenam
706 2671 749 2711 B
819 2674 841 2712 7
877 2684 902 2711 a
931 2673 974 2711 in
1003 2671 1046 2711 B
1075 2684 1110 2711 s.
1143 2674 1168 2711 l.
1239 2672 1293 2711 10
1319 2669 1554 2722 trasippus
1583 2668 1649 2708 hic
1669 2666 1712 2706 B
1783 2667 1833 2705 11

214 2727 400 2766 euictus
430 2728 491 2767 P:
525 2731 693 2769 euectu
722 2728 784 2775 B,
827 2729 977 2769 eiecto
1007 2729 1051 2775 b,
1094 2729 1283 2767 euectus
1314 2737 1342 2778 ς
1421 2728 1473 2767 13
1501 2723 1763 2764 maiestatis
1792 2722 1836 2762 B

220 2784 273 2823 14
295 2782 541 2835 suplicium
562 2784 605 2824 B
666 2787 719 2825 15
740 2784 919 2826 uolenti
940 2785 983 2824 B
1050 2786 1102 2823 21
1128 2783 1350 2835 quosdam
1366 2782 1439 2823 xB:
1472 2779 1593 2834 apud
1615 2777 1834 2831 quosdam

219 2839 263 2886 b,
299 2838 495 2891 quodam
522 2841 803 2889 Freinshez‘m‚
838 2841 1069 2892 quondam
1098 2841 1222 2893 Lips.
1291 2841 1345 2879 22
1376 2851 1424 2879 se
1455 2841 1497 2878 in
1525 2837 1567 2877 B
1595 2849 1629 2876 s.
1650 2837 1676 2876 l.
1705 2832 1725 2889 Η
1753 2835 1835 2875 ha-

218 2895 376 2936 buisse
403 2897 464 2936 Γ.·
496 2897 706 2937 habitum
728 2898 770 2937 B
806 2894 834 2951 H
856 2897 1170 2938 interfuerunt
1189 2896 1252 2945 B,
1285 2909 1363 2938 em.
1382 2908 1404 2935 e
1426 2895 1467 2935 P
1530 2894 1586 2934 25
1615 2904 1698 2933 nos
1727 2891 1834 2932 BP:

218 2953 351 2994 nobis
376 2954 477 2994 dett.
539 2955 593 2995 26
615 2953 686 2993 his
709 2954 751 2994 B
772 2949 790 3008 Η
811 2955 1011 2995 fuissent
1031 2954 1121 2994 Pb:
1152 2953 1318 2994 fuisset
1339 2952 1381 2992 B
