1924 3152
0 9 16 26 a,
37 0 47 7 -.
108 0 176 16 μην·
192 0 239 16 ν
256 0 258 2 v
319 0 353 10 >w
400 6 401 9 ,
434 0 458 7 -ι
480 0 492 17 -μ
544 0 570 6 v·
605 0 650 13 χ’.
699 0 706 5 <
776 0 783 2 -
799 0 890 11 '‘fi-'ww'
908 0 1195 23 ”J'w'ffv-''w-YIPJW-
1218 10 1223 12 ⁷
1306 18 1317 26 ,

151 20 158 22 ·
173 24 183 27 κ
442 27 445 30 .
595 30 598 31 r
915 18 925 27 γ’
941 19 943 21 ’
1075 23 1090 33 *³
1139 24 1163 34 Λ,
1181 31 1183 34 ⁴
1205 18 1212 23 ⁹
1227 19 1230 22 Δ
1254 20 1259 27 '

195 127 301 181 250
902 134 998 180 LIB.
1023 131 1086 179 V.

198 241 518 308 striS.uagos
548 246 602 290 et
629 239 890 291 siluarum
925 240 1147 293 latebris
1175 258 1402 311 corpora
1429 259 1527 295 sua
1551 241 1797 313 tegentes

194 310 251 360 in
278 309 605 378 modumque
638 308 881 361 ferarum
906 309 1115 362 laniatu
1149 311 1422 381 pecudum
1445 313 1694 366 uiuentes
1721 316 1799 366 sic

193 379 364 430 Dario
392 378 720 448 respondere
748 380 973 433 docuit?
1021 379 1116 432 illa
1141 381 1424 449 nimirum,
1462 401 1600 453 quae
1633 383 1799 436 etiam

197 448 383 500 Croesi
409 448 579 500 filium
605 448 863 519 loquendi
880 469 983 501 usu
1010 449 1282 503 defectum
1309 452 1380 504 ad
1404 453 1798 522 protegendam

142 545 162 577 5
192 520 364 589 patris
391 518 819 571 incolumitatem
853 521 1152 574 ministerio
1179 521 1330 575 uocis
1358 523 1635 585 instruxit.
1675 541 1800 594 cap-

191 589 261 641 tis
289 588 433 640 enim
460 606 492 640 a
519 587 663 658 Cyro
691 588 973 656 Sardibus,
1001 609 1122 642 cum
1144 610 1283 643 unus
1312 610 1340 643 e
1365 611 1587 645 numero
1608 594 1797 646 Persa-

191 677 314 710 rum
350 659 574 727 ignarus
626 660 734 710 uiri
769 661 825 710 in
862 661 1084 712 caedem
1120 662 1234 713 eius
1283 662 1555 715 concitato
1591 664 1797 734 impetu

191 728 448 794 ferretur,
475 727 626 781 uelut
661 727 862 781 oblitus
891 731 1023 799 quid
1059 731 1164 783 sibi
1189 730 1410 783 fortuna
1434 733 1680 785 nascenti
1707 732 1795 785 de-

190 805 472 867 negasset,
509 816 578 850 ne
604 798 865 850 Croesum
903 818 1087 868 regem
1116 801 1384 853 occideret
1408 803 1794 871 proclamando

128 894 168 926 10
191 886 363 938 paene
412 872 518 919 iam
566 869 873 939 inpressum
921 869 1105 938 iugulo
1139 889 1452 923 mucronem
1499 874 1798 926 reuocauit.

189 939 267 990 ita
293 938 385 1008 qui
412 937 482 989 ad
507 939 564 990 id
590 946 802 1008 tempus
830 948 1009 991 mutus
1039 940 1144 992 sibi
1165 940 1396 1008 uixerat,
1425 940 1587 994 saluti
1607 961 1796 1012 paren-

188 1009 258 1061 tis
285 1006 490 1060 uocalis
516 1009 693 1060 factus
723 1017 822 1060 est.

297 1093 344 1144 7.
387 1091 595 1143 Eadem
632 1092 831 1145 caritas
870 1092 1062 1145 Italico
1098 1093 1240 1147 bello
1278 1095 1604 1148 Pinnensem
1649 1096 1795 1147 iuue-

188 1180 331 1227 nem,
359 1163 447 1213 cui
471 1161 689 1214 Pultoni
725 1170 843 1214 erat
869 1180 1190 1231 cognomen,
1230 1173 1381 1218 tanto
1419 1165 1587 1218 animi
1612 1183 1796 1236 corpo-

128 1255 168 1288 15
189 1232 375 1302 risque
410 1231 605 1284 robore
633 1232 893 1299 armauit,
933 1241 994 1284 ut
1027 1252 1149 1285 cum
1185 1235 1441 1287 obsessae
1475 1236 1627 1289 urbis
1666 1254 1796 1287 suae

188 1301 440 1354 claustris
474 1301 815 1370 praesideret
849 1310 902 1354 et
934 1302 1214 1356 Romanus
1250 1305 1547 1374 imperator
1582 1312 1794 1375 patrem

189 1371 303 1423 eius
348 1371 626 1441 captiuum
668 1372 724 1422 in
769 1381 1062 1442 conspectu
1105 1374 1278 1443 ipsius
1315 1374 1671 1427 constitutum
1707 1375 1795 1427 de-

189 1441 393 1493 strictis
428 1440 662 1492 militum
688 1441 885 1509 gladiis
914 1442 1375 1509 circumdedisset,
1403 1445 1710 1497 occisurum
1738 1463 1795 1496 se

187 1511 476 1576 minitans,
503 1511 611 1561 nisi
637 1511 934 1581 inruptioni
963 1530 1092 1564 suae
1118 1514 1223 1565 iter
1247 1514 1616 1582 praebuisset,
1646 1513 1792 1566 solus

124 1604 166 1637 20
190 1597 220 1632 e
253 1580 504 1631 manibus
542 1597 739 1632 >senem
782 1583 1052 1650 rapuerit,
1106 1582 1309 1652 duplici
1351 1585 1556 1653 pietate
1598 1602 1793 1636 memo-

186 1650 417 1716 randuS,
470 1651 612 1720 quod
664 1658 719 1702 et
767 1651 939 1721 patris
992 1660 1239 1705 seruator
1287 1671 1386 1705 nec
1427 1654 1640 1724 patriae
1689 1653 1794 1706 fuit

188 1719 452 1790 proditor.

291 1816 360 1868 V.
388 1816 549 1870 Hanc
570 1819 854 1871 caritatem
874 1820 1156 1889 proximus
1182 1821 1456 1874 fraternae
1477 1821 1790 1875 beniuolen-

185 1887 294 1939 tiae
329 1887 532 1955 gradus
571 1888 793 1958 excipit.
853 1908 978 1940 nam
1013 1898 1074 1942 ut
1099 1891 1289 1943 merito
1324 1891 1557 1960 primum
1593 1892 1791 1944 amoris

121 1980 162 2013 25
183 1956 463 2008 uinculum
492 1956 707 2009 ducitur
739 1958 976 2027 plurima
1011 1967 1064 2011 et
1089 1961 1331 2012 maxima
1354 1961 1620 2014 beneficia
1643 1979 1791 2014 acce-

183 2027 357 2095 pisse,
395 2027 473 2078 ita
506 2027 814 2096 proximum
847 2028 1081 2080 iudicari
1118 2029 1279 2082 debet
1305 2030 1466 2082 simul
1499 2033 1789 2102 accepisse.
1867 2031 1869 2033 ’

184 2113 345 2164 quam
371 2096 587 2164 copiose
623 2098 763 2147 enim
791 2098 1081 2150 suauitatis
1117 2097 1212 2150 illa
1237 2101 1541 2152 recordatio
1578 2103 1685 2153 est!
1734 2101 1790 2151 in

184 2164 376 2217 eodem
426 2164 703 2218 domicilio
755 2175 1044 2236 antequam
1093 2187 1348 2220 nascerer
1397 2169 1674 2235 ha'bitaui,
1734 2171 1786 2220 in

182 2233 360 2286 isdem
386 2234 730 2287 incunabulis
757 2235 1022 2288 infantiae
1049 2245 1295 2307 tempora
1321 2239 1530 2308 peregi,
1569 2238 1790 2291 eosdem

118 2326 160 2360 30
183 2302 454 2374 appellaui
481 2313 735 2374 parentes
749 2345 763 2371 ,
793 2305 982 2358 eadem
1008 2325 1104 2377 pro
1132 2326 1215 2360 me
1242 2316 1370 2360 uota
1397 2309 1788 2374 excubuerunt,

67 2449 158 2484 Par.
183 2448 283 2494 liari
311 2450 527 2497 solerent.
578 2454 619 2495 6.
648 2452 800 2495 Croesi
827 2451 945 2496 filius
974 2467 1073 2497 cum
1101 2460 1222 2498 esset
1246 2462 1413 2504 mutus,
1442 2449 1680 2514 bello'quo
1707 2454 1789 2514 Cy-

181 2533 260 2564 rus
287 2518 501 2565 Croesum
530 2528 846 2580 superauerat}
875 2529 1006 2582 capto
1034 2536 1102 2573 eo,
1131 2537 1231 2568 cum
1258 2525 1385 2569 miles
1412 2525 1643 2583 ignoraret
1668 2524 1786 2569 hunc

182 2602 282 2634 esse
309 2589 523 2635 Croesum
551 2604 602 2636 ac
627 2605 710 2650 pro
739 2593 948 2652 gregario
977 2593 1121 2638 milite
1148 2594 1354 2640 occidere
1381 2600 1646 2644 conaretur,
1682 2607 1787 2652 pro-

179 2657 392 2704 clamauit
418 2661 579 2719 ‘parce
604 2660 771 2707 Croeso
785 2660 814 2707 ⁹.

294 2795 319 2834 6
347 2806 483 2833 unum
514 2789 568 2834 B'
637 2798 659 2836 7
690 2798 737 2836 in
759 2797 800 2837 B
821 2811 854 2838 s.
880 2801 906 2839 Z.
975 2800 999 2839 8
1026 2801 1195 2839 natura
1218 2801 1319 2840 dett.
1382 2800 1432 2839 15
1459 2801 1512 2838 ut
1532 2810 1599 2836 *ηε*
1623 2810 1721 2838 cum
1744 2798 1786 2838 B

180 2851 233 2889 16
256 2854 301 2890 et
322 2849 345 2890 b
367 2851 432 2890 hic
454 2852 609 2891 deleuit
629 2859 669 2891 et
691 2859 788 2894 ante
810 2857 986 2905 patrem
1005 2857 1149 2907 posuit
1207 2856 1258 2895 19
1280 2854 1556 2906 inruptionis
1578 2853 1633 2902 B,
1665 2855 1744 2894 sed
1765 2866 1786 2893 s

176 2912 320 2958 punct.
382 2907 435 2947 29
455 2906 617 2946 iisdem
640 2908 682 2946 B
703 2915 800 2948 ante
818 2923 903 2952 rae.
