1872 3132
161 116 233 168 24
876 120 976 166 LIB.
1016 120 1047 164 l.

163 226 251 279 die
276 245 375 296 ego
401 227 606 297 Letum
623 227 811 296 utique
839 225 1051 296 capiam
1064 233 1095 292 '‚
1132 225 1588 280 inconsideratius
1614 246 1770 299 proe-

159 296 344 349 liando
371 297 658 350 fortuitum
682 296 887 348 iactum
911 297 1062 348 uocis
1090 296 1196 348 leto
1223 308 1320 349 suo
1347 296 1707 351 confirmauit.

226 443 231 450 ,
267 397 390 447 Ext.
419 395 466 445 1.
514 393 682 446 Adici
705 394 904 446 nostris
933 393 1039 446 duo
1067 394 1312 447 eiusdem
1341 395 1555 464 generis
1584 395 1769 448 alieni—

159 483 300 533 gena
325 463 576 533 exempla
596 482 706 516 non
730 464 968 517 absurde
993 471 1241 534 possunt.
1290 465 1438 517 Sami
1462 465 1771 518 Prienensi—

119 553 138 585 5
159 535 261 587 bus
306 533 569 585 auxilium
612 534 875 586 aduersus
921 533 1091 586 Caras
1133 534 1561 605 inplorantibUS,
1613 535 1767 588 adro-

158 603 347 672 gantia
379 603 654 670 instincti,
690 622 789 673 pro
827 603 1000 655 classe
1037 613 1091 656 et
1127 605 1374 657 exercitu
1401 603 1654 658 sibullam
1689 606 1767 658 eis

160 673 596 742 derisus·gratia
630 675 908 726 miserunt.
984 692 1146 744 quam
1188 673 1268 726 illi
1304 673 1458 727 uelut
1502 675 1767 729 diuinitus

159 742 347 794 datum
395 743 731 813 praesidium
779 743 1148 813 interpretati,
1210 743 1442 797 libenter
1490 753 1767 814 receptam

157 831 291 864 uera
326 813 565 866 fatorum
608 812 981 884 praedictione
1023 813 1286 865 uictoriae
1330 814 1523 866 ducem
1565 813 1771 867 habue—

99 904 140 934 10
161 891 304 934 runt.

261 966 312 1018 2.
352 966 434 1018 Ne
456 965 840 1036 Apolloniatae
862 965 1081 1036 quidem
1101 967 1495 1037 paenitentiam
1521 975 1768 1036 egerunt,

156 1035 329 1106 quod,
375 1054 497 1088 cum
533 1034 675 1088 bello
703 1034 921 1104 Illyrico
960 1037 1138 1106 pressi
1163 1036 1524 1106 Epidamnios
1558 1044 1620 1088 ut
1659 1037 1768 1090 sibi

156 1123 312 1175 opem
361 1106 569 1158 ferrent
618 1114 891 1172 orassent,
944 1114 1106 1175 atque
1156 1105 1238 1156 illi
1281 1106 1482 1159 flumen
1524 1106 1767 1158 uicinum

155 1175 436 1228 moenibus
464 1176 573 1227 suis
599 1175 815 1227 nomine
842 1177 1109 1228 Aeantem
1134 1177 1191 1227 in
1219 1175 1552 1238 adiutorium
1577 1193 1766 1228 eorum

92 1264 132 1295 15
158 1263 276 1297 sese
311 1246 525 1298 mittere
559 1245 862 1311 dixissent,
914 1245 1055 1302 ‘acci
1098 1245 1238 1296 imus
1261 1245 1421 1316 *quod
1436 1245 1660 1323 EQ}
1682 1264 1769 1297 re-

156 1315 516 1385 sponderunt,
555 1315 709 1384 eique
734 1315 975 1384 primum
986 1315 1060 1365 'i‘n
1090 1333 1206 1367 acle
1255 1333 1412 1368 ocum
1438 1315 1666 1386 perinde
1701 1333 1769 1367 ac

156 1384 280 1436 duci
306 1385 682 1453 adsignarunt.
735 1403 804 1436 ex
828 1385 1104 1454 insperato
1132 1385 1276 1436 enim
1303 1385 1570 1455 superatis
1597 1385 1770 1438 hosti—

154 1454 255 1506 bus
270 1493 284 1520 ,
327 1472 638 1505 successum
666 1473 823 1505 suum
850 1454 1015 1505 omini
1042 1464 1322 1524 acceptum
1348 1455 1677 1522 referentes,
1712 1463 1773 1506 et

155 1532 286 1575 tune
313 1524 514 1575 Aeanti
551 1531 611 1574 ut
638 1523 737 1576 deo
763 1523 1186 1577 immolauerunt
1222 1534 1276 1577 et
1303 1525 1559 1595 deinceps
1597 1525 1767 1576 omni-

93 1611 134 1640 20
155 1592 259 1645 bus
285 1593 502 1662 proeliis
532 1593 665 1645 duce
689 1594 773 1645 uti
798 1594 1168 1646 instituerunt.

39 1746 131 1779 par.
156 1744 245 1783 tem
282 1740 464 1784 nomine
489 1738 646 1783 Letum
682 1738 1005 1807 obpugnaret,¹¹
1030 1741 1148 1784 inter
1182 1740 1542 1785 adhortationem
1570 1739 1770 1784 militum

155 1807 266 1852 dixit
293 1808 446 1852 ‘hodie
474 1821 558 1867 ego
580 1808 737 1853 Letum
765 1809 936 1868 capiam
950 1809 983 1854 ².
1035 1823 1118 1855 nec
1144 1809 1327 1868 longius
1354 1811 1579 1869 processit
1606 1822 1766 1854 omen:

153 1877 525 1923 inconsideratius
553 1878 668 1923 enim
695 1879 962 1938 proeliando
991 1878 1230 1925 fortuitum
1258 1881 1387 1925 uocis
1413 1879 1641 1939 prolatum
1669 1879 1771 1924 leto

155 1962 238 1992 suo
267 1947 570 1993 confirmauit.

259 2046 300 2088 1.
341 2043 474 2090 Samii
501 2045 821 2092 Prienensibus
849 2046 1062 2092 auxilium
1091 2046 1310 2091 aduersus
1337 2045 1471 2092 Cares
1499 2045 1769 2106 petentibus-

89 2125 130 2156 25
153 2115 196 2159 in
222 2113 419 2159 derisum
443 2114 648 2174 sibyllam
667 2117 904 2168 miserunt,
931 2117 1046 2162 hane
1071 2130 1155 2176 pro
1183 2116 1380 2161 exercitu
1409 2131 1460 2162 ac
1484 2116 1628 2161 classe
1655 2116 1771 2161 offe--

151 2190 319 2228 rentes.
394 2199 479 2244 qua
529 2185 640 2231 duee
683 2187 753 2231 usi
793 2186 1059 2232 Prienenses
1103 2186 1269 2231 bellum
1316 2193 1769 2231 consummauerunt-

153 2256 193 2296 2.
229 2252 542 2313 Apolloniatae
567 2255 686 2300 hello
715 2256 892 2315 Illyrico
920 2256 1067 2316 pressi
1093 2254 1381 2316 Epidamnios
1416 2262 1468 2300 ut
1506 2255 1592 2300 sibi
1630 2269 1769 2315 opem

152 2323 327 2368 ferrent
367 2332 635 2375 orauerunt‚
674 2327 750 2385 qui
776 2326 965 2371 fluuium
993 2327 1208 2372 Aeantem
1247 2340 1295 2371 se
1322 2327 1386 2370 eis
1416 2327 1459 2371 in
1487 2324 1768 2371 adiutorium⁴

152 2391 374 2437 missuros
419 2393 640 2438 dixerunt.
719 2397 867 2441 omine
916 2403 1100 2456 accepto
1136 2394 1451 2456 Apolloniatae
1486 2395 1569 2440 deo
1616 2393 1766 2440 ueluti

89 2473 130 2505 30
155 2461 266 2508 duce
291 2464 522 2522 praesenti
550 2465 619 2508 usi
649 2466 870 2510 uicerunt.

264 2613 291 2650 4
322 2611 463 2652 Samii
484 2612 547 2653 Pb
575 2610 594 2666 Η
622 2615 974 2666 parienensibus
1003 2608 1057 2654 B‘
1127 2618 1152 2656 6
1183 2615 1438 2668 symbulam
1466 2611 1535 2664 B‚·
1565 2627 1640 2653 em.
1672 2625 1694 2653 e
1725 2613 1775 2651 P·

154 2667 177 2705 7
206 2666 343 2706 uelud
364 2661 418 2706 B'
480 2671 529 2708 11
562 2670 869 2721 apolliniatae
892 2671 933 2710 B
995 2673 1047 2711 14
1077 2675 1200 2711 eant.
1232 2670 1331 2722 (sic)
1360 2670 1403 2709 B
1464 2671 1516 2709 17
1547 2668 1761 2720 adsigna·

151 2724 257 2759 runt
286 2720 352 2760 B:
392 2723 754 2775 adsignanerunt
787 2728 883 2766 edd.
954 2727 1006 2766 18
1037 2727 1219 2767 omenin
1249 2726 1291 2766 B.
1359 2726 1411 2766 19
1441 2724 1569 2764 canti
1597 2723 1640 2763 B
1708 2725 1769 2764 20

151 2774 265 2816 duce
291 2776 314 2815 b
334 2773 353 2829 Η
373 2778 440 2816 uti
462 2792 538 2818 om.
560 2779 617 2827 B,
639 2782 719 2820 sed
738 2784 897 2834 aliquot
919 2783 1085 2822 litterae
1106 2796 1204 2834 sup.
1225 2781 1337 2821 duce
1361 2793 1516 2821 erasae
1535 2785 1633 2820 sunt
1678 2782 1680 2784 ’

264 2832 317 2870 22
339 2831 480 2871 letam
509 2833 549 2872 V
605 2836 659 2874 25
681 2836 832 2876 derisu
856 2837 899 2875 V
916 2842 957 2877 et
978 2838 1072 2878 Mai
1090 2835 1109 2891 Η
1130 2835 1206 2891 ae]
1231 2836 1288 2876 ad
1316 2837 1361 2877 V
1413 2838 1467 2877 28
1490 2837 1683 2876 amante
1708 2835 1764 2882 V,

149 2885 334 2927 Aeanta
355 2888 450 2927 Mai
508 2887 563 2928 30
584 2893 821 2941 praesenti
843 2894 915 2932 usi
936 2893 1120 2945 Kempf:
1150 2893 1442 2946 praesentius
1471 2891 1513 2931 V
