1924 3152
221 141 321 194 138
916 143 1016 189 LIB.
1055 145 1124 190 111.

215 255 441 309 fortuna
473 253 532 305 in
565 252 758 305 urbem
792 259 1035 305 nostram
1071 250 1326 318 aduexit,
1377 250 1641 320 alienum,
1720 253 1832 305 uod

217 333 499 390 exactum,
551 321 892 388 alieniorem,
945 321 1091 393 quod.
1127 329 1305 376 ortum
1340 322 1629 391 Corintho,
1705 324 1833 376 asti-

218 394 507 460 diendum,
552 392 699 463 quod
733 400 1032 446 mercatore
1066 393 1341 461 genitum,
1382 393 1830 460 erubescendum,

217 464 365 537 quod
391 464 557 517 etiam
584 462 743 516 exule
774 461 1117 534 [Demarato]
1153 471 1343 516 natum
1369 471 1540 534 patre.
1593 471 1835 517 ceterum

174 555 194 588 5
215 544 330 590 tam
366 552 690 606 prosperum
724 533 1060 587 condicionis
1099 552 1228 586 suae
1263 541 1519 587 euentum
1562 533 1835 587 industria

216 624 317 661 sua
343 623 442 676 pro
467 604 742 658 inuidioso
770 603 1070 673 gloriosum
1095 603 1356 657 reddidit.
1410 603 1665 658 dilatauit
1691 605 1835 657 enim

216 677 372 743 fineS,
401 676 607 728 cultum
635 674 861 727 deorum
885 674 1043 727 nouis
1073 674 1395 728 sacerdotiis
1424 676 1607 742 auxit,
1645 693 1832 727 nume-

215 766 337 800 rum
367 752 597 799 senatus
638 744 1024 816 amplificauit‚
1074 763 1102 797 e
1141 752 1380 797 uestrem
1423 744 1669 798 ordinem
1702 745 1831 799 ube-

214 818 414 871 riorem
447 815 691 887 reliquit,
742 833 987 886 quaeque
1022 813 1113 867 lau
1156 834 1248 867 um
1284 814 1399 867 eius
1435 815 1830 868 consummatio

156 907 195 939 10
217 896 328 955 est,
372 886 664 957 praeclaris
692 885 989 939 uirtutibus
1020 884 1198 938 effecit
1224 903 1292 937 ne
1326 884 1459 937 haec
1486 885 1682 938 ciuitas
1704 903 1831 956 pae-

214 958 506 1012 nitentiam
532 964 745 1026 ageret,
775 955 924 1026 quod
949 973 1135 1024 regem
1161 974 1194 1007 a
1219 954 1483 1008 finitumis
1510 955 1691 1026 potius
1719 974 1835 1008 mu-

217 1036 375 1083 tuata
401 1035 544 1080 esset
570 1045 734 1098 quam
762 1026 829 1079 de
857 1027 970 1079 suis
998 1025 1243 1095 legisset.
1427 1074 1447 1079 -

321 1099 373 1151 3.
422 1099 490 1151 In
527 1096 708 1150 Tullio
747 1115 877 1150 uero
922 1098 1147 1150 fortuna
1188 1096 1482 1167 praecipue
1523 1097 1669 1149 uires
1707 1114 1833 1149 suas

219 1168 485 1234 ostendit,
513 1186 738 1220 uernam
762 1166 890 1219 huic
915 1167 1042 1220 urbi
1066 1174 1258 1219 natum
1283 1183 1470 1235 regem
1497 1165 1703 1218 dando:
1747 1166 1835 1218 cui

155 1257 195 1290 15
217 1238 438 1310 quidem
460 1238 770 1290 diutissime
789 1237 1077 1307 imperium
1098 1236 1361 1304 obtinere,
1386 1244 1580 1307 quater
1598 1235 1835 1289 lustrum

217 1308 469 1375 condere,
497 1317 582 1361 ter
607 1307 946 1377 triumphare
973 1307 1225 1375 contigit.
1267 1306 1338 1358 ad
1358 1325 1627 1359 summam
1652 1314 1835 1359 autem

215 1379 360 1432 unde
380 1379 710 1449 processerit
730 1386 784 1430 et
800 1396 904 1447 quo
925 1376 1253 1447 peruenerit,
1277 1384 1491 1430 statuae
1512 1377 1685 1448 ipsius
1706 1377 1834 1431 titu-

215 1448 300 1502 lus
338 1448 553 1502 abunde
586 1455 849 1514 testatur,
894 1446 1081 1499 seruili
1114 1447 1438 1516 cognomine
1475 1454 1529 1499 et
1554 1447 1706 1517 regia
1742 1466 1834 1518 ap-

215 1518 510 1590 pellatione
535 1518 830 1589 perplexis,

153 1611 196 1643 20
322 1589 373 1641 4.
421 1588 562 1641 Miro
607 1589 785 1658 gradu
821 1587 1255 1658 Varro⁴quoque
1299 1587 1371 1639 ad
1417 1586 1762 1641 consulatum
1807 1606 1835 1639 e

218 1658 534 1712 macellaria
559 1659 730 1729 patris
758 1658 989 1711 taberna
1016 1657 1347 1711 conscendit.
1400 1666 1454 1711 et
1480 1657 1702 1728 quidem
1727 1655 1834 1708 for-

215 1739 351 1784 tuna
375 1747 571 1800 parum
590 1728 749 1781 duxit
773 1727 1184 1782 sordidissimae
1209 1728 1405 1781 mercis
1434 1727 1676 1798 capturis
1704 1726 1835 1780 alito

218 1800 509 1854 duodecim
533 1799 710 1852 fasces
737 1798 945 1868 largiri,
973 1799 1080 1850 nisi
1107 1798 1274 1851 etiam
1292 1797 1357 1851 L.
1378 1796 1679 1851 Aemilium
1697 1797 1836 1850 Pau-

217 1869 333 1923 lum
367 1868 612 1923 dedisset
646 1868 930 1939 collegam.
1005 1876 1168 1940 atque
1203 1869 1283 1921 ita
1317 1887 1374 1921 se
1408 1869 1466 1920 in
1500 1868 1616 1921 eius
1655 1867 1837 1920 sinum

155 1959 198 1993 25
219 1941 426 1994 infudit
450 1949 541 2008 ut,
579 1958 703 1992 cum
729 1940 877 2010 apud
905 1938 1121 1992 Cannas
1151 1938 1311 2008 culpa
1336 1957 1436 1991 sua
1467 1939 1613 1991 uires
1650 1937 1838 2008 populi

216 2011 453 2063 Romani
478 2009 849 2076 exhausisset,
886 2008 1143 2076 Paulum,
1181 2009 1274 2079 qui
1337 2007 1567 2061 roelium
1591 2008 1836 2061 commit-

216 2088 332 2133 tere
356 2079 633 2146 noluerat,
661 2080 907 2132 occidere
931 2087 1239 2149 pateretur,
1276 2079 1295 2130 i
1317 2077 1430 2131 lum
1455 2078 1514 2129 in
1537 2077 1731 2130 urbem
1756 2079 1835 2129 in-

219 2149 487 2202 columem
525 2150 826 2203 reduceret.
889 2148 1022 2219 quin
1055 2148 1223 2201 etiam
1258 2155 1511 2201 senatum
1538 2147 1745 2217 gratias
1786 2149 1835 2200 ei

106 2308 198 2355 Par.
220 2308 388 2357 pecore
420 2295 661 2356 pascendo.
723 2299 763 2340 4.
802 2295 942 2340 Varro
969 2293 1096 2339 Pauli
1132 2294 1307 2354 collega
1345 2308 1367 2339 e
1404 2293 1657 2340 macellaria
1694 2294 1836 2354 patris

334 2435 359 2473 2
384 2435 551 2474 exactu
571 2432 626 2480 B,
648 2433 898 2472 Etruscum
919 2432 1076 2479 Periz„
1101 2434 1371 2472 extraneum
1392 2430 1601 2473 Foertsck
1618 2426 1638 2484 Η
1661 2429 1836 2471 alieno-

220 2502 319 2530 rum
340 2490 382 2529 B
401 2486 422 2544 [1
442 2492 588 2529 artum
611 2482 667 2528 B'
687 2485 707 2542 Η
735 2487 947 2528 horintho
968 2487 1011 2527 B
1071 2490 1096 2529 3
1125 2500 1331 2528 mercare
1353 2480 1409 2527 B‘
1468 2489 1496 2528 4
1522 2486 1758 2528 demorato
1780 2486 1835 2532 B,

221 2547 442 2588 delendum
468 2547 630 2586 censuit
658 2546 821 2592 Per-iz„
854 2549 994 2584 tuetur
1021 2544 1229 2584 Foertsclz
1256 2544 1326 2591 II,
1356 2546 1411 2585 18
1478 2545 1503 2584 5
1531 2555 1752 2596 prospero
1784 2563 1834 2569 --

224 2605 397 2644 euentu
417 2602 440 2643 b
465 2601 799 2654 (inprosperum
827 2599 970 2651 Torr.)
1002 2597 1020 2651 ΙΙ
1049 2600 1278 2640 industria
1307 2613 1392 2640 sua
1415 2600 1479 2641 F:
1508 2599 1836 2639 industriosum

222 2658 266 2698 B
325 2661 351 2699 6
380 2657 579 2698 indiuiso
602 2656 771 2709 (inuiso
793 2655 927 2709 corr.)
951 2657 992 2696 B
1053 2659 1077 2698 7
1108 2657 1216 2696 noui
1238 2656 1522 2697 sacerdociis
1543 2648 1600 2694 B'
1661 2655 1714 2694 14
1734 2666 1836 2693 uer-

221 2726 340 2754 nam
357 2717 516 2754 natum
538 2714 642 2754 huic
670 2713 772 2754 urbi
792 2714 916 2766 Lips.
979 2715 1030 2753 16
1054 2712 1329 2754 conderetur
1351 2711 1632 2763 triumphare
1653 2709 1697 2749 B
1715 2705 1736 2762 ss
1757 2722 1835 2748 au-

222 2766 343 2823 tem]
379 2773 460 2809 aut
491 2769 537 2821 (t
557 2774 600 2809 in
621 2770 708 2819 Iit.)
732 2769 773 2809 B
844 2771 895 2810 17
927 2772 973 2810 et
1004 2782 1090 2822 quo
1119 2769 1351 2810 Foertsclz:
1390 2771 1471 2808 aut
1499 2779 1586 2819 quo
1615 2765 1658 2805 B
1725 2766 1779 2806 20
1813 2778 1835 2805 e

222 2826 376 2866 addidi
399 2838 422 2866 e
452 2826 514 2864 P:
552 2839 628 2866 om.
659 2825 700 2864 B
779 2827 831 2866 21
870 2826 1083 2879 equidem
1111 2824 1154 2864 B
1231 2825 1284 2864 22
1323 2823 1528 2876 capturis
1558 2820 1695 2863 salito
1726 2819 1838 2875 (sal-

223 2881 307 2923 lito
328 2880 370 2933 b)
392 2881 435 2921 B
494 2881 548 2922 25
570 2881 717 2921 infidit
736 2875 792 2921 B'
851 2884 905 2924 26
928 2883 1007 2933 qui
1027 2882 1074 2922 b:
1106 2881 1228 2933 quiq.
1251 2879 1294 2920 B

335 2939 390 2978 29
412 2935 598 2990 collega
619 2950 643 2978 e
666 2950 766 2979 nos:
799 2937 1008 2991 collegae
1037 2937 1083 2978 V
1084 2930 1106 2985 ',
1139 2936 1321 2989 collega
1349 2933 1406 2976 V²
