1878 3132
367 116 371 121 ·
405 112 523 159 CAP.
551 111 638 163 Vll,
667 110 697 170 g
725 113 794 157 15.
820 109 918 157 Ext.
947 110 976 170 §
999 113 1037 156 1.
1058 115 1098 155 2.
1138 110 1241 164 vlll,
1270 110 1299 169 3
1329 113 1367 156 1.
1396 115 1437 156 2.
1666 106 1734 160 95

103 229 309 274 rentur.
368 219 473 274 hoc
507 221 652 272 intra
677 218 1006 272 domesticos
1042 218 1280 290 parietes
1319 226 1544 290 accepto
1574 220 1732 289 signo

104 291 411 363 Spartanae
438 291 583 343 acies
615 288 970 342 dimicabant.
1035 289 1134 342 sed
1170 289 1349 342 aliena
1381 290 1734 361 prospexisse

102 360 485 416 tantummodo
514 360 646 413 satis
675 368 774 426 est,
803 377 926 412 cum
943 360 1181 430 propriis
1210 360 1490 431 multoque
1516 361 1732 415 uberio-

103 433 258 487 ribus
286 440 342 485 et
367 430 711 485 felicioribus
738 430 1003 501 exemplis
1030 429 1257 501 gloriari
1282 430 1465 484 liceat.

210 530 372 599 VHI.
420 529 733 600 Disciplina
758 529 1012 583 militaris
1049 530 1248 582 acriter
1283 537 1500 584 retenta
1571 531 1730 584 rinci·
1754 551 1775 586 5

101 611 291 674 patum
325 599 522 654 Italiae
558 600 805 654 Romano
854 600 1085 672 imperio
1131 600 1373 671 peperit,
1434 620 1527 664 mu
1551 610 1733 655 tarum

100 672 348 739 urbium,
385 689 708 741 magnorum
734 688 953 740 regum,
991 671 1461 724 ualidissimarum
1486 674 1734 742 gentium

100 744 349 814 regimen
380 741 583 811 largita
619 749 730 809 est,
776 741 965 796 fauces
1002 742 1219 796 Pontici
1259 745 1412 795 sinus
1449 744 1730 814 patefecit,

102 813 331 886 Alpium
358 813 635 884 Taurique
670 813 873 867 montis
911 812 1178 867 conuulsa
1214 812 1454 866 claustra
1479 815 1729 883 tradidit,

102 893 390 956 ortumque
426 902 454 936 e
522 883 715 936 aruula
739 883 961 937 Romuli
996 902 1126 937 casa
1151 884 1319 938 totius
1346 894 1619 939 terrarum
1647 905 1796 949 or-110

99 956 186 1010 bis
234 955 369 1008 fecit
413 973 474 1007 co
498 973 677 1007 umen.
756 973 825 1007 ex
871 954 1026 1007 cuius
1073 955 1195 1007 sinu
1239 956 1500 1025 quoniam
1545 976 1731 1010 omnes

99 1025 362 1097 triumphi
395 1032 718 1093 manarunt,
756 1026 1004 1096 sequitur
1028 1034 1090 1080 ut
1118 1026 1185 1079 de
1210 1026 1588 1098 triumphandi
1613 1028 1732 1081 iure

103 1097 281 1150 dicere
305 1095 584 1166 incipiam.

473 1184 575 1233 DE
604 1184 792 1234 IVRE
828 1183 1352 1235 TRIVMPHANDI.

210 1253 258 1305 1.
309 1251 397 1306 Ob
432 1251 577 1304 leuia
610 1250 821 1322 proelia
866 1251 1093 1323 quidam
1137 1254 1496 1324 imperatores
1541 1255 1728 1307 trium-
1753 1272 1794 1307 15

98 1324 234 1396 phos
264 1323 371 1378 sibi
398 1321 617 1383 decerni
644 1322 1050 1377 desiderabant.
1104 1324 1304 1395 quibus
1332 1333 1395 1378 ut
1422 1343 1731 1379 occurrere-

98 1405 218 1462 tur,
254 1393 376 1464 lege
409 1401 635 1447 cautum
672 1401 758 1447 est
792 1412 861 1446 ne
900 1394 1020 1466 quis
1058 1394 1224 1448 trium
1265 1394 1448 1463 haret,
1500 1397 1608 1448 nisi
1636 1398 1733 1468 qui

101 1466 341 1538 quinque
367 1465 523 1517 milia
547 1464 791 1518 hostium
817 1483 929 1518 una
955 1466 1071 1518 acie
1099 1466 1213 1519 ceci
1257 1466 1418 1520 isset:
1447 1487 1557 1520 non
1584 1469 1731 1521 enim

98 1555 326 1590 numero
365 1535 464 1589 sed.
498 1534 674 1605 gloria
708 1536 1111 1608 triumphorum
1147 1537 1418 1591 excelsius
1454 1539 1610 1592 urbis
1637 1558 1730 1593 no—

101 1615 247 1661 strae
273 1607 522 1661 futurum
558 1605 724 1660 decus
750 1608 983 1660 maiores
1021 1609 1437 1663 existimabant.
1489 1618 1730 1663 ceterum
1753 1629 1795 1662 20

100 1696 170 1731 ne
206 1686 321 1731 tam
344 1676 631 1759 praeclara
667 1677 761 1731 lex
798 1679 1101 1749 cupiditate
1128 1681 1351 1733 laureae
1386 1679 1729 1734 oblitterare-

100 1758 218 1816 tur,
253 1747 394 1817 legis
433 1747 659 1800 alterius
697 1748 968 1802 adiutorio
995 1749 1138 1802 fulta
1163 1759 1268 1816 est,
1306 1770 1470 1821 quam
1496 1751 1558 1803 P.
1584 1752 1731 1803 Mar-

101 1820 215 1874 cius
245 1826 298 1872 et
316 1817 395 1881 M.
418 1817 553 1871 Cato
580 1818 788 1872 tribuni
813 1818 995 1889 plebei
1020 1819 1283 1882 tulerunt.
1323 1839 1558 1890 poenam
1585 1822 1731 1873 enim

100 1889 525 1962 imperatoribus
560 1889 831 1957 minatur,
885 1890 979 1961 qui
1015 1899 1111 1943 aut
1147 1890 1388 1944 hostium
1424 1892 1730 1945 occisorum

101 1963 159 2014 in
193 1960 400 2032 proelio
439 1968 533 2012 aut
568 1960 901 2013 amissorum
945 1961 1149 2014 ciuium
1196 1961 1399 2014 falsum
1442 1982 1729 2016 numerum
1753 1983 1794 2016 25

100 2031 300 2087 litteris
328 2031 544 2085 senatui
571 2031 692 2084 ausi
719 2039 902 2085 essent
927 2033 1150 2100 referre,
1178 2034 1441 2104 iubetque
1469 2052 1578 2101 eos,
1607 2053 1730 2087 cum

32 2138 46 2155 .
101 2104 341 2174 primum
374 2101 570 2156 urbem
594 2103 920 2170 intrassent,
958 2104 1108 2175 apud.
1134 2111 1450 2175 quaestores
1482 2106 1728 2159 urbanos

101 2175 281 2228 iurare
327 2173 405 2226 de'
430 2180 663 2244 utroque
707 2192 934 2228 numero
970 2193 1100 2228 uere
1136 2175 1206 2229 ab
1245 2176 1314 2228 iis
1353 2177 1570 2229 senatui
1607 2195 1729 2229 esse

105 2246 210 2308 scri
250 2253 400 2298 tum.‘
1805 2308 1809 2312 .

249 2355 261 2368 .
298 2315 434 2368 Post
456 2313 556 2367 has
583 2313 732 2384 leges
760 2313 950 2368 iudicii
984 2314 1131 2369 illius
1160 2318 1494 2388 tempestiua
1519 2317 1728 2371 mentio
1751 2337 1793 2370 30

104 2385 502 2452 introducetur,
528 2386 587 2437 in
606 2403 710 2456 quo
735 2385 801 2438 de
827 2386 945 2439 iure
971 2386 1350 2459 triumphandi
1374 2389 1518 2441 inter
1544 2388 1724 2441 claris-v

214 2519 251 2562 1.
291 2515 386 2562 DE
416 2511 1126 2568 IVRE-TRIVMPHANDI.
1189 2520 1251 2566 Oh
1278 2521 1398 2567 leuia
1425 2521 1599 2581 proelia
1628 2523 1727 2581 qui-
1750 2535 1840 2569 Par.

107 2587 207 2633 dam
241 2588 543 2648 imperatores
576 2587 838 2648 triumphos
874 2589 961 2635 sibi
988 2590 1169 2637 decerni
1205 2590 1517 2651 postulabant.
1573 2592 1729 2652 itaque

106 2657 209 2719 lege
236 2664 421 2706 cautum
458 2664 529 2704 est
564 2672 622 2704 ne
650 2659 752 2718 quis
777 2659 1104 2719 triumpharet,
1146 2662 1235 2706 nisi
1263 2662 1340 2720 qui
1378 2662 1578 2721 quinque
1603 2662 1729 2709 milia

106 2741 198 2776 una
222 2731 318 2776 acie
344 2729 552 2775 fudisset.
603 2735 765 2789 postea
790 2729 837 2774 P.
864 2730 1058 2776 Marcius
1093 2738 1139 2776 et
1164 2731 1218 2776 Μ.
1247 2731 1356 2777 Cato
1383 2732 1487 2778 trib,
1514 2732 1578 2793 pl.
1608 2733 1723 2778 tule-
1746 2748 1787 2782 35

109 2805 238 2852 runt,
272 2812 466 2861 poenam
502 2799 858 2861 imperatoribus
896 2801 1033 2847 statui
1070 2801 1253 2853 debere,
1294 2802 1372 2863 qui
1409 2810 1488 2849 aut
1523 2804 1727 2873 hostium

222 2924 248 2965 8
267 2923 490 2977 pont**ici
509 2923 552 2963 B
614 2924 665 2965 18
687 2924 742 2968 V.
765 2925 863 2967 mil.
883 2925 927 2965 B
986 2927 1039 2967 22
1059 2925 1110 2966 P.
1129 2925 1336 2968 Marcius
1355 2928 1416 2968 P:
1437 2926 1466 2967 l.
1490 2928 1663 2967 marius
1684 2925 1726 2966 B
