1878 3132
17 8 50 30 v

29 0 478 34 &affl-'esavzn‘iffww-
501 4 517 12 ἢ
536 2 538 5 ’

614 130 830 182 CAP.1x‚
857 129 887 189 g
913 131 952 175 9.
993 129 1042 181 x,
1071 128 1100 187 g
1127 132 1166 175 1.
1195 132 1255 174 2.·
1651 120 1753 174 105

48 304 51 306 ,
125 241 232 294 sibi
267 224 478 293 iudices
506 238 880 305 crediderunt,
918 236 1208 306 indignum
1233 236 1341 288 rati
1376 235 1753 304 integritatem

123 311 268 365 tanti
291 310 399 363 uiri
426 311 628 379 exigua
653 327 779 362 cera
804 316 860 361 et
883 309 1073 379 paucis
1102 307 1298 359 litteris
1325 306 1609 377 perpendi.

183 402 191 413 ’
233 382 283 434 2.
327 381 436 435 Sed
470 380 604 451 quid
638 380 863 446 mirum,
918 380 966 430 si
1003 378 1222 432 debitus
1259 377 1431 431 honos
1468 396 1501 429 a
1537 376 1751 430 ciuibus

124 451 350 507 Metello
377 452 616 505 tributus
645 458 755 517 est,
832 468 954 502 uem
983 449 1254 519 superiori
1279 448 1547 502 Africano
1584 448 1753 500 etiam

123 524 296 577 hostis
330 530 613 593 praestare
649 540 762 575 non
835 520 1114 574 ubitauit‘?
1164 521 1211 571 si
1247 520 1468 591 quidem
1502 537 1604 571 rex
1639 519 1752 571 An·
1775 538 1797 572 5

123 594 339 648 tiochus
361 591 523 661 bello,
551 591 700 663 quod
726 610 850 644 cum
871 591 1136 645 Romanis
1158 591 1405 660 gerebat,
1434 589 1610 642 filium
1636 590 1752 642 eius

125 683 158 718 a
195 664 463 718 militibus
502 665 613 716 suis
658 664 1026 734 interceptum
1068 661 1494 715 honoratissime
1538 661 1755 731 excepit

122 736 398 806 rxegiisque
422 733 742 788 muneribus
772 733 1035 787 donatum
1058 733 1203 785 ultro
1241 742 1294 786 et
1322 732 1574 785 celeriter
1607 731 1756 802 patri

123 807 367 872 remisit,
405 823 738 877 quamquam
772 805 842 858 ab
880 823 943 858 eo
982 813 1101 858 tum
1135 804 1379 857 maxime
1415 803 1618 857 finibus
1655 802 1755 853 im-

124 878 266 948 perii
297 875 624 947 pellebatur.
694 875 793 928 sed
828 894 928 928 rex
961 875 1248 928 lacessitus
1275 875 1624 928 maiestatem
1662 892 1753 926 ex-
1777 893 1819 926 ιο

124 947 502 1001 cellentissimi
519 947 625 999 uiri
650 948 903 999 uenerari
925 965 1091 1017 quam
1112 945 1355 998 dolorem
1377 965 1536 998 suum
1561 945 1757 997 ulcisci

123 1018 336 1071 maluit.

231 1090 324 1149 Ad
358 1088 589 1141 eundem
614 1087 945 1141 Africanum
979 1088 1037 1139 in
1062 1087 1351 1141 Liternina
1385 1087 1520 1140 uilla
1547 1106 1605 1140 se
1632 1104 1754 1139 con-

125 1161 391 1214 tinentem
426 1159 715 1230 conplures
753 1158 1097 1229 praedonum
1137 1157 1303 1212 duces
1340 1158 1643 1211 uidendum
1670 1176 1754 1210 eo-

126 1232 251 1283 dem
287 1238 535 1301 tempore
569 1229 712 1283 forte
751 1228 1150 1283 confluxerunt.
1221 1249 1354 1300 quos
1384 1248 1507 1282 cum
1543 1229 1615 1281 ad
1641 1229 1755 1280 uim
1779 1247 1822 1281 15

124 1301 438 1355 faciendam
472 1301 661 1354 uenire
699 1301 1095 1367 existimasset,
1132 1301 1474 1371 praesidium
1501 1299 1756 1352 domesti-

126 1391 314 1427 corum
335 1372 407 1424 fin
431 1379 577 1425 tecto
604 1371 942 1439 conlocauit,
986 1380 1212 1443 eratque
1238 1372 1299 1423 in
1324 1373 1393 1423 iis
1422 1370 1754 1442 repellendis

126 1451 181 1496 et
205 1444 389 1496 animo
419 1450 473 1496 et
498 1450 769 1514 apparatu
803 1450 1120 1514 occupatus.
1183 1443 1328 1513 quod
1353 1451 1414 1495 ut
1448 1443 1755 1513 praedones

125 1513 651 1582 animaduerterunt,
675 1513 915 1566 dimissis
935 1513 1205 1567 militibus
1228 1514 1570 1584 abiectisque
1585 1514 1754 1565 armis

124 1586 323 1638 ianuae
350 1585 799 1656 adpropinquant
825 1592 879 1636 et
903 1585 1053 1637 clara
1077 1603 1214 1639 uoce
1234 1586 1489 1637 nuntiant
1510 1584 1755 1655 Scipioni
1778 1604 1820 1636 20

125 1672 236 1708 non
253 1656 403 1708 uitae
424 1657 539 1708 eius
559 1655 745 1709 hostes
774 1655 871 1708 sed
889 1656 1114 1709 uirtutis
1137 1657 1497 1709 admiratores
1518 1656 1754 1721 uenisse,

127 1734 480 1796 conspectum
518 1735 574 1779 et
607 1744 964 1795 congressum
1000 1727 1140 1779 tanti
1175 1727 1285 1778 uiri
1325 1727 1483 1797 quasi
1520 1725 1756 1779 caeleste

128 1795 351 1867 aliquod
383 1795 713 1848 beneficium
749 1806 1096 1866 expetentes:
1138 1796 1371 1866 proinde
1408 1815 1662 1849 securum
1698 1814 1756 1847 se

127 1867 288 1919 nobis
326 1866 688 1937 spectandum
713 1868 979 1936 praebere
1005 1885 1073 1919 ne
1108 1874 1385 1936 grauetur.
1446 1868 1582 1919 haec
1607 1873 1756 1937 post-

128 1955 294 2008 quam
329 1937 618 1990 domestici
652 1937 898 2008 Scipioni
933 1936 1286 2004 rettulerunt,
1337 1937 1484 1991 fores
1524 1937 1758 1990 reserari
1780 1955 1822 1988 25

130 2086 390 2146 tegritatem
430 2086 543 2131 tanti
578 2086 668 2130 uiri
706 2086 869 2146 exigua
909 2099 1012 2132 cera
1049 2092 1093 2130 et
1129 2087 1286 2147 paucis
1323 2084 1492 2132 litteris
1518 2085 1750 2147 perpendi.
1776 2097 1870 2133 Par.

129 2159 168 2201 2.
214 2155 305 2201 Rex
339 2156 594 2202 Antiochus
630 2156 777 2207 bello,
816 2157 940 2217 quod
976 2171 1078 2202 cum
1112 2157 1325 2203 Romanis
1363 2157 1575 2218 gerebat,
1614 2156 1755 2202 filium

126 2225 325 2272 Africani
353 2226 580 2288 Scipionis
607 2242 631 2272 a
657 2227 879 2274 militibus
914 2229 1011 2273 suis
1038 2228 1345 2289 interceptum
1379 2228 1502 2274 ultro
1529 2228 1650 2289 patri
1686 2241 1756 2273 re-

128 2298 265 2343 misit.
293 2322 352 2328 —
382 2298 450 2343 Ad
476 2297 668 2344 eundem
687 2298 948 2345 Africanum
975 2299 1020 2343 in
1041 2299 1214 2345 Literni
1240 2298 1351 2346 uilla
1378 2313 1427 2345 se
1447 2301 1754 2346 continentem

129 2367 388 2428 complures
414 2369 694 2430 praedonum
720 2368 860 2416 duces
887 2369 1072 2416 uidendi
1099 2370 1199 2416 eius
1221 2385 1355 2417 causa
1379 2371 1501 2417 forte
1526 2370 1754 2417 confluxe·
1777 2383 1819 2415 30

130 2444 263 2482 runt:
303 2451 418 2497 quos
445 2453 544 2485 cum
572 2440 629 2485 ad
665 2441 759 2486 uim
786 2440 1037 2487 faciendam
1073 2441 1234 2487 uenire
1269 2443 1575 2487 existimasset
1602 2440 1754 2500 Scipio

129 2506 500 2568 praesidiumque
535 2509 890 2557 domesticorum
927 2512 973 2556 in
1010 2518 1133 2558 tecto
1161 2511 1458 2562 collocasset,
1496 2511 1755 2556 dicentibus

131 2576 272 2624 officii
307 2579 453 2636 gratia
486 2580 614 2639 ipsos
649 2582 855 2632 uenisse,
891 2582 1058 2641 aperiri
1092 2583 1217 2628 fores
1252 2583 1390 2628 iussit
1425 2587 1470 2626 et
1506 2594 1554 2626 se
1581 2587 1755 2640 specta-

246 2717 268 2755 1
292 2713 373 2755 iud
392 2715 435 2755 B
493 2718 519 2757 2
542 2717 767 2770 perpendi
787 2717 830 2757 B
850 2719 894 2758 in
914 2731 1019 2767 ms„
1055 2721 1110 2758 al.
1132 2717 1278 2771 perdi,
1308 2718 1414 2769 fort.
1440 2717 1594 2771 pendi,
1618 2719 1755 2771 qualis

131 2783 221 2813 uox
247 2774 380 2825 mayz's
409 2775 606 2814 conuenit
631 2774 774 2826 spatio
803 2775 957 2815 liturae
986 2775 1028 2813 in
1057 2774 1099 2813 B
1159 2775 1184 2813 8
1221 2775 1436 2827 regisque
1466 2767 1522 2815 B'
1583 2776 1636 2815 10
1674 2773 1756 2814 sed

131 2839 213 2868 rex
239 2827 332 2869 lac.
363 2842 465 2870 nos:
497 2829 577 2870 sed
607 2833 654 2870 et
682 2843 764 2870 rex
785 2829 876 2870 lac.
899 2830 955 2878 B,
989 2829 1069 2870 sed
1100 2834 1146 2870 et
1174 2843 1254 2870 rex
1287 2834 1332 2870 et
1361 2832 1453 2871 lac.
1484 2831 1508 2870 b
1540 2837 1582 2871 et
1610 2831 1752 2872 Perfz.

52 2918 54 2920 ,
133 2884 187 2923 14
212 2884 461 2924 uidendum
482 2886 548 2925 B:
579 2885 770 2926 uidendi
801 2886 900 2925 eius
924 2897 1066 2926 causa
1089 2887 1140 2934 P,
1173 2887 1288 2927 haud
1305 2889 1394 2929 seio
1424 2901 1479 2928 an
1501 2893 1639 2935 recte,
1670 2888 1755 2926 sal-

132 2943 212 2979 tem
231 2942 402 2982 meliore
424 2943 633 2982 latinitate
694 2943 746 2983 17
767 2941 839 2982 his
862 2941 904 2981 B
