1924 3152
157 123 258 177 182
849 129 948 175 Lm.
988 85 1077 176 1111.

261 237 310 289 7.
360 236 490 288 Curi
525 243 580 288 et
605 235 828 288 Fabrici
854 236 921 302 Q.
948 236 1292 291 Tuberonem
1326 241 1643 308 cognomine
1670 241 1770 295 Oa-

153 314 269 359 tum
297 304 626 376 discipulum
646 305 817 359 fuisse
844 307 1037 360 merito
1095 308 1179 359 uis
1208 309 1629 364 existimauerit.
1682 314 1770 364 cui

153 375 499 430 consulatum
533 377 746 446 gerenti
783 395 904 430 cum
931 378 1073 430 Aeto
1098 397 1250 431 orum
1275 397 1410 449 gens
1438 382 1612 434 omnis
1638 400 1768 434 usus

152 465 288 499 uasa
325 454 585 516 argentea
618 454 817 516 ma'gno
855 447 1098 518 pondere
1135 458 1188 502 et
1226 450 1502 520 exquisita
1537 460 1654 505 arte
1690 452 1769 504 fa-

108 534 130 566 5
153 518 366 571 bricata
399 536 497 588 per
531 516 738 587 legatos
775 519 1042 583 misisset,
1083 520 1176 590 qui
1211 521 1488 591 superiore
1525 529 1770 594 tempore

152 588 467 657 gratulandi
505 606 672 641 causa
707 588 780 641 ad.
814 608 938 641 eum
963 589 1197 659 profecti
1223 590 1547 644 rettulerant
1580 592 1770 646 fictilia

153 677 210 710 se
238 659 294 710 in
321 660 435 711 eius
463 677 652 711 mensa
677 658 855 729 [uasa]
879 660 1105 727 uidisse,
1132 662 1369 714 monitos
1397 680 1464 714 ne
1490 663 1767 716 continen-

151 730 260 782 tiae
306 730 462 801 quasi
496 730 810 800 paupertati
856 731 1278 783 succurrendum
1314 740 1596 802 putarent,
1645 753 1768 786 cum

152 801 264 852 suis
306 800 533 853 sarcinis
569 801 721 854 abire
757 801 935 852 iussit.
1011 819 1174 871 quam
1207 802 1346 854 bene
1374 801 1640 855 Aetolicis
1678 803 1768 855 (10-

87 886 128 918 10
152 871 379 924 mestica
414 869 779 942 praetulerat,
834 873 880 922 si
926 870 1260 941 frugalitatis
1298 872 1416 924 eius
1461 872 1776 944 exemplum‘

150 942 424 1012 posterior
443 949 595 994 aetas
619 942 773 1012 sequi
799 940 1088 994 uoluisset!
1116 960 1258 994 nunc
1278 961 1383 1012 quo
1403 950 1628 996 uentum
1649 945 1767 996 est?

151 1031 184 1064 a
219 1013 391 1064 seruis
437 1012 722 1082 impetrari
767 1013 866 1063 uix
900 1020 1085 1082 potest
1120 1031 1186 1065 ne
1222 1031 1342 1065 eam
1377 1012 1767 1084 supellectilem

151 1082 468 1149 fastidiant,
509 1101 616 1153 qua
642 1091 772 1135 tunc
799 1082 988 1136 consul
1012 1084 1094 1135 uti
1120 1102 1230 1136 non
1256 1084 1490 1137 erubuit.

258 1154 308 1206 8.
348 1155 424 1206 At
450 1154 618 1206 Perse
644 1171 770 1222 rege
800 1153 1013 1206 deuicto
1040 1153 1240 1206 Paulus
1259 1194 1272 1219 ‚
1311 1172 1431 1206 cum
1456 1154 1767 1207 Macedoni-

86 1239 128 1272 15
151 1224 228 1276 cis
268 1224 462 1294 opibus
490 1231 733 1276 ueterem
760 1231 920 1293 atque
947 1222 1334 1276 hereditariam
1370 1224 1522 1278 urbis
1549 1234 1768 1278 nostrae

149 1302 531 1366 paupertatem
568 1313 630 1346 eo
655 1312 832 1364 usque
860 1295 1143 1361 satiasset,
1183 1302 1242 1346 ut
1268 1293 1361 1347 illo
1388 1303 1631 1366 tempore
1658 1297 1765 1367 pri-

148 1384 296 1417 mum
338 1363 571 1435 populus
607 1364 883 1417 Romanus
920 1364 1111 1417 tributi
1146 1366 1464 1434 praestandi
1510 1384 1673 1418 onere
1709 1384 1766 1417 se
1836 1366 1838 1375 '

149 1435 434 1501 liberaret,
522 1442 709 1487 enates
747 1453 871 1487 suos
909 1434 1056 1486 nulla
1093 1453 1161 1487 ex
1197 1444 1351 1505 parte
1387 1434 1766 1505 locupletiores

149 1505 298 1572 fecit,
326 1523 489 1587 praec
512 1523 603 1557 are
623 1523 805 1557 secum
825 1515 1010 1559 actum
1037 1507 1378 1571 existi1na11S‚
1406 1505 1555 1577 quod
1580 1525 1649 1559 ex
1675 1506 1768 1558 illa

86 1591 130 1624 20
151 1577 384 1628 uictoria
410 1575 504 1627 alii
531 1576 845 1646 pecuniam,
886 1577 1004 1646 ipse
1030 1575 1260 1645 gloriam
1288 1584 1624 1646 occupasset.

259 1647 309 1699 9.
348 1647 534 1716 Atque
560 1646 687 1698 huic
714 1646 882 1698 animi
918 1648 1031 1698 eius
1060 1646 1263 1700 iudicio
1295 1646 1361 1712 Q.
1390 1646 1598 1700 Fabius
1627 1646 1768 1700 Gur·

150 1735 275 1787 geS‚
312 1717 381 1768 N.
408 1717 616 1770 Fabius
644 1717 854 1783 Pictor,
893 1717 959 1783 Q.
1000 1716 1269 1786 Ogulnius
1308 1717 1767 1787 subscripserunt.

151 1789 245 1858 qui
269 1786 438 1857 legati
464 1787 536 1840 ad
562 1786 935 1840 Ptolemaeum
961 1805 1148 1857 regem
1174 1788 1329 1840 missi
1353 1806 1604 1854 munera,
1632 1806 1769 1858 quae

36 1930 129 1966 Par.
156 1922 392 1982 luptateln,
418 1935 502 1981 pro
530 1928 737 1966 monstro
766 1935 924 1968 uocem
953 1923 1050 1966 eius
1077 1921 1266 1981 accepit.
1317 1925 1356 1965 7.
1384 1920 1630 1976 Q.Tubero
1658 1934 1766 1971 cos„

87 2002 129 2036 25
152 2005 253 2038 cum
291 1994 329 2036 ei
366 2005 479 2050 gens
514 1991 780 2037 Aetolorum
817 1991 964 2037 omnis
1002 2005 1112 2036 usus
1149 2005 1258 2036 uasa
1303 1997 1520 2050 argentea
1554 1989 1766 2039 misisset,

153 2062 273 2122 quod
301 2075 349 2106 se
375 2062 514 2122 legati
541 2061 815 2107 rettulerant
842 2061 996 2107 fictilia
1023 2062 1067 2105 in
1096 2062 1194 2106 eius
1221 2074 1375 2106 mensa
1400 2060 1593 2110 uidisse,
1624 2072 1769 2104 exenn-

152 2132 229 2192 plo
257 2131 450 2177 Fabricii
478 2132 666 2177 remisit.
730 2134 768 2177 8.
807 2131 973 2177 Paulus
1000 2145 1095 2177 cos.
1125 2130 1260 2176 Perse
1287 2144 1395 2190 rege
1422 2131 1627 2179 deuicto,
1666 2145 1768 2176 cum

70 2222 72 2225 ·
151 2201 452 2249 Macedonicis
479 2202 642 2262 opibus
670 2201 827 2247 urbem
855 2200 1101 2261 replesset,
1128 2200 1251 2246 nulla
1278 2214 1327 2245 ex
1355 2202 1418 2246 eis
1446 2207 1633 2261 penates
1660 2215 1768 2246 suos

153 2273 466 2333 locupletauit.
517 2274 558 2317 9.
587 2271 636 2328 Q.
663 2271 826 2318 Fabius
855 2272 1044 2330 Gurges,
1072 2271 1148 2317 Cn.
1176 2271 1340 2316 Fabius
1361 2271 1528 2322 Pictor,
1554 2269 1603 2326 Q.
1633 2271 1770 2330 Ogul-

88 2354 132 2387 30
155 2344 257 2390 111113
283 2345 415 2398 (lona,
445 2357 559 2404 quae
586 2343 800 2404 priuatim
828 2357 852 2389 a
878 2341 1139 2388 Ptolemaeo
1167 2349 1447 2403 acceperant,
1475 2343 1521 2387 111
1548 2342 1769 2388 aerarium

270 2471 291 2508 1
314 2468 503 2509 fabricii
523 2467 565 2508 B
585 2464 604 2522 Η
626 2464 811 2521 Catum]
838 2466 1080 2520 gentilium
1102 2466 1156 2514 B,
1180 2465 1396 2519 gatilium
1416 2466 1453 2513 b,
1473 2466 1580 2518 fort.
1606 2464 1771 2506 Catum

151 2524 355 2576 Aelium;
388 2539 428 2565 u.
451 2522 645 2566 Plin.'N.
665 2524 726 2564 H.
753 2526 827 2572 33,
851 2526 917 2572 11,
941 2524 964 2573 ἓ
988 2525 1072 2563 142
1141 2524 1166 2563 2
1194 2523 1386 2563 meritae
1410 2521 1464 2574 (P)
1496 2522 1540 2563 B
1605 2523 1632 2562 4
1660 2535 1771 2576 pon-

153 2581 262 2623 dore
285 2582 326 2622 B
394 2583 420 2621 6
448 2581 706 2622 retulerant
727 2580 769 2620 B
839 2582 862 2620 7
892 2593 1008 2620 uasa
1029 2581 1111 2620 iam
1130 2580 1358 2621 Perizonio
1378 2585 1614 2632 suspectum
1634 2592 1709 2620 om.
1735 2579 1773 2619 P

157 2639 209 2680 10
242 2638 441 2692 emplum
463 2638 506 2678 B
575 2639 627 2678 12
660 2636 1005 2690 superlectilem
1026 2636 1069 2677 B
1131 2638 1182 2677 13
1213 2635 1374 2677 consul
1394 2635 1464 2676 uti
1492 2635 1540 2676 b:
1573 2634 1772 2676 consulti

154 2694 197 2734 B
267 2690 319 2734 14
347 2707 510 2747 perseo
538 2707 647 2747 rege
679 2694 721 2734 B
793 2696 845 2736 18
875 2693 1087 2734 liberarit
1115 2693 1257 2734 Periz.
1325 2694 1376 2732 21
1409 2704 1452 2744 q.
1481 2692 1524 2732 B
1551 2692 1594 2731 in
1624 2704 1711 2732 ras.
1745 2687 1767 2743 ΙΙ

154 2763 323 2804 gurges
346 2764 508 2788 *nun
526 2751 678 2804 pictor
698 2750 753 2798 B,
777 2753 818 2791 in
840 2763 928 2791 ras.
952 2764 1010 2791 eoe
1030 2750 1194 2790 Paride
1215 2750 1315 2790 add.
1340 2761 1415 2801 gn.
1438 2748 1608 2799 fabius,
1639 2761 1772 2800 prae-

154 2813 277 2848 terea
297 2820 376 2859 my.
398 2808 525 2849 habet
543 2819 695 2859 praen.
719 2807 950 2848 numerius
1011 2808 1065 2846 22
1097 2818 1196 2857 φησι*
1218 2805 1260 2845 Β
1280 2803 1299 2859 Η
1320 2804 1531 2857 ogolnius
1553 2804 1609 2851 B,
1640 2805 1769 2857 ugol-

153 2864 256 2904 nius
278 2862 301 2903 b
360 2865 415 2904 23
436 2863 585 2916 legati
606 2880 626 2903 *
648 2863 878 2916 ptolomeo
901 2875 1009 2916 rege
1031 2862 1149 2915 (regi
1170 2866 1302 2910 corr.)
1325 2862 1367 2901 B

269 2921 322 2961 29
346 2915 451 2975 Cn.]
477 2922 594 2961 immo
615 2921 670 2961 N.
694 2916 712 2973 Η
733 2919 950 2972 ugulnius
978 2919 1023 2958 V
