1924 3152
383 171 502 217 CAP.
530 170 654 222 vnn,
681 168 778 215 Ext.
806 169 835 228 g
856 173 996 214 5-7,
1023 168 1124 213 ΜΒ.
1150 167 1236 212 vn.
1265 167 1384 212 CAP.
1411 167 1444 218 1,
1473 165 1502 224 S
1531 168 1569 211 1.
1680 158 1792 212 323

163 280 385 351 pionem
409 279 795 349 imperatorem
821 285 1130 348 pertractus
1160 284 1269 341 est,
1307 274 1569 344 cuiusque
1596 273 1791 326 dexte·

158 369 284 404 ,ram
320 349 471 419 regio
507 348 751 401 insidens
791 348 928 401 solio
965 346 1257 415 adroganti
1300 364 1467 397 manu
1504 344 1785 414 attigerat,

167 422 283 474 eius
319 420 550 488 genibus
589 418 826 489 supplex
859 417 1169 490 procubuit.
1233 416 1443 469 caduca
1475 415 1704 467 nimium
1730 423 1786 468 et

166 490 388 561 fragilia
433 488 843 561 puerilibusque
891 497 1262 542 consentanea
1306 486 1618 558 crepundiis
1657 494 1786 539 sunt

164 563 298 628 ista,
335 579 476 632 quae
512 560 658 612 uires
700 569 865 631 atque
893 578 1021 630 opes
1049 559 1317 611 humanae
1342 565 1629 612 uocantur.
1689 556 1782 609 ad·
1805 570 1835 604 5

163 631 342 684 fluunt
368 631 570 697 subim,
598 650 656 683 re
700 640 823 684 ente
850 630 1184 695 dilabuntur,
1212 629 1359 682 nullo
1387 630 1443 680 in
1467 628 1605 695 loce,
1632 627 1785 680 nulla

166 703 223 754 in
249 720 485 773 persona
513 650 805 755 stabilibus
831 703 965 754 nixa
990 701 1272 753 radicibus
1310 699 1642 766 consistunt,
1686 697 1786 751 sed

166 772 532 826 incertissimo
560 772 696 825 flatu
722 773 978 826 fortunae
1004 771 1111 824 huc
1149 781 1313 843 atque
1340 770 1472 823 illuc
1498 777 1620 822 acta
1647 787 1783 841 quos

167 843 401 897 sublime
428 842 742 897 extulerunt
767 843 1048 912 inprouiso
1076 861 1302 895 recussu
1340 841 1633 895 destitutos
1662 857 1783 911 pro-

165 914 338 967 fundo
365 913 603 967 cladium
623 913 1009 967 miserabiliter
1027 915 1357 982 inmergunt.
1396 913 1582 982 itaque
1608 930 1784 982 neque
1807 925 1859 958 10

166 985 473 1037 existimari
499 1002 675 1055 neque
703 983 813 1037 dici
841 985 1043 1037 debent
1072 986 1238 1049 bona,
1275 1002 1440 1054 quae,
1468 991 1529 1034 ut
1554 982 1784 1034 inflicto—

166 1075 289 1108 rum
337 1054 605 1109 malorum
656 1055 1027 1108 amaritudine
1090 1054 1423 1107 desiderium
1474 1053 1559 1106 sui
1611 1051 1789 1123 dupli-

168 1135 291 1180 cent
320 1148 343 1178 *
374 1148 396 1178 *
426 1148 468 1178 *.

646 1306 876 1391 LrssER
904 1337 1299 1391 SEPTIMVS.

635 1452 681 1504 I.
738 1456 837 1503 DE
868 1454 1312 1504 FELICITATE.
1809 1477 1857 1511 15

270 1549 545 1604 Volubilis
573 1550 828 1603 fortunae
868 1550 1150 1620 complura
1177 1549 1427 1619 exempla
1452 1549 1784 1618 rettulimUS‚

167 1628 482 1674 constanter
499 1621 769 1690 propitiae
792 1620 1085 1673 admodum
1102 1639 1276 1691 pauca
1291 1621 1505 1672 narrari
1526 1629 1781 1691 possunt:

166 1709 272 1761 quo
308 1698 460 1759 patet
494 1709 614 1742 eam
651 1691 914 1743 aduersas
954 1710 1040 1743 res
1078 1690 1277 1760 cupido
1314 1692 1494 1744 animo
1520 1691 1783 1760 infligere,

168 1760 433 1813 secundas
470 1778 636 1830 parco
673 1761 936 1814 tribuere.
1012 1760 1232 1826 eadem,
1279 1761 1374 1813 ubi
1418 1762 1781 1830 malignitatis

167 1830 419 1884 obliuisci
454 1830 560 1883 sibi
596 1831 919 1901 imperauit,
956 1850 1065 1883 non
1101 1830 1275 1883 solum
1311 1831 1548 1899 plurima
1583 1850 1646 1883 ac
1672 1850 1782 1884 ma·
1807 1859 1854 1892 20

167 1903 336 1968 xima,
367 1901 463 1953 sed
492 1901 656 1954 etiam
685 1910 949 1972 perpetua
975 1902 1123 1955 bona
1151 1901 1417 1970 congerit.

276 1975 324 2034 ]..‚
363 1972 665 2024 Videamus
696 1991 825 2041 ergo
853 1980 985 2043 quot
1009 1971 1273 2042 gradibus
1300 1972 1691 2026 beneficiorum
1713 1972 1780 2038 Q.

166 2120 450 2179 mendusque
478 2135 498 2164 a
530 2119 766 2170 Romanis,
805 2135 828 2165 a
855 2120 1007 2166 Laelio
1034 2120 1186 2180 legato
1226 2120 1278 2165 ad
1308 2119 1567 2180 Scipionem
1594 2120 1778 2165 uinctus
1803 2131 1904 2165 Par.

164 2190 804 2307 perdllmzslsseSJORTVNA
845 2261 1277 2308 CONSTANTER
1316 2261 1652 2307 PROPITIA.
1730 2260 1779 2316 Q.
1806 2273 1856 2305 25

165 2330 372 2375 Metellus
409 2345 433 2375 a
468 2333 614 2390 primo
653 2332 725 2377 die
764 2333 957 2392 originis
993 2333 1046 2377 ad
1082 2332 1292 2377 ultimum
1320 2347 1466 2392 usque
1493 2332 1574 2377 sati
1603 2339 1779 2391 tempus

280 2468 305 2506 2
330 2467 586 2520 attingerat
605 2467 647 2506 B
708 2471 733 2508 3
756 2467 921 2521 suplex
942 2468 984 2506 B
1043 2470 1070 2507 4
1094 2469 1322 2520 crep**dis
1344 2461 1400 2507 B‘
1459 2468 1485 2507 8
1508 2468 1720 2508 fortuna*
1740 2468 1785 2506 B

168 2525 193 2563 9
224 2535 412 2563 recursu
431 2523 454 2562 b
544 2525 596 2564 10
636 2523 751 2575 itaq.
773 2524 829 2572 B,
853 2525 952 2564 add.
972 2538 1021 2563 m.
1045 2526 1072 2563 2
1095 2536 1267 2576 neque3
1301 2537 1355 2563 an
1377 2526 1489 2575 itaq.
1512 2537 1570 2564 ea:
1590 2524 1656 2564 ita
1678 2536 1785 2575 neq.

167 2586 363 2620 exortum
385 2581 479 2619 esc?
531 2581 580 2619 11
607 2592 725 2631 quae
748 2583 799 2619 ut
818 2600 876 2609 ——-
896 2579 1132 2632 duplic-ent
1152 2579 1220 2619 B:
1245 2591 1364 2630 quae
1387 2580 1663 2620 inflictorum
1686 2592 1785 2619 ma-

165 2635 314 2676 lorum
336 2634 643 2676 amaritudine
667 2635 740 2687 (Ν
765 2642 830 2676 est
849 2650 876 2676 a
896 2650 946 2675 m.
960 2635 1004 2686 2)
1029 2636 1258 2675 desiderio
1281 2636 1351 2675 sui
1372 2635 1611 2688 duplicant
1631 2635 1679 2683 b,-
1699 2650 1786 2676 mu-

166 2694 281 2733 tilam
311 2705 404 2733 esse
432 2694 862 2744 sententiamprimus
883 2695 1078 2742 cognouit
1100 2693 1288 2745 Pighius,
1320 2705 1440 2745 quam
1459 2693 1523 2732 sie
1542 2694 1782 2744 suppleuit.-

165 2750 463 2802 propensiore
494 2749 656 2789 fauore
689 2751 835 2801 primo
866 2748 1115 2796 delenitos,
1154 2748 1331 2788 maiore
1359 2752 1526 2800 postea
1556 2748 1779 2789 malorum

168 2805 349 2845 cumulo
390 2805 646 2858 opprimere
689 2805 858 2855 solent3
912 2805 1132 2856 Kempfius
1160 2804 1331 2845 breuius
1357 2807 1443 2845 sic:
1496 2805 1780 2857 aliquamdiu

166 2860 335 2902 blando
358 2861 519 2902 fauore
542 2861 773 2902 hominum
797 2861 972 2901 animos
995 2860 1282 2913 permulcent
1365 2862 1416 2901 16
1441 2873 1538 2900 com
1562 2861 1603 2900 B
1624 2863 1665 2901 in
1687 2874 1778 2901 ras.

168 2919 265 2958 item
285 2921 357 2958 ter
378 2919 606 2971 propitiae
668 2920 718 2959 17
743 2918 998 2959 constantis
1021 2919 1124 2961 dett.
1149 2916 1191 2958 εἴ
1210 2931 1247 2957 m
1305 2919 1359 2958 22
1383 2917 1500 2971 quod
1523 2910 1575 2957 B'
1596 2914 1615 2971 ss
1652 2928 1777 2958 omm

170 2985 212 3024 q.
238 2974 474 3014 metellum
497 2974 538 3014 B
560 2979 601 3015 in
621 2988 711 3015 ras.

1413 3012 1523 3092 521*
