1924 3152
166 122 174 128 ”
239 135 345 188 304
379 151 383 155 ·
936 140 1034 186 Lm.
1074 140 1142 186 vi.

241 246 471 298 classem
497 245 764 314 coegisset
784 245 1079 316 Xerxeque
1104 265 1233 317 rege
1261 254 1314 300 et
1341 266 1401 301 co
1443 248 1509 302 iis
1539 249 1654 303 eius
1675 249 1846 304 Grae-

242 317 326 368 cia
351 314 520 386 pulsis
546 315 731 367 ruinas
760 316 970 386 patriae
994 317 1052 369 in
1087 317 1380 387 pristinum
1445 318 1653 372 abitum
1680 320 1848 372 refor-

240 392 413 436 maret
448 392 501 436 et
535 404 663 455 opes
692 384 1049 439 clandestinis
1076 387 1450 442 molitionibus
1478 388 1550 441 ad
1576 390 1848 460 principa-

239 463 355 507 tum
371 454 636 508 Graeciae
650 455 1055 526 -capessendum
1071 458 1322 525 nutriret,
1350 458 1415 528 in*
1434 459 1683 512 contione
1711 460 1852 513 dixit

197 547 218 579 5
240 525 440 578 habere
468 544 526 578 se
552 545 667 578 rem
694 525 1085 580 deliberatione
1120 547 1219 581 sua
1254 529 1557 598 prouisam,
1596 548 1764 600 quam
1802 530 1848 581 si

240 595 462 649 fortuna
489 596 559 648 ad
587 596 838 649 effectum
865 597 1091 667 perduci
1116 617 1281 668 passa
1308 607 1475 665 esset,
1512 598 1648 657 nihil
1674 601 1850 652 maius

241 673 335 718 aut
371 667 647 735 potentius
684 667 1009 719 Atheniensi
1043 667 1245 738 populo
1281 668 1555 734 futurum,
1601 668 1699 722 sed
1733 687 1852 722 eam

239 734 458 804 uulgari
493 755 602 790 non
641 746 920 807 oportere,
957 739 1363 808 postulauitque
1398 747 1459 791 ut
1495 737 1691 809 aliquis
1727 740 1850 805 sibi,

243 806 332 858 cui
358 805 510 858 illam
535 808 703 859 tacite
732 815 1045 878 exponeret,
1075 808 1327 861 daretur.‘
1367 808 1528 861 datus
1556 809 1852 861 estAristi-

176 897 218 928 ιο
242 876 357 928 des.
407 877 453 928 is
482 885 771 947 postquam
796 878 1116 947 recognouit
1141 878 1372 930 classem
1405 877 1559 930 illum
1584 878 1853 934 Lacedae,-

240 947 572 1013 moniorum,
613 966 752 1018 quae
787 955 901 1000 tota
938 949 1086 1018 apud
1114 948 1395 1019 Gytheum
1422 948 1691 1002 subducta
1717 958 1851 1015 erat,

239 1016 379 1068 uelle
405 1017 714 1084 incendere,
743 1026 802 1069 ut
827 1037 890 1070 ea
917 1027 1241 1088 consumpta
1268 1019 1565 1071 dominatio
1586 1019 1851 1089 maris‘ip-

240 1088 314 1139 sis
344 1087 576 1154 cederet,
605 1089 873 1158 processit
893 1088 963 1141 ad
985 1089 1130 1141 ciues
1154 1097 1207 1142 et
1228 1087 1439 1142 rettulit
1450 1088 1853 1143 Themistoclen

238 1165 300 1209 ut
324 1157 458 1209 utile
484 1158 797 1224 consilium,
825 1160 904 1211 ita
929 1160 1150 1212 minime
1174 1159 1381 1212 iustum
1407 1159 1585 1214 animo
1613 1158 1852 1213 uoluere.

178 1247 219 1279 15
243 1246 271 1279 e
296 1229 530 1297 uestigio
557 1230 816 1281 uniuersa
852 1230 1034 1283 contio
1076 1229 1223 1299 quod
1250 1248 1483 1299 aequum
1507 1248 1615 1282 non
1639 1229 1849 1282 uidere-

239 1306 328 1349 tur
372 1317 439 1350 ne
484 1299 745 1366 expedire
798 1299 1016 1369 quidem
1060 1299 1448 1369 proclamauit,
1500 1318 1563 1352 ac
1605 1299 1851 1370 protinus

239 1367 646 1421 Themistoclen
672 1370 890 1439 incepto
917 1369 1079 1422 iussit
1107 1369 1386 1422 desistere.

345 1452 395 1504 3.
437 1451 590 1503 Nihil
615 1451 720 1504 illis
750 1453 915 1504 etiam
935 1453 1180 1506 iustitiae
1199 1454 1461 1523 exemplis
1482 1453 1695 1506 fortius.
1747 1455 1851 1506 Za-

242 1520 428 1573 leucus
457 1522 591 1575 urbe
617 1521 976 1575 Locrensium
1003 1542 1035 1575 a
1061 1541 1118 1575 se
1147 1523 1519 1576 saluberrimis
1561 1531 1722 1595 atque
1747 1525 1852 1576 uti-

180 1590 470 1644 201issimis
499 1592 711 1661 legibus
739 1594 974 1659 munita,
1014 1611 1138 1646 cum
1173 1593 1317 1645 filius
1346 1594 1460 1646 eius
1489 1593 1724 1646 adulteri
1751 1595 1852 1646 cri-

228 1658 383 1714 'mine
429 1661 717 1715 damnatus
764 1663 1062 1715 secundum
1107 1664 1191 1715 ius
1237 1664 1305 1715 ab
1342 1665 1461 1734 ipso
1498 1665 1854 1717 constitutum

240 1739 470 1802 utroque
497 1731 649 1786 oculo
678 1751 861 1786 carere
890 1733 1116 1787 deberet
1142 1753 1205 1786 ac
1231 1741 1350 1786 tota
1376 1735 1576 1786 ciuitas
1604 1735 1660 1786 in
1685 1733 1848 1786 hono-

240 1821 355 1853 rem
379 1803 554 1872 patris
582 1805 966 1856 necessitatem
1003 1822 1211 1875 poenae
1238 1803 1645 1859 adulescentulo
1672 1804 1852 1857 remit-

239 1879 403 1939 teret,
453 1873 794 1944 aliquamdiu
838 1875 1182 1945 repugnauit.
1261 1875 1330 1927 ad
1375 1874 1629 1926 ultimum
1666 1874 1855 1945 populi

177 1961 220 1993 25
242 1943 496 2012 precibus
535 1944 746 1996 euictus
785 1964 879 1998 suo
916 1947 1097 2015 priUS,
1137 1944 1335 1998 deinde
1371 1944 1469 1996 filii
1504 1944 1659 1998 oculo
1698 1953 1851 1997 eruto

241 2031 402 2064 usum
426 2013 652 2066 uidendi
677 2015 895 2084 utrique
922 2015 1158 2086 reliquit.
1227 2015 1304 2066 ita
1331 2014 1574 2068 debitum
1600 2014 1853 2089 supplicii

241 2083 461 2135 modum
488 2082 596 2151 legi
622 2083 893 2149 reddidit,
933 2103 996 2136 ae
1035 2085 1222 2137 uitatis
1251 2084 1563 2137 admirabili
1588 2093 1695 2136 tem
1739 2103 1852 2136 era-

241 2159 424 2205 mento
453 2171 509 2204 se
535 2153 678 2205 inter
705 2155 986 2207 misericor
1028 2173 1111 2206 em
1148 2161 1357 2223 patrem
1385 2162 1437 2205 et
1462 2154 1668 2206 iustum
1715 2155 1851 2222 egis-

242 2221 474 2274 latorem
497 2224 753 2292 partitus.

179 2394 222 2426 30
245 2381 595 2428 reclamantibus
624 2383 849 2443 deposuit.
919 2387 956 2429 3.
997 2385 1211 2430 Zaleucus
1239 2383 1348 2429 urbe
1374 2384 1669 2429 Locrensium
1706 2383 1852 2429 utilis-

126 2435 219 2469 ΡΜ·
245 2452 368 2497 simis
395 2451 573 2513 legibus
601 2455 797 2505 munita,
827 2469 927 2500 cum
954 2454 1073 2500 filius
1101 2455 1198 2500 eius
1225 2454 1432 2500 adulterii
1460 2454 1647 2500 crimine
1673 2454 1852 2500 damna—

243 2530 318 2567 tus
357 2523 604 2569 secundum
644 2526 714 2569 ius
753 2524 806 2570 ab
846 2526 946 2585 ipso
976 2526 1274 2571 constitutum
1312 2530 1511 2585 utroque
1539 2523 1671 2570 oculo
1700 2537 1852 2571 carere

245 2593 443 2645 deberet,
472 2601 685 2654 precante
711 2594 805 2641 filio
834 2603 878 2640 et
905 2596 1076 2656 populo
1105 2604 1155 2641 ut
1181 2601 1399 2656 parceret,
1429 2595 1604 2648 medius
1631 2594 1750 2639 inter
1773 2608 1851 2653 pa-

247 2670 358 2708 trem
386 2671 431 2709 et
457 2664 802 2723 legumlatorem
840 2666 952 2718 fuit:
993 2681 1075 2711 suo
1112 2667 1227 2710 enim
1254 2665 1406 2726 prius,
1444 2665 1602 2710 deinde
1627 2663 1689 2709 fili
1717 2663 1848 2709 oculo

358 2816 383 2854 6
405 2814 591 2854 fortuna
614 2815 849 2856 adfectum
873 2814 954 2869 (ad
978 2816 1070 2856 adf.
1095 2815 1141 2868 b)
1164 2817 1205 2856 B
1286 2817 1336 2857 13
1366 2813 1526 2855 retulit
1549 2813 1847 2854 themitoclen

243 2866 297 2909 B'
386 2872 439 2910 26
479 2870 663 2910 uidendi
692 2873 872 2924 utrique
905 2873 948 2912 B
970 2875 1012 2912 in
1033 2886 1118 2914 ras.
1149 2873 1331 2923 utrique
1362 2869 1548 2911 uidendi
1578 2870 1635 2916 P,
1665 2868 1852 2910 uidendi

245 2927 450 2978 utrisque
474 2927 576 2967 dett.
