1924 3152
721 135 838 182 CAP.
866 135 898 186 1,
939 135 968 195 g
995 137 1164 179 7—10.
1215 103 1218 105 i
1657 126 1757 180 167

237 247 286 300 9.
330 246 390 299 O.
429 262 642 317 quoque
670 243 933 296 Claudius
970 242 1117 296 Nero
1155 242 1298 295 inter
1333 249 1518 294 cetera
1550 241 1757 312 praeci-

125 341 128 343 ·
167 337 272 371 uae
315 316 710 370 moderationis
757 313 1012 384 exempla
1046 312 1416 366 numerandus
1455 320 1555 365 est.
1629 313 1757 365 Liui

175 388 458 442 alinatoris
495 387 553 439 in
578 384 930 438 Hasdrubale
969 383 1327 454 opprimendo
1354 382 1564 454 gloriae
1590 385 1757 454 parti-

127 479 257 531 ceps
294 459 491 511 fuerat.
578 465 762 510 tamen
799 475 922 508 eum
956 455 1389 524 triumphantem
1427 473 1564 526 equo
1603 456 1757 526 sequi

131 549 293 601 quam
326 529 602 599 triumpho
618 567 631 593 ,
671 545 834 598 quem
870 533 1092 579 senatus
1130 526 1182 577 ei
1216 544 1278 578 ae
1319 544 1387 578 ue
1415 526 1752 593 decreuerat,
1778 545 1799 578 5

128 601 213 654 uti
247 599 468 665 maluit,
522 598 650 669 quia
684 616 771 650 res
818 598 875 649 in
911 596 1198 668 prouincia
1237 545 1562 650 Salinatoris
1601 604 1757 666 gesta

123 680 264 723 erat.
329 670 483 741 atqui
521 670 638 722 sine
675 687 837 721 curru
871 667 1261 738 triumphauit,
1308 686 1370 721 eo
1435 667 1623 720 uidem
1650 667 1757 720 cla-

127 742 271 809 rius,
324 740 471 812 quod
512 739 659 792 illius
704 739 942 792 uictoria
984 738 1363 790 tantummodo
1432 739 1755 805 audabatur,

127 811 290 864 huius
320 812 487 864 etiam
514 810 837 863 moderatio.

240 883 322 934 10.
362 881 446 934 Ne
474 881 770 933 Africanus
807 880 1029 950 quidem
1095 880 1324 933 osterior
1356 899 1455 933 nos
1486 880 1553 932 de
1593 899 1651 933 se
1676 886 1755 933 ta·
1781 901 1821 933 io

122 971 251 1005 cere
276 953 501 1023 patitur.
550 953 644 1023 qui
670 970 863 1004 censor
898 970 1020 1003 cum
1045 899 1283 1002 liistrum
1310 951 1569 1004 conderet
1593 952 1756 1022 inque

131 1022 518 1077 solitaurilium
545 1023 814 1075 sacrificio
844 1022 1025 1075 scriba
1061 1041 1130 1074 ex
1155 1021 1390 1092 publicis
1420 1021 1625 1075 tabulis
1655 1021 1755 1076 sol-

128 1093 307 1146 lemne
342 1094 393 1146 ei
418 1094 746 1164 precationis
775 1111 996 1145 carmen
1020 1094 1286 1163 praeiret,
1324 1110 1428 1163 quo
1456 1093 1512 1146 di
1538 1094 1757 1145 immor-

126 1163 265 1216 tales
311 1171 373 1216 ut
414 1163 605 1234 populi
640 1165 876 1217 Romani
924 1182 1011 1215 res
1057 1162 1307 1216 meliores
1358 1163 1757 1235 amplioresque

127 1235 373 1287 facerent
396 1235 751 1303 rogabantur,
779 1242 797 1263 ³
814 1235 978 1287 satis’
1006 1234 1185 1304 inquit
1211 1239 1225 1262 ‘
1241 1235 1418 1287 bonae
1444 1242 1497 1286 et
1522 1253 1756 1305 magnae
1780 1253 1821 1287 15

129 1313 281 1358 sunt:
332 1305 518 1377 itaque
553 1324 744 1376 precor
778 1314 840 1358 ut
877 1323 969 1357 eas
1006 1314 1270 1375 perpetuo
1317 1305 1606 1358 incolumis
1645 1324 1755 1358 ser-

127 1382 297 1443 uent',
325 1394 390 1428 ac
414 1376 662 1447 protinus
690 1377 749 1428 in
767 1375 1004 1447 publicis
1032 1375 1236 1429 tabulis
1266 1376 1338 1428 ad
1357 1375 1504 1428 hunc
1530 1378 1757 1430 modum

122 1465 350 1499 carmen
394 1447 675 1499 emendari
719 1448 896 1500 iussit.
976 1465 1084 1517 qua
1126 1455 1381 1499 uotorum
1423 1447 1756 1500 uerecundia

122 1518 385 1588 deinceps
414 1535 665 1571 censores
694 1518 751 1570 in
777 1517 1076 1570 condendis
1105 1517 1293 1570 lustris
1320 1518 1407 1570 usi
1434 1528 1578 1572 sunt.
1630 1537 1756 1589 pru-
1858 1587 1861 1589 Β

126 1588 322 1640 denter
348 1588 494 1640 enim
521 1590 692 1641 sensit
717 1597 848 1641 tunc
881 1590 1279 1641 incrementum
1303 1589 1555 1643 Romano
1587 1590 1755 1660 impe·
1779 1608 1820 1640 20

126 1659 212 1710 rio
247 1659 546 1728 petendum
583 1659 784 1725 fuisse,
838 1677 963 1711 cum
1003 1660 1150 1711 intra
1183 1660 1479 1728 septimum
1513 1660 1756 1731 lapidem

124 1728 391 1799 triumphi
418 1730 850 1799 quaerebantur,
886 1730 1152 1782 maiorem
1178 1738 1362 1791 autem
1387 1731 1557 1783 totius
1584 1740 1756 1784 terra-

126 1817 249 1850 rum
291 1799 440 1852 orbis
477 1807 692 1868 partem
736 1800 1043 1868 possidenti
1074 1806 1136 1850 ut
1171 1801 1394 1851 auidum
1442 1819 1564 1853 esse
1600 1801 1754 1872 quid-

127 1886 296 1939 quam
322 1867 468 1920 ultra
495 1868 776 1938 adpetere,
805 1869 883 1921 ita
909 1868 1129 1922 abunde
1155 1868 1320 1935 felix,
1358 1871 1404 1921 si
1430 1870 1566 1922 nihil
1593 1890 1665 1924 ex
1690 1889 1752 1924 eo

125 1939 273 2010 quod
299 1938 584 2009 optinebat
608 1938 902 1992 amitteret.
1777 1958 1820 1992 25

127 2092 281 2137 retur,
325 2085 599 2132 intercessit.
673 2089 714 2132 9.
767 2087 811 2133 C.
840 2086 1051 2133 Claudius
1077 2088 1218 2138 Nero,
1271 2090 1479 2148 quamuis
1516 2089 1632 2147 Liuii
1671 2089 1750 2135 Sa·
1774 2099 1869 2132 Par.

124 2156 336 2202 linatoris
372 2158 418 2202 in
453 2156 732 2203 Hasdrubale
773 2158 1071 2219 opprimendo
1111 2159 1286 2218 gloriae
1333 2161 1563 2220 particeps
1604 2160 1753 2206 fuerat

125 2227 483 2288 triumphantem
520 2242 639 2288 equo
667 2229 796 2289 sequi
823 2229 1005 2280 maluit,
1051 2244 1153 2276 cum
1182 2236 1365 2276 senatus
1403 2233 1443 2276 ei
1469 2231 1751 2291 triumphum

122 2297 421 2344 decreuisset.
484 2301 551 2345 10.
588 2298 742 2360 Scipio
770 2300 1012 2347 Africanus
1040 2302 1293 2361 posterior,
1324 2315 1424 2347 cum
1452 2316 1617 2348 censor
1643 2317 1753 2349 con·

123 2367 255 2413 deret
279 2368 477 2414 lustrum
504 2375 550 2415 et
576 2369 725 2415 scriba
750 2370 796 2415 in
823 2370 1046 2417 sacrificio
1086 2386 1139 2417 ex
1165 2371 1361 2432 publicis
1392 2372 1558 2418 tabulis
1594 2387 1752 2433 preca·
1775 2384 1817 2415 30

130 2437 267 2482 tionis
294 2451 474 2484 carmen
501 2441 725 2499 praeiret,
767 2455 859 2500 quo
888 2441 946 2486 dii
985 2443 1263 2487 immortales
1298 2449 1350 2487 ut
1376 2442 1538 2502 populi
1564 2443 1754 2489 Romani

129 2520 202 2551 res
229 2506 447 2554 meliores
474 2509 812 2570 amplioresque
839 2511 1041 2557 facerent
1068 2512 1371 2572 rogabantur,
1401 2513 1542 2558 ‘satis
1559 2515 1572 2535 '
1603 2515 1754 2574 inquit

124 2577 205 2622 ‘et
231 2577 377 2623 honae
405 2584 451 2624 et
477 2592 666 2638 magnae
694 2586 823 2625 sunt:
862 2582 1015 2641 itaque
1040 2596 1205 2642 precor
1239 2589 1290 2627 ut
1317 2596 1392 2628 eas
1418 2589 1646 2643 perpetuo
1686 2585 1755 2629 in-

241 2717 266 2756 6
288 2715 358 2756 uti
379 2715 427 2756 b.-
457 2718 510 2756 ut
530 2716 572 2756 B
634 2719 657 2757 7
682 2717 815 2769 atqui
834 2717 934 2758 sine
958 2731 1057 2759 nos:
1090 2722 1227 2771 atque
1250 2719 1289 2759 is
1313 2721 1413 2760 sine
1436 2719 1492 2767 B,
1522 2723 1662 2774 atque
1684 2722 1753 2762 ita

125 2771 228 2812 sine
260 2771 431 2826 Kempf
498 2774 548 2813 12
588 2773 918 2814 solitaurilium
946 2775 1132 2827 Kempf:
1174 2775 1344 2816 solitae
1382 2776 1472 2816 uiri
1506 2776 1571 2823 B,
1611 2778 1751 2819 solito

124 2825 227 2867 fieri
255 2828 310 2875 D,
342 2829 594 2870 solitaurili
626 2830 821 2870 Cuiacius
890 2832 941 2872 13
969 2829 1251 2884 §dicationis
1280 2831 1323 2872 B
1394 2834 1446 2874 15
1476 2836 1523 2874 et
1543 2834 1693 2876 bonae
1714 2835 1756 2875 P

126 2883 182 2924 16
202 2883 455 2926 incolomes
472 2885 515 2926 B
575 2888 629 2928 23
652 2887 899 2939 quicquam
920 2886 1044 2928 ultra
1067 2891 1285 2942 appetere
1307 2889 1331 2929 b
1391 2891 1448 2930 24
1469 2902 1522 2932 eo
1543 2890 1587 2930 B
1601 2893 1644 2931 in
1660 2904 1752 2937 ras.

240 2941 294 2982 27
316 2941 485 2984 fuisset
507 2942 604 2983 Mai
