1924 3152
173 164 276 216 184
307 218 311 221 ,
810 151 815 158 ’
866 169 966 214 Llss.
1004 170 1090 215 1111.

156 277 307 336 ,Cato
348 276 630 342 tolerauit,
670 276 799 347 quia
834 275 988 329 illum
1014 283 1172 346 grata
1203 276 1539 347 frugalitatis
1567 297 1785 333 consue-

169 347 304 400 tudo
341 347 397 397 in
423 346 526 399 hoc
552 351 750 416 genere
785 347 932 399 uitae
959 365 1083 399 cum
1111 366 1322 400 summa
1349 347 1637 404 dulcedine
1664 368 1785 403 con-

170 418 399 470 tinebat.
1337 451 1341 454 >

277 487 358 540 12.
399 486 636 541 Multum
674 507 706 540 a
731 488 914 559 prisca
939 489 1274 541 continentia
1311 490 1485 560 spatio
1524 509 1787 544 annorum

129 559 437 628 5posterior
463 557 599 612 Cato
638 557 950 625 descendit,
986 566 1174 630 utpote
1209 560 1265 611 in
1300 561 1525 634 ciuitate
1561 562 1669 612 iam
1707 562 1785 613 di-

165 630 276 682 uite
305 637 358 681 et
385 628 602 682 lautitia
627 629 900 699 gaudente
926 638 1104 682 natuS.
1156 631 1202 682 is
1229 638 1436 697 tamen,
1475 649 1597 683 cum
1623 631 1783 685 bellis

167 699 426 752 ciuilibus
458 701 771 767 interesset,
809 699 982 752 filium
1020 719 1203 753 secum
1237 701 1785 754 trahensduodecim

166 789 351 823 seruos
379 769 589 838 habuit,
617 789 844 824 numero
872 772 1057 841 plures
1087 790 1249 842 quam
1277 773 1553 842 superior,
1581 780 1784 843 tempo-

164 847 289 892 rum·
311 840 544 893 diuersis
573 841 816 895 moribus
843 841 1151 912 pauciores,

100 935 141 964 lo
275 913 357 964 13.
398 910 632 964 Exultat
668 913 880 964 animus
908 912 1271 964 maximorum
1307 913 1549 965 uirorum
1584 931 1784 966 memo-
1847 938 1850 942 ·

163 982 303 1034 riam
340 1001 683 1052 percurrens,
755 982 938 1052 Scipio
975 982 1316 1035 Aemilianus
1360 992 1486 1053 post
1525 983 1658 1036 duos
1705 984 1784 1035 in·-

164 1052 340 1122 clytos
370 1053 680 1106 consulatus
708 1053 1048 1124 totidemque
1075 1072 1204 1106 suae
1225 1054 1408 1124 praeci
1449 1072 1550 1106 uae
1577 1053 1785 1123 gloriae

165 1124 468 1194 triumphos
508 1131 720 1194 septem
747 1124 920 1177 seruis
959 1124 1309 1194 sequentibus
1338 1125 1400 1176 of
1437 1124 1518 1176 cio
1557 1125 1782 1193 legatio-
1827 1184 1829 1187 ¹

163 1195 248 1245 nis
277 1193 498 1247 functus
528 1203 626 1247 est.
681 1203 762 1261 et,
790 1203 944 1265 puto,
972 1194 1332 1264 Karthaginis
1362 1213 1425 1247 ac
1452 1195 1783 1248 Numantiae

99 1285 139 1317 15
164 1263 352 1334 spoliis
393 1283 491 1317 con
535 1283 691 1317 arare
726 1264 909 1335 plures
938 1273 1220 1335 potuerat,
1266 1265 1374 1317 nisi
1410 1283 1635 1336 operum
1663 1263 1804 1318 suo-¹

161 1354 282 1387 rum
309 1335 380 1387 ad
409 1354 465 1387 se
496 1284 744 1402 laudem,
783 1335 1068 1388 manubias
1105 1336 1177 1388 ad
1202 1332 1438 1406 patriam
1474 1335 1784 1388 redundare

160 1405 460 1458 maluisset.
515 1406 726 1476 itaque,
767 1424 890 1458 cum
916 1424 1014 1476 per
1042 1407 1218 1459 socios
1257 1414 1310 1458 et
1346 1413 1562 1459 exteras
1591 1415 1783 1476 gentes

160 1476 266 1529 iter
293 1476 515 1542 faceret,
542 1494 652 1528 non
678 1477 955 1547 mancipia
982 1477 1115 1544 eius,
1146 1476 1243 1529 sed
1269 1477 1537 1540 uictoriae
1565 1495 1782 1530 enume-

161 1547 441 1609 rabantur,
480 1564 582 1599 nec
607 1555 872 1618 quantum
899 1547 1016 1599 auri
1046 1555 1099 1599 et
1126 1548 1355 1617 argenti,
1398 1546 1494 1600 sed
1519 1556 1783 1618 quantum

96 1638 139 1670 20
162 1615 535 1688 amplitudinis
563 1617 775 1688 pondus
805 1636 990 1670 secum
1015 1617 1185 1671 ferret
1213 1617 1627 1671 aestimabatur.

271 1688 351 1740 14.
405 1687 756 1741 Continentia
800 1707 929 1741 uero
966 1690 1130 1741 etiam
1177 1689 1234 1740 in
1278 1688 1570 1742 uniuersae
1604 1687 1782 1759 plebis

161 1758 358 1810 animis
388 1777 550 1828 saepe
576 1778 804 1812 numero
833 1760 1053 1829 cognita
1079 1770 1187 1826 est,
1217 1759 1556 1812 sedabunde
1583 1758 1686 1811 erit
1713 1777 1783 1811 ex

158 1827 245 1881 his
286 1830 391 1882 duo
432 1829 686 1900 exempla
713 1829 873 1899 longe
908 1832 1050 1883 inter
1086 1849 1143 1883 se
1180 1830 1503 1883 distantium
1541 1828 1781 1883 saeculo-

159 1918 283 1951 rum
305 1901 606 1957 rettulisse.
655 1901 880 1971 PyrrUS,
910 1902 1146 1972 impetus
1175 1901 1259 1953 sui
1285 1910 1489 1960 terrore
1517 1901 1690 1954 soluto
1719 1918 1782 1952 ac

94 1991 136 2023 25
161 1971 272 2022 iam
292 1970 591 2040 Epiroticis
619 1973 785 2023 armis
812 1971 1218 2040 languentibUS,
1246 1970 1672 2023 beniuolentiam
1688 1988 1780 2040 po·

158 2040 274 2110 puli
299 2041 530 2094 Romani
555 2043 788 2094 mercari
801 2083 815 2109 ,
845 2042 974 2112 quia
997 2041 1255 2094 uirtutem
1283 2039 1568 2094 debilitare
1593 2040 1779 2110 nequi-

157 2119 330 2176 uerat,
362 2112 586 2181 cupiens
601 2152 615 2179 ,
653 2130 826 2182 paene
854 2119 1030 2164 totum
1055 2111 1331 2180 regiarum
1360 2129 1523 2180 opum
1549 2129 1778 2181 appara·

157 2188 272 2233 tum
300 2181 356 2233 in
390 2182 584 2235 urbem
611 2190 857 2234 nostram
883 2181 1256 2234 transtulerat.
1311 2189 1551 2233 ceterum
1578 2199 1700 2234 cum
1728 2189 1780 2232 et

157 2253 343 2321 magni
378 2248 542 2323 pretii
569 2259 622 2304 et
646 2253 789 2304 uarii
814 2252 1028 2322 generis
1067 2270 1099 2304 a
1123 2250 1318 2321 legatis
1357 2253 1471 2304 eius
1499 2258 1611 2304 tam
1636 2252 1779 2303 uiro-

94 2343 135 2376 30
158 2341 279 2375 rum
307 2341 470 2394 quam
496 2322 824 2376 feminarum
861 2331 992 2394 apta
1016 2323 1141 2375 usui
1167 2341 1396 2374 munera
1422 2322 1566 2374 circa
1591 2321 1781 2375 domos
1815 2345 1822 2351 “

42 2449 135 2483 par.
164 2444 230 2486 1⁵2.
269 2442 457 2488 Porcius
484 2442 592 2488 Cato
630 2443 886 2503 posterior,
925 2442 1045 2488 bello
1075 2441 1198 2488 ciuili
1235 2440 1377 2487 filium
1405 2455 1556 2487 secum
1594 2440 1779 2490 (lucens,

159 2513 395 2559 duodecim
425 2527 585 2559 seruos
611 2512 794 2564 hahuit,
834 2527 1024 2559 numero
1053 2512 1208 2574 plures
1237 2527 1368 2573 quam
1396 2511 1628 2573 superior,
1670 2518 1780 2556 tem-

157 2597 320 2643 porum
349 2583 542 2629 diuersis
565 2583 768 2630 moribus
796 2585 1049 2644 pauciores.
1104 2585 1171 2628 13.
1200 2583 1350 2644 Scipio
1371 2581 1647 2635 Aemilianus
1673 2587 1780 2641 post

159 2654 273 2699 duos
313 2654 581 2700 consulatus
618 2669 669 2701 ac
697 2654 885 2700 totidem
914 2655 1171 2716 triumphos
1200 2660 1374 2714 septem
1413 2652 1558 2698 seruis
1587 2664 1780 2711 sequen-

98 2732 139 2766 35
164 2724 286 2770 tibus
314 2724 463 2770 officio
492 2725 736 2786 legationis
764 2725 948 2771 functus
975 2732 1058 2771 est.
1100 2727 1167 2768 14.
1192 2724 1393 2785 Pyrrhus
1419 2721 1597 2768 uiribus
1623 2721 1778 2766 fractis

157 2809 258 2842 cum
286 2795 341 2856 ad
367 2799 478 2855 opes
506 2810 610 2841 suas
638 2796 947 2856 confugisset,
985 2795 1108 2841 misit
1133 2808 1216 2856 per
1241 2791 1417 2855 legatos
1447 2799 1534 2838 tam
1570 2792 1778 2836 uirorum

269 2920 295 2959 2
320 2930 419 2958 cum
443 2919 492 2958 b.-
526 2931 611 2958 con
631 2919 674 2962 B
740 2920 767 2958 4
797 2919 999 2972 spatium
1021 2910 1077 2958 B'
1146 2919 1171 2958 6
1201 2919 1240 2957 is
1262 2920 1416 2957 tamen
1439 2928 1541 2956 cum
1562 2913 1605 2956 B
1625 2916 1667 2954 in
1687 2927 1775 2956 νας.

0 2990 35 3091 ξ
156 2977 208 3015 12
231 2975 481 3028 praecipue
498 2975 639 3015 Periz.
700 2976 753 3014 21
776 2975 823 3014 in
845 2976 1091 3015 uniuersae
1115 2974 1161 3014 b:
1183 2973 1229 3013 in
1252 2985 1404 3014 uersu:
1427 2971 1492 3024 (in
1512 2970 1714 3022 uersis?)
1736 2970 1781 3010 B

0 3086 33 3120 ᾗ.

2 3122 54 3152 '2th
