1924 3152
582 146 701 193 CAP.
728 147 760 197 1,
787 145 885 192 Ext.
913 145 943 204 g
970 147 1114 192 7-9.
1152 144 1201 198 11,
1231 143 1260 202 g
1288 147 1326 190 1.
1356 149 1395 190 2.
1702 138 1805 192 175

167 273 376 324 magna
399 254 785 326 procuratione
811 252 1078 306 liberatus
1103 250 1334 306 modicis
1371 252 1528 322 regni
1553 252 1802 304 terminis

169 333 435 380 uteretur.
497 333 555 378 et
591 343 722 377 sane
748 323 889 376 nihil
926 331 1011 376 est
1045 331 1161 376 tam
1186 324 1531 393 praeclarum
1567 331 1663 376 aut
1688 330 1804 376 tam

169 397 554 467 magnificum,
605 396 751 467 quod
794 413 906 448 non
948 393 1328 447 moderatione
1374 393 1668 465 temperari
1714 394 1802 447 de-

172 467 396 521 sideret.

167 609 245 663 II.
275 613 402 671 QVI
418 612 524 661 EX
541 610 963 660 INIMICITIIS
985 610 1246 664 IVNCTI
1262 610 1458 660 SVNT
1472 610 1802 660 AMICITIA
1823 630 1844 664 5

596 682 747 733 AVT
781 681 1369 731 NECESSITVDINE.

277 779 435 846 Quae
481 780 740 849 quoniam
774 777 960 830 multis
1009 785 1063 830 et
1098 776 1259 829 claris
1310 778 1628 832 auctoribus
1664 777 1801 831 inlu-

168 858 346 903 strata
367 858 468 918 est,
497 849 971 919 transgrediamur
994 847 1064 899 ad
1084 849 1367 918 egregium
1388 849 1613 901 humani
1634 850 1803 902 animi

169 921 239 975 ab
278 920 402 975 odio
441 921 512 973 ad
538 923 774 990 gratiam
812 919 1087 972 deflexum
1099 959 1112 985 ,
1155 928 1209 972 et
1235 919 1458 992 quidem
1495 939 1620 973 eum
1655 920 1801 975 laeto

170 990 293 1045 stilo
320 1010 730 1064 persequamur.
783 1009 911 1043 nam
939 990 986 1043 si
1013 989 1295 1061 placidum
1320 1009 1471 1044 mare
1508 1010 1579 1044 ex
1605 1009 1800 1062 aspero
1825 1015 1866 1047 ιο

168 1063 487 1134 caelumque
515 1082 586 1115 ex
600 1060 791 1115 nubilo
822 1079 1076 1113 serenum
1102 1060 1265 1113 hilari
1292 1070 1518 1133 aspectu
1547 1064 1797 1127 sentitur,-

169 1135 217 1187 si
241 1132 446 1187 bellum
470 1152 606 1204 pace
631 1140 903 1185 mutatum
928 1131 1224 1202 plurimum
1250 1133 1443 1202 gaudii
1471 1133 1682 1202 adfert,
1723 1133 1801 1188 of-

167 1205 450 1257 fensarum
486 1203 650 1256 etiam
686 1202 957 1256 acerbitas
987 1202 1238 1273 deposita
1264 1204 1501 1256 candida
1535 1203 1802 1258 relatione

169 1275 499 1329 celebranda
526 1282 626 1327 est.

278 1348 326 1399 1.
373 1345 450 1398 M.
491 1345 759 1398 Aemilius
798 1345 877 1397 Le
918 1345 1068 1411 idus,
1104 1345 1191 1398 bis
1229 1345 1422 1398 consul
1459 1355 1513 1400 et
1548 1347 1802 1417 pontifex
1824 1369 1866 1403 15

165 1417 439 1470 maximus
478 1416 864 1488 splendorique
880 1365 1158 1469 lionorum
1184 1435 1286 1486 par
1320 1417 1470 1470 uitae
1505 1419 1800 1487 grauitate,

168 1487 410 1541 diutinas
433 1506 498 1541 ac
517 1488 865 1541 uehementes
889 1486 1210 1539 inimicitias
1237 1506 1361 1540 cum
1382 1487 1579 1540 Fuluio
1599 1488 1801 1543 Flacco

168 1559 413 1612 eiusdem
438 1558 817 1630 amplitudinis
845 1558 964 1610 uiro
988 1558 1177 1627 gessit.
1219 1577 1374 1629 quaS‚
1402 1567 1464 1612 ut
1492 1559 1653 1612 simul
1680 1579 1800 1612 cen-

168 1647 318 1682 sores
343 1630 644 1683 renuntiati
671 1637 822 1695 sunt,
851 1629 908 1680 in
934 1647 1126 1700 campo
1156 1629 1438 1700 deposuit,
1477 1630 1798 1691 existimans

166 1718 277 1752 non
313 1709 565 1771 oportere
609 1719 703 1754 eos
739 1700 974 1771 priuatis
1011 1700 1315 1753 inimicitiis
1355 1701 1652 1768 dissidere,
1706 1703 1800 1773 qui
1823 1725 1864 1757 20

166 1770 386 1842 publice
424 1790 635 1824 summa
667 1772 841 1824 iuncti
876 1779 1059 1823 essent
1093 1778 1388 1840 potestate.
1441 1772 1499 1824 id
1532 1772 1801 1837 iudicium

168 1843 338 1894 animi
381 1843 494 1895 eius
542 1850 596 1894 et
630 1860 891 1912 praesens
935 1849 1087 1893 aetas
1128 1841 1495 1911 conprobauit
1541 1850 1594 1894 et
1638 1843 1798 1896 nobis

167 1921 382 1966 ueteres
420 1912 701 1965 annalium
728 1912 1023 1982 scriptores
1061 1911 1402 1964 laudandum
1428 1913 1797 1981 tradiderunt,

165 1983 217 2035 2.
246 1984 410 2038 sicuti
427 1984 558 2036 Liui
578 2002 793 2055 quoque
816 1982 1139 2036 Salinatoris
1161 1982 1526 2035 finiendarum
1551 1983 1799 2037 simulta-

166 2054 307 2108 tium
343 2053 575 2107 inlustre
603 2054 894 2107 consilium
929 2054 1177 2123 ignotum
1203 2054 1518 2125 posteritati
1553 2074 1673 2108 esse
1705 2074 1798 2108 110-
1822 2076 1864 2110 25

164 2124 402 2179 luerunt.
430 2125 487 2179 Is
507 2145 744 2197 namque
766 2127 870 2179 etsi
880 2124 1116 2179 Neronis
1136 2125 1262 2178 odio
1282 2125 1480 2178 ardens
1494 2126 1551 2177 in
1571 2125 1799 2192 exilium

167 2261 338 2319 gratias
375 2273 512 2319 agere
537 2260 751 2306 Romanis
779 2260 955 2320 coepit,
997 2259 1120 2319 quod
1147 2273 1194 2304 se
1222 2260 1355 2305 nimis
1392 2274 1553 2320 magna
1579 2274 1795 2321 procura·
1818 2274 1912 2309 Par.

168 2330 294 2376 tione
320 2329 563 2376 liberatum
589 2330 780 2376 modicis
807 2330 937 2390 regni
967 2331 1172 2375 terminis
1202 2333 1479 2390 coegissent.

274 2403 316 2448 1.
356 2400 483 2455 QVI
512 2402 615 2446 EX
646 2400 1042 2446 INIMICITIIS
1076 2401 1321 2447 IVNCTI
1352 2401 1521 2447 SINT.
1574 2402 1628 2447 M.
1650 2403 1798 2448 Aemi-

167 2469 257 2514 lius
284 2469 355 2515 bis
377 2484 470 2516 005.
500 2478 546 2516 et
572 2487 617 2532 p.
634 2486 691 2516 m.
719 2472 1014 2517 uehementes
1042 2471 1299 2518 inimicitias
1328 2487 1430 2518 cum
1451 2472 1615 2518 Fuluio
1635 2473 1795 2519 Flacco
1819 2482 1861 2514 30

170 2539 372 2585 eiusdem
401 2541 574 2587 ordinis
602 2543 706 2588 uiro
728 2542 887 2601 gessit,
917 2557 1045 2603 quas,
1071 2549 1121 2588 ut
1142 2543 1276 2588 simul
1304 2556 1516 2588 censores
1543 2544 1798 2589 renunciati

171 2617 292 2661 sunt,
321 2610 376 2655 in*
396 2625 553 2672 campo
584 2612 813 2673 deposuit.
864 2617 905 2656 2.
934 2613 1090 2658 Liuius
1118 2612 1346 2659 Salinator
1369 2613 1562 2659 Neronis
1591 2613 1696 2658 odio
1726 2627 1796 2659 ar-

283 2735 305 2774 1
345 2734 552 2775 modicus
590 2728 646 2775 B'
725 2737 751 2776 5
781 2734 917 2776 SINT
947 2736 988 2775 P
1064 2737 1088 2776 9
1126 2739 1172 2775 et
1210 2736 1393 2787 quidem
1422 2738 1470 2778 b:
1511 2737 1723 2789 equidem
1753 2737 1796 2777 B

169 2792 221 2830 12
245 2791 315 2831 sic
336 2791 510 2832 bellum
527 2791 569 2831 B
591 2799 689 2832 ante
711 2806 907 2832 rasuram
970 2793 1021 2831 16
1044 2792 1427 2846 splendoremque
1450 2786 1501 2834 B'
1522 2790 1541 2847 Η
1561 2806 1645 2847 par
1665 2795 1795 2834 uitae

165 2846 211 2886 B
241 2859 355 2889 corr.
389 2861 447 2889 ex
474 2849 740 2901 paruitatae
812 2851 863 2889 19
895 2849 1153 2889 renuntiati
1181 2849 1251 2889 B:
1283 2851 1517 2892 enuntiati
1544 2850 1567 2891 b
1628 2852 1679 2890 21
1711 2863 1793 2903 pu-

166 2902 294 2943 blica
315 2904 339 2944 b
359 2899 379 2959 [Ι
398 2905 446 2944 id
466 2905 514 2944 b:
547 2905 605 2945 ad
625 2905 668 2945 B
729 2907 783 2946 22
807 2909 854 2947 et
874 2917 1028 2958 praes,
1052 2905 1101 2946 b:
1123 2909 1176 2946 ut
1195 2919 1264 2959 pr.
1287 2907 1330 2947 B
1392 2910 1446 2950 23
1468 2907 1608 2949 sicuti
1629 2907 1792 2948 Aldus:

167 2957 300 3000 Sexti
319 2960 362 3000 B
423 2963 477 3002 26
500 2962 703 3003 ardentis
726 2963 749 3002 b
1708 2976 1725 2993 ·
