1924 3152
770 0 779 8 ‘
846 0 859 10 >⁷
866 0 986 25 ewra-q-
996 0 1063 23 τιτι
1070 0 1119 18 ‘fxv

209 115 316 168 264
927 121 1025 166 Llss.
1066 120 1114 166 V.

209 228 368 280 rellas
409 246 503 297 per
537 227 748 295 legatos
789 226 1106 294 detulisset,
1152 246 1184 279 a
1218 228 1466 298 patribus
1494 231 1817 314 conscriptis

209 299 367 368 petiit
400 316 466 348 ne
503 296 636 367 quid
673 305 797 349 ante
844 297 911 349 de
951 316 1014 349 ea
1048 316 1107 350 re
1154 305 1456 352 statuerent
1496 318 1659 370 quam
1701 320 1820 372 ipse

207 367 568 420 Macedonum
593 366 692 418 filii
731 386 797 420 ue
825 368 907 419 sui
944 386 1164 420 causam
1199 368 1550 439 inspexisset.
1611 389 1821 424 summo

209 438 406 490 deinde
435 456 557 489 cum
583 456 708 508 amp
733 438 906 490 issimi
932 438 1139 492 ordinis
1179 446 1296 491 tum
1323 440 1485 493 etiam
1515 459 1704 494 eorum
1729 444 1822 512 qui

161 535 181 567 5
206 517 458 579 questum
478 516 742 561 uenerant
762 527 1031 561 consensu
1054 510 1363 578 cognitione
1380 518 1651 580 suscepta,
1675 513 1822 565 domi

204 578 448 632 consedit
493 578 746 649 solusque
788 579 1006 649 utrique
1048 580 1192 649 parti
1235 598 1332 650 per
1375 588 1552 634 totum
1593 581 1823 635 biduum

201 649 446 715 uacauit,
493 667 556 701 ac
598 651 758 702 tertio
805 649 1118 720 plenissime
1163 650 1250 702 die
1296 650 1821 724 diligentissimeque

203 719 406 788 auditis
431 719 662 773 testibus
685 720 762 772 ita
782 721 1183 791 pronuntiauit:
1217 726 1361 772 ‘cum
1383 720 1630 773 Silanum
1649 721 1819 775 filium

206 808 387 842 meum
414 790 672 860 pecunias
702 809 734 842 a
762 791 923 843 sociis
954 791 1229 860 accepisse
1250 792 1543 860 probatum
1569 791 1703 844 mihi
1731 793 1817 860 sit,

138 891 179 922 10
204 867 258 912 et
284 879 342 912 re
369 860 587 930 publica
615 879 737 912 eum
765 868 818 912 et
845 860 1003 914 domo
1031 879 1153 912 mea
1177 860 1463 929 indignum
1487 860 1670 915 iudico
1699 880 1819 933 pro-

201 931 460 1002 tinusque
497 949 524 983 e
563 939 857 1002 conspectu
897 949 1017 983 meo
1057 931 1209 984 abire
1244 931 1455 985 iubeo'.
1519 939 1632 984 tam
1669 932 1820 999 tristi

199 1001 373 1071 patris
413 1002 682 1055 sententia
718 1000 999 1072 perculsus
1028 1000 1247 1054 Silanus
1283 1000 1460 1054 lucem
1486 1001 1713 1055 ulterius
1741 1004 1818 1055 in-

201 1073 342 1124 tueri
376 1090 485 1124 non
531 1072 790 1124 sustinuit
838 1071 1241 1142 suspendioque
1278 1090 1335 1123 se
1372 1073 1624 1142 proxima
1659 1082 1819 1127 nocte

199 1143 552 1212 consumpsit.
614 1150 902 1213 peregerat
934 1144 1044 1193 iam
1072 1142 1388 1212 Torquatus
1419 1143 1594 1194 seueri
1621 1150 1673 1195 et
1697 1142 1819 1195 reli·

135 1241 176 1274 15
198 1211 340 1280 giosi
375 1212 571 1264 iudicis
608 1213 804 1282 partis,
865 1213 998 1264 satis
1035 1212 1244 1264 factum
1282 1221 1398 1265 erat
1435 1213 1514 1264 rei
1547 1212 1818 1284 publicae,

198 1282 439 1335 habebat
472 1282 732 1335 ultionem
760 1281 1110 1348 Macedonia,
1152 1283 1327 1351 potuit
1361 1290 1474 1334 tam
1508 1283 1820 1336 uerecundo

200 1351 276 1404 fili
303 1353 455 1405 obitu
482 1353 655 1422 patris
694 1353 900 1405 inflecti
935 1353 1109 1420 rigor:
1162 1359 1218 1403 at
1252 1351 1342 1404 ille
1367 1371 1542 1423 neque
1569 1354 1815 1424 exequiis

201 1422 563 1475 adulescentis
591 1423 842 1476 interfuit
870 1430 938 1488 et,
969 1440 1092 1473 cum
1118 1422 1355 1473 maxime
1381 1422 1546 1475 funus
1577 1424 1692 1475 eius
1723 1423 1818 1476 du-

201 1500 433 1558 ceretur,
463 1492 745 1545 consulere
775 1512 832 1545 se
858 1492 1170 1545 uolentibus
1198 1510 1401 1544 uacuas
1426 1511 1587 1545 aures
1609 1511 1817 1546 accom-

137 1595 180 1628 20
202 1562 464 1616 modauit.
528 1563 754 1616 uidebat
780 1564 923 1615 enim
951 1581 1009 1615 se
1034 1563 1090 1613 in
1118 1581 1180 1615 eo
1209 1562 1346 1615 atrio
1386 1563 1725 1631 consedisse,
1761 1564 1820 1614 in

199 1652 306 1704 quo
357 1633 634 1704 imperiosi
685 1633 831 1685 illius
871 1633 1137 1703 Torquati
1182 1632 1474 1685 seueritate
1525 1635 1822 1704 conspicua

197 1703 378 1772 imago
407 1705 587 1773 posita
609 1713 743 1770 erat,
771 1703 1306 1775 prudentissimoque
1325 1703 1443 1755 uiro
1466 1705 1819 1757 succurrebat
1890 1710 1897 1716 '

197 1773 411 1843 effigies
449 1775 716 1827 maiorum
753 1792 973 1826 suorum
1009 1792 1128 1825 cum
1163 1772 1334 1825 titulis
1371 1774 1484 1825 suis
1519 1773 1725 1828 idcirco
1762 1774 1820 1825 in

198 1844 378 1914 prima
411 1854 568 1914 parte
605 1845 825 1897 aedium
861 1845 993 1915 poni
1030 1843 1228 1910 solere,
1269 1851 1330 1895 ut
1366 1862 1554 1906 eorum
1587 1845 1817 1898 uirtutes

134 1946 176 1980 25
197 1915 406 1985 posteri
433 1935 541 1968 non
568 1915 742 1969 solum
766 1915 1010 1985 legerent
1037 1913 1135 1967 sed
1161 1914 1328 1966 etiam
1351 1914 1708 1967 imitarentur.

305 1985 355 2036 4.
398 1985 474 2037 M.
503 2004 631 2038 uero
662 1986 917 2052 ScaurUS,
946 1984 1130 2036 lumen
1157 2001 1219 2035 ac
1247 1983 1411 2036 decus
1439 1986 1666 2054 patriae,
1696 2003 1819 2038 cum

199 2055 346 2125 apud
396 2055 646 2108 Athesim
696 2055 897 2107 flumen
939 2057 1144 2125 impetu
1190 2053 1539 2106 Cimbrorum
1584 2056 1818 2108 Romani

201 2126 407 2195 equites
435 2125 578 2195 pulsi
606 2126 821 2193 deserto
845 2124 1040 2178 Catulo
1064 2123 1256 2177 urbem
1278 2122 1467 2192 pauidi
1487 2132 1815 2192 repeterent,

199 2196 658 2249 consternationis
690 2214 873 2247 eorum
901 2195 1157 2265 participi
1183 2191 1295 2244 filio
1325 2211 1421 2246 suo
1448 2193 1597 2246 misit
1623 2195 1713 2264 qui
1741 2194 1819 2246 di-

137 2299 180 2332 30
203 2273 376 2332 ceret,
415 2265 676 2319 libentius
717 2284 773 2318 se
799 2267 857 2316 in
884 2265 998 2317 acie
1037 2265 1151 2316 eius
1179 2262 1458 2315 interfecti
1484 2265 1702 2317 ossibus
1733 2283 1818 2317 oc·

85 2416 178 2452 Par.
204 2411 311 2443 num
338 2397 479 2443 filium
507 2412 636 2443 suum
666 2413 688 2443 a
715 2397 1032 2444 Macedonibus
1060 2402 1343 2450 accusatum,
1384 2410 1482 2441 cum
1515 2411 1539 2442 a
1566 2403 1726 2442 senatu
1753 2397 1821 2440 iu-

201 2468 414 2514 dicem'se
435 2470 671 2529 petissent,
694 2469 938 2514 damnauit.
978 2471 1017 2513 4.
1042 2467 1096 2512 Μ.
1121 2466 1332 2516 Scaurus,
1357 2480 1456 2513 cum
1479 2467 1598 2528 apud
1618 2466 1819 2512 Athesim

201 2538 368 2584 flumen
406 2541 577 2600 impetu
605 2539 888 2585 Cimbrorum
926 2539 1104 2599 equites
1131 2537 1320 2582 Romani
1356 2536 1477 2597 pulsi
1513 2537 1696 2583 deserto
1725 2551 1816 2582 cos.

200 2609 359 2655 Catulo
389 2609 622 2669 fugerent,
659 2611 781 2655 misit
817 2611 1027 2654 nuntium
1064 2606 1156 2652 filio
1186 2607 1319 2666 fugae
1356 2607 1556 2653 eiusdem
1591 2605 1817 2668 participi,

136 2695 178 2728 35
204 2678 419 2725 libentius
447 2695 495 2725 se
533 2683 578 2727 in
605 2683 699 2727 acie
737 2682 832 2726 eius
861 2679 1089 2725 interfecti
1117 2677 1300 2723 ossibus
1339 2675 1819 2729 occursurum-fuisse.

316 2805 341 2843 2
363 2802 480 2855 petit
502 2802 542 2841 B
603 2805 654 2844 16
677 2808 832 2844 tamen
852 2803 895 2844 B
914 2800 932 2857 [1
954 2800 1251 2850 uerecundi*0
1312 2802 1361 2841 17
1383 2797 1477 2840 filio
1499 2800 1553 2847 B,
1576 2799 1662 2840 filii
1682 2800 1706 2841 b
1764 2802 1819 2842 27

203 2860 491 2901 athenensim
512 2860 679 2899 flumen
700 2861 919 2913 impetum
941 2853 994 2899 B‘
1055 2859 1109 2899 28
1136 2872 1274 2903 cons.
1299 2859 1451 2900 catulo
1474 2858 1536 2898 Pb
1586 2859 1640 2899 30
1661 2870 1821 2898 occur·

202 2930 355 2958 surum
379 2916 399 2957 f
404 2916 524 2957 uisse
550 2917 591 2954 P
