1924 3152
247 10 254 17 ,
299 2 393 26 -2212
420 14 444 17 ff
478 0 853 29 „famanwussewn
872 0 990 26 ::‚‡†.-.,:-
1012 0 1127 28 522stsz
1147 0 1210 25 ’ὴν
1351 0 1395 5 ”*
1572 0 1590 13 ’ν
1609 0 1711 11 -“-’-’
1745 0 1752 6 ·
1809 0 1846 14 ”ῑ’

270 28 275 36 Δ
325 28 358 43 ,n-
428 30 430 33 ,
490 30 502 36 ,,
548 32 586 46 ,7,
656 28 679 34 ,Ι
827 30 894 42 «Δ,
952 32 957 47 b.
997 29 1077 34 .›-
1274 25 1306 43 j,
1384 34 1389 38 .
1490 28 1494 30 ’
1608 35 1610 38 v

601 100 1309 205 CAP.vl,32—5.Ext.1.'
1406 180 1409 181 γ
1643 137 1747 191 199

112 249 452 310 sternatione
479 263 535 309 et
552 253 713 324 graui
739 251 926 307 dolore
946 251 1189 323 corporis
1218 251 1395 305 eicere
1422 258 1616 305 coacta
1641 259 1744 319 est,

113 343 312 409 magno
332 325 555 398 quidem
579 343 703 377 cum
728 324 897 377 totius
924 331 1196 376 terrarum
1222 323 1371 376 orbis
1393 323 1744 391 detriment0‚

0 399 5 402 ’
72 428 88 434 ψ
110 416 271 451 culus
298 395 670 468 tranquillitas
697 402 781 448 tot
816 393 1062 447 ciuilium
1087 392 1361 448 bellorum
1393 392 1748 447 truculentis-

115 469 252 522 simo
276 467 463 523 furore
488 465 810 538 perturbata
833 484 943 519 non
970 473 1134 531 esset,
1163 464 1211 517 si
1232 464 1486 517 Caesaris
1515 472 1569 518 et
1587 464 1746 518 Pom-

112 540 204 612 pei
228 536 524 592 concordia
547 536 848 591 communis
877 536 1163 606 sanguinis
1202 535 1420 589 uinculo
1448 535 1746 590 constricta
1767 560 1790 594 5

111 610 424 662 mansisset.
540 651 543 653 .
1742 657 1746 661 .

119 725 123 728 .
218 679 271 734 5.
325 679 475 732 Tuos
521 695 738 750 quoque
783 677 1120 731 castissimos
1164 678 1317 747 ignes
1334 718 1348 745 ‚
1396 678 1620 745 Porcia,
1665 677 1744 730 M.

113 749 340 805 Catonis
367 749 510 817 filia,
548 757 748 802 cuncta
774 748 993 802 saecula
1019 748 1208 803 debita
1233 748 1597 802 admiratione
1622 766 1747 819 pro-

113 828 427 893 sequentur.
473 838 613 891 quae
638 839 764 873 cum
789 819 938 891 apud
957 818 1240 891 Philippos
1267 820 1475 872 uictum
1502 827 1555 872 et
1579 820 1743 872 inter-

112 900 356 964 emptum
380 891 565 944 uirum
591 899 748 944 tuum
771 891 1012 946 Brutum
1037 909 1351 961 cognosses,
1380 891 1509 961 quia
1534 889 1744 943 ferrum
1767 915 1808 947 ιο

112 982 224 1017 non
250 962 511 1029 dabatur,
548 962 803 1016 ardentes
841 980 934 1016 ore
961 961 1226 1015 carbones
1253 961 1474 1014 haurire
1507 980 1617 1015 non
1645 962 1744 1015 du-

108 1034 318 1100 bitasti,
346 1032 602 1087 muliebri
620 1033 820 1103 spiritu
838 1031 1058 1085 uirilem
1076 1033 1251 1103 patris
1274 1032 1485 1085 exitum
1508 1032 1742 1086 imitata.

111 1103 211 1158 sed
234 1103 420 1157 nescio
447 1123 519 1156 an
544 1104 647 1157 hoc
672 1104 896 1170 fortius,
938 1104 1085 1174 quod
1109 1103 1202 1157 ille
1232 1105 1463 1170 usitate,
1510 1111 1570 1157 tu
1596 1120 1742 1158 nouo

106 1193 309 1246 genere
334 1175 524 1228 mortis
553 1175 852 1245 absumpta
877 1193 953 1227 es,

216 1264 339 1313 Ext.
372 1261 418 1312 ]..
485 1258 627 1313 Sunt
663 1267 716 1311 et
750 1258 1048 1328 alienigeni
1083 1277 1291 1312 amores
1329 1259 1461 1312 iusti
1496 1259 1738 1313 obscuri·
1764 1282 1805 1315 15

107 1337 226 1384 tate
253 1330 599 1400 ignorantiae
625 1349 735 1383 non
763 1330 962 1396 obruti,
993 1349 1021 1382 e
1039 1330 1237 1401 quibus
1254 1349 1458 1412 paucos
1487 1330 1740 1400 attigisse

104 1401 243 1455 satis
264 1401 385 1454 erit.
424 1401 602 1472 gentis
627 1400 825 1454 Cariae
844 1401 1037 1471 regina
1057 1401 1357 1455 Artem1sia
1376 1402 1559 1454 uirum
1582 1419 1743 1454 suum

106 1471 417 1526 Mausolum
454 1471 570 1525 fato
618 1472 974 1543 absumptum
1016 1480 1353 1543 quantopere
1391 1471 1741 1525 desideraue-

106 1543 206 1611 rit,
242 1542 365 1597 leue
392 1550 476 1597 est
500 1550 627 1614 post
653 1543 1085 1614 conquisitorum
1121 1543 1297 1596 omnis
1324 1543 1543 1612 generis
1569 1542 1740 1596 hono-

106 1632 230 1666 rum
265 1614 715 1695 monumentique
749 1633 923 1685 usque
961 1614 1033 1667 ad
1069 1621 1281 1686 septem
1315 1613 1582 1667 miracula
1616 1632 1738 1685 pro·
1762 1639 1804 1670 20

106 1683 253 1737 uecti
271 1685 740 1754 magnificentlam
766 1687 1157 1754 argumentari.
1200 1685 1333 1756 quid
1358 1686 1504 1738 enim
1531 1693 1626 1738 aut
1645 1703 1738 1739 eos

107 1754 337 1824 colligas
365 1762 461 1808 aut
487 1753 554 1807 de
580 1754 674 1807 illo
709 1754 899 1809 inclito
927 1755 1135 1808 tumulo
1163 1754 1416 1827 loquare,
1457 1773 1581 1808 cum
1616 1757 1741 1826 ipsa

105 1823 347 1878 Mausoli
370 1825 561 1878 uiuum
587 1842 649 1877 ae
678 1825 893 1896 spirans
923 1824 1235 1896 sepulcrum
1254 1826 1374 1879 fieri
1401 1826 1741 1897 concupierit

107 1915 295 1949 eorum
338 1896 653 1950 testimonio
668 1936 682 1963 ,
735 1896 828 1967 qui
878 1894 1031 1949 illam
1082 1897 1310 1949 extincti
1354 1915 1483 1951 ossa
1526 1896 1739 1968 potioni

105 1985 334 2039 aspersa
356 1967 569 2022 bibisse
595 1965 858 2020 tradunt?
1759 1992 1802 2026 25

106 2121 228 2167 tum,
265 2128 398 2176 quem
434 2121 568 2161 utero
594 2122 867 2176 conceptum
895 2114 1111 2166 habebat,
1151 2117 1284 2162 eiecit
1311 2123 1447 2176 atque
1484 2115 1547 2161 ita
1582 2115 1731 2176 exspi-
1760 2135 1850 2170 Par.

107 2186 244 2232 rauit.
305 2189 346 2230 5.
383 2186 568 2237 Porcia,
610 2185 792 2232 Catonis
820 2185 935 2237 filia,
972 2187 1099 2232 Bruti
1125 2201 1264 2237 uxor,
1303 2201 1403 2233 cum
1432 2200 1536 2232 eum
1561 2187 1736 2233 uictum

105 2258 426 2318 cognouisset,
467 2258 573 2317 quia
601 2255 779 2303 ferrum
804 2271 897 2303 non
924 2257 1136 2310 dabatur,
1167 2257 1376 2304 ardentes
1404 2271 1484 2304 ore
1511 2256 1734 2304 carbones

105 2328 272 2374 hausit.

218 2400 256 2441 1.
295 2398 563 2448 Artemisia,
601 2397 754 2444 Cariae
791 2398 974 2459 regina,
1018 2401 1184 2445 amisso
1222 2400 1323 2445 uiro
1349 2397 1555 2445 Mausolo
1591 2400 1735 2445 moni·
1757 2421 1799 2454 30

108 2474 312 2513 mentum
349 2474 442 2513 tam
478 2469 656 2527 egregii
693 2468 801 2514 fecit
838 2471 1013 2529 operis,
1065 2477 1117 2515 ut
1152 2471 1272 2515 inter
1308 2477 1483 2531 septem
1511 2469 1735 2515 mirabilia.

111 2543 325 2598 ponatur.
390 2537 489 2599 ipsa
514 2550 627 2584 uero
655 2552 703 2584 se
732 2553 835 2585 cum
859 2538 1065 2586 Mausolo
1104 2540 1211 2586 uiua
1246 2554 1296 2587 ac
1323 2540 1506 2602 spirans
1535 2541 1734 2601 conponi

223 2676 245 2715 1
279 2674 420 2716 eiecit
451 2678 586 2728 atque
616 2674 683 2716 ita
713 2676 944 2730 expirauit
964 2677 1006 2717 P
1069 2680 1094 2718 7
1124 2678 1277 2731 portia
1305 2677 1348 2717 B
1418 2678 1470 2719 13
1498 2679 1549 2718 tu
1578 2691 1656 2719 om.
1678 2671 1736 2718 B'

109 2733 163 2772 14
191 2738 235 2772 ec
264 2733 316 2772 15
346 2731 618 2785 adsumptae
648 2735 756 2772 sunt
788 2735 836 2773 et
866 2733 1006 2774 alien.
1039 2733 1101 2781 B,
1144 2733 1375 2786 adsumpti
1402 2738 1511 2775 sunt
1541 2733 1679 2778 alien.
1711 2735 1735 2775 b

109 2789 163 2829 15
193 2788 361 2829 amoris
390 2789 458 2828 B:
500 2789 669 2829 amoris
702 2789 882 2831 cineres
911 2790 935 2830 b
955 2786 974 2843 Η
1000 2790 1114 2831 iusti
1134 2804 1212 2833 om.
1235 2790 1258 2830 b
1321 2793 1372 2832 17
1405 2792 1534 2832 ariae
1555 2785 1610 2832 B'
1681 2793 1733 2834 18

107 2844 404 2897 adsumptum
424 2838 481 2885 B'
521 2842 541 2900 11
581 2849 752 2898 quanto
774 2859 913 2900 opere
938 2847 981 2888 Γ
1002 2843 1022 2900 Η
1056 2846 1343 2888 desiderauit
1362 2848 1406 2888 B
1475 2850 1526 2890 19
1550 2848 1655 2890 leua
1677 2842 1736 2888 B'

106 2901 162 2940 22
183 2901 361 2953 inclyto
384 2902 407 2942 b
468 2904 523 2943 23
546 2901 841 2956 sepulchrum
861 2895 919 2943 B'
977 2905 1034 2944 24
1051 2904 1251 2956 ponione
1274 2916 1463 2958 asperse
1487 2901 1543 2946 B‘

221 2959 276 2999 28
299 2956 516 3000 ardentes
541 2972 618 3000 ore
638 2960 701 3000 sic
730 2959 773 2998 V
790 2972 904 3001 corr.
966 2962 1020 3002 32
1042 2961 1189 3014 ipsam
1220 2961 1262 3000 V
