1924 3152
155 127 260 180 254
865 133 961 177 LIB.
1003 133 1050 176 V.

155 239 300 290 neris
351 237 678 290 nobilissimi
728 237 1074 305 adulescens,
1133 239 1546 309 interpretatus,
1575 240 1770 295 urbem

155 316 394 360 nostram
419 309 620 360 uirtute
647 309 922 378 armisque
948 309 1239 379 praecipue
1263 308 1543 378 excellere,
1570 311 1768 365 milita—

153 379 305 431 ribus
342 377 649 446 insignibus
686 387 908 431 ornatus
935 397 1135 449 equum
1161 379 1502 448 conscendit,
1539 400 1663 434 eum
1701 401 1770 436 ue

157 449 508 500 uehementer
542 449 776 500 admotis
814 447 1118 503 calcaribus
1156 451 1508 520 praecipitem
1540 451 1598 503 in
1632 452 1652 503 i
1693 452 1770 504 ud

115 536 136 567 5
157 517 489 588 profundum
529 519 666 587 egit,
703 537 866 588 super
901 538 1060 590 quem
1094 521 1340 572 uniuersi
1374 521 1520 573 ciues
1548 521 1768 575 honoris

156 589 333 657 gratia
361 589 612 640 certatim
646 588 834 657 fruges
871 590 1197 657 iniecerunt,
1237 591 1596 661 continuoque
1622 600 1770 645 terra

156 658 448 727 pristinum
475 659 720 711 habitum
740 661 1102 730 recuperauit.
1143 679 1343 730 magna
1362 670 1551 730 postea
1574 662 1770 715 decora

155 729 214 779 in
248 727 366 780 foro
402 729 646 782 Romano
683 729 981 796 fulserunt,
1026 730 1235 782 nullum
1270 739 1456 783 tamen
1500 732 1769 803 hodieque

156 799 361 869 pietate
388 798 562 851 Curtii
589 818 719 868 erga
744 800 982 870 patriam
1008 799 1208 852 clarius
1237 800 1564 854 obuersatur
1589 821 1768 854 exem-

94 885 135 917 10
158 868 322 939 plum.
386 870 474 921 cui
512 869 882 940 principatum
924 870 1132 939 gloriae
1179 871 1448 923 obtinenti
1490 871 1770 924 consimile

156 939 366 991 factum
393 939 733 992 subnectam.

264 1010 315 1061 3.
356 1009 597 1062 Genucio
626 1010 760 1080 Cipo
796 1012 1038 1080 praetori
1072 1009 1334 1080 paludato
1370 1020 1586 1080 portam
1621 1030 1770 1081 egre—

161 1079 335 1131 dienti
362 1079 491 1133 noui
519 1090 682 1150 atque
708 1081 944 1133 inauditi
978 1081 1192 1150 generis
1219 1081 1533 1150 prodigium
1557 1081 1772 1135 incidit.

118 1193 121 1195 ,
157 1168 390 1219 namque
425 1150 481 1200 in
518 1151 697 1220 capite
744 1151 859 1202 eius
899 1152 1079 1205 subito
1115 1151 1288 1202 ueluti
1323 1169 1528 1204 cornua
1561 1171 1649 1205 ere
1692 1170 1771 1204 se-

96 1233 136 1267 15
159 1227 302 1285 runt,
329 1238 757 1290 responsumque
785 1228 868 1272 est
893 1240 1079 1290 regem
1106 1239 1227 1273 eum
1251 1221 1369 1274 fore
1385 1261 1398 1288 ,
1428 1222 1474 1273 si
1499 1222 1556 1274 in
1581 1171 1774 1276 urbem

157 1291 496 1343 reuertisset.
559 1291 700 1360 quod
736 1309 802 1342 ne
829 1291 1125 1357 accideret,
1168 1291 1539 1344 uoluntarium
1565 1311 1629 1344 ac
1652 1311 1781 1363 per--

158 1369 384 1431 petuum
428 1361 649 1413 sibimet
691 1361 893 1412 indixit
929 1361 1172 1413 exilium.
1236 1362 1457 1430 dignam
1490 1363 1770 1432 pietatem,

160 1437 324 1501 quae,
354 1430 500 1500 quod
525 1429 597 1481 ad
625 1429 858 1482 solidam
884 1431 1114 1500 gloriam
1140 1432 1360 1497 attinet,
1400 1440 1608 1502 septem
1633 1432 1771 1500 regi-

159 1501 264 1553 bus
303 1501 662 1570 praeferatur.
727 1502 878 1553 cuius
916 1501 1201 1554 testandae
1226 1503 1406 1570 gratia
1432 1503 1628 1572 capitis
1656 1502 1771 1554 effi-

96 1579 138 1617 20
161 1571 276 1639 gies
306 1589 466 1622 aerea
491 1578 707 1641 portae,
746 1590 854 1641 qua
880 1579 1216 1638 excesserat,
1254 1571 1465 1624 inclusa
1490 1580 1574 1624 est
1601 1571 1772 1624 dicta.-

160 1659 263 1710 que
280 1640 727 1692 Raudusculana:
753 1659 870 1693 nam
891 1641 1019 1695 olim
1041 1661 1168 1694 aera
1178 1642 1414 1694 raudera
1434 1642 1774 1695 dicebantur.

266 1711 317 1762 4.
358 1711 633 1763 Genucius
662 1710 839 1762 laudis
867 1713 1054 1778 huius,
1092 1731 1200 1782 qua
1225 1711 1335 1764 alia
1359 1713 1533 1764 maior
1559 1711 1774 1781 excogi-

160 1780 266 1832 tari
292 1781 390 1832 uix
414 1788 612 1850 potest,
643 1782 1045 1835 successionem
1072 1782 1301 1835 tradidit
1326 1781 1487 1835 Aelio
1514 1782 1770 1852 praetori.

95 1862 98 1864 ’
161 1852 249 1903 cui
274 1851 358 1903 ius
389 1850 592 1918 dicenti
618 1870 739 1903 cum
764 1853 822 1903 in
847 1853 1025 1923 capite
1062 1853 1214 1922 picus
1251 1853 1611 1919 consedisset,
1653 1870 1773 1904 aru-

96 1934 138 1966 25
163 1922 447 1991 spicesque
474 1921 856 1974 adfirmassent
890 1932 1210 1975 conseruato
1246 1942 1309 1975 eo
1337 1923 1458 1976 fore
1481 1923 1654 1992 ipsius
1684 1922 1774 1974 do-

160 1992 274 2043 mui
312 1992 488 2044 fatum
524 1990 931 2058 felicissimum,
977 1993 1056 2044 rei
1098 1992 1350 2062 publicae
1389 1992 1772 2058 miserrimum,

48 2118 139 2152 Par.
166 2117 210 2154 et
236 2124 508 2171 responsum
538 2117 660 2155 esset
696 2123 746 2155 ea
774 2124 821 2155 re
860 2109 986 2155 illum
1012 2116 1188 2155 tantum
1223 2110 1356 2155 modo
1392 2100 1596 2169 conpleri
1622 2122 1773 2169 posse,

165 2194 250 2239 qua
278 2195 322 2239 p.
347 2181 398 2226 R.
427 2180 670 2240 plurimum
697 2180 896 2230 ualeret,
934 2180 1116 2224 Curtius
1145 2180 1308 2225 nobilis
1346 2180 1523 2224 iuuenis
1550 2180 1774 2239 interpre-

164 2255 287 2295 tatus
314 2250 472 2296 urbem
499 2258 700 2296 nostram
727 2251 899 2295 uirtute
925 2257 970 2295 et
995 2251 1131 2307 armis
1159 2249 1402 2300 excellere,
1441 2258 1627 2310 tumque
1654 2263 1701 2294 se
1729 2250 1775 2293 in

281 2360 301 2397 1
325 2359 604 2400 nobilissimi
632 2372 732 2400 nos:
773 2359 1088 2399 nobilissimus
1110 2359 1152 2398 B
1231 2361 1256 2399 2
1277 2359 1500 2399 uirtutem«
1519 2357 1643 2411 (latet
1664 2361 1711 2398 et
1730 2361 1776 2397 ut

163 2412 351 2467 uidetur)
376 2415 416 2454 B
493 2418 521 2455 4
543 2416 787 2456 admo**tis
809 2414 851 2454 B
932 2416 983 2454 12
1006 2418 1183 2467 portum
1203 2415 1245 2454 B
1314 2416 1367 2454 14
1390 2417 1659 2467 erepserunt
1679 2414 1774 2455 cod.

162 2471 315 2511 Acreb.
339 2477 381 2511 et
401 2473 498 2511 alii:
521 2475 804 2513 emerserunt
824 2471 879 2519 B,
902 2473 982 2511 sed
1000 2473 1043 2511 in
1063 2484 1208 2513 rasam.
1224 2473 1251 2511 3
1294 2473 1346 2512 16
1369 2470 1618 2511 accederet
1636 2469 1678 2509 B
1719 2471 1776 2510 20

166 2540 333 2568 aereae
354 2527 396 2567 B
457 2530 509 2567 21
534 2527 875 2569 rauduscolana
896 2527 938 2567 B
959 2524 977 2580 Η
998 2540 1105 2567 nam
1127 2541 1203 2568 om.
1228 2527 1291 2576 B,
1313 2525 1636 2576 Rauduscula3
1667 2538 1775 2565 nam

163 2584 344 2624 malebat
372 2584 556 2636 Kempf;
588 2591 632 2624 at
659 2599 700 2627 u.
733 2585 856 2626 Paul.
887 2585 1010 2623 Diae.
1038 2598 1085 2636 p.
1110 2586 1195 2624 275
1223 2583 1369 2624 Muell.
1391 2579 1411 2637 Η
1432 2596 1511 2624 era
1531 2581 1574 2622 B
1594 2594 1708 2622 corr.
1731 2581 1776 2620 in

167 2652 222 2678 ea
241 2636 260 2691 ll
282 2639 575 2680 dicebaturB
617 2642 670 2680 22
694 2652 831 2692 quam
854 2639 1049 2680 aliorum
1071 2640 1331 2692 excogitari
1350 2640 1570 2692 impotest
1587 2637 1644 2684 B,
1668 2649 1775 2689 quae

160 2695 369 2746 punetdta
388 2703 508 2742 sunt;
546 2708 637 2747 qua
658 2698 805 2736 maior
826 2703 904 2738 etc.
928 2697 1042 2743 edd„
1079 2708 1169 2748 qua
1191 2695 1286 2735 alia
1307 2695 1452 2735 maior
1472 2707 1548 2734 em.
1577 2693 1776 2733 Vorstius

165 2751 219 2790 23
242 2749 382 2789 tradit
403 2751 444 2790 B
504 2753 559 2792 24
590 2753 665 2792 cui
692 2753 762 2792 ius
794 2752 836 2792 B
863 2755 907 2792 in
927 2766 1016 2794 ras.
1038 2749 1057 2806 11
1077 2752 1400 2804 **arispicesq.
1424 2748 1712 2790 adfirmasset
1731 2747 1775 2788 B

165 2807 220 2846 25
241 2804 356 2845 dom’
382 2806 508 2847 statii
527 2808 803 2852 felicissimi}
823 2809 936 2862 reip.
959 2808 1260 2848 miserrimum
1287 2809 1349 2848 sic
1370 2806 1412 2846 B
1432 2806 1476 2845 in
1495 2817 1583 2846 ras,
1605 2805 1687 2845 sed
1704 2805 1773 2845 lit-

164 2868 285 2902 terae
305 2862 467 2901 rimum
488 2877 514 2902 a
530 2877 601 2914 pr.
623 2878 674 2903 m.

280 2920 333 2959 27
355 2918 485 2958 illam
515 2920 556 2958 V
