1924 3152
669 155 789 202 cAP.
817 155 903 207 v11,
930 155 1028 201 Ext.
1056 154 1086 214 g
1113 157 1253 200 4—-8,
1670 149 1771 202 153

135 263 428 318 ‘uitulinae
465 263 787 316 carunculae
824 282 990 332 quam
1025 263 1344 334 imperatori
1378 264 1553 316 ueteri
1590 265 1768 316 mauis

135 335 434 390 -credere'‘?
474 335 520 387 si
554 335 727 387 uerba
759 352 1042 400 numeres,
1079 335 1324 387 breuiter
1350 343 1404 387 et
1439 335 1681 403 abscise‚
1722 335 1772 387 si

146 425 368 460 sensum
389 406 659 471 aestimeS,
688 406 907 476 copiose
927 413 980 457 et
998 405 1266 458 ualenter.
1303 405 1605 476 Hispanias
1625 407 1772 458 enim

140 478 401 548 dereptas
437 474 638 547 populo
675 476 922 529 Romano
965 484 1020 529 et
1056 476 1365 530 Galliarum
1410 494 1474 528 ac
1507 477 1771 547 Liguriae

145 549 292 601 uires
328 549 386 599 in
420 565 577 599 suam
613 547 863 599 redactas
897 555 1230 617 potestatem
1267 555 1320 599 et
1348 552 1499 600 'nouo
1536 549 1772 601 transitu
1794 569 1814 603 5

146 617 372 689 Alpium
407 618 540 687 iuga
564 617 846 688 patefacta
882 627 936 671 et
963 619 1407 688 Trasymennum
1442 619 1623 671 lacum
1651 619 1774 672 dira

142 691 384 742 >inustum
418 690 684 741 memoria
721 697 774 742 et
810 688 1055 756 Cannas,
1091 690 1333 742 Punicae
1368 690 1631 742 uictoriae
1666 690 1772 743 cla-

140 761 424 812 rissimum
450 769 883 823 monumentum,
914 767 968 813 et
989 761 1236 831 Capuam
1260 779 1574 832 possessam
1593 769 1647 814 et
1661 762 1773 814 Ita-

145 831 276 883 liam
302 830 600 883 laceratam
635 839 759 883 ante
785 831 956 901 pedes
982 829 1219 885 hominis
1246 832 1465 898 effudit,
1502 833 1774 903 uniusque

147 902 362 956 hostiae
388 902 617 955 iocineri
643 901 807 972 longo
845 903 1221 973 experimento
1250 910 1512 956 testatam
1538 903 1773 973 gloriam
1796 925 1838 957 10

149 991 306 1025 suam
332 974 589 1044 postponi
626 991 798 1043 aequo
836 973 1019 1028 animo
1057 992 1167 1026 non
1194 973 1338 1028 tulit.
1391 982 1446 1027 et
1473 993 1602 1027 sane
1629 974 1775 1046 quod

147 1045 219 1096 ad
246 1044 583 1114 exploranda
604 1043 804 1097 bellica
831 1044 1102 1097 sacrificia
1128 1045 1607 1116 aestimandosque
1634 1045 1774 1097 mili-

147 1115 279 1166 taris
319 1114 873 1181 ductusadtinebat,
927 1117 1103 1169 omnis
1141 1114 1354 1169 foculos
1367 1156 1380 1182 ,
1434 1117 1609 1169 omnis
1650 1135 1773 1169 aras

147 1185 446 1256 Bithyniae
471 1184 649 1237 Marte
675 1186 795 1256 ipso
831 1186 1015 1238 iudice
1041 1196 1230 1257 pectus
1258 1187 1591 1242 Hannibalis
1618 1206 1775 1258 prae-

144 1264 450 1326 grauasset.
1105 1261 1132 1321 {³
1171 1265 1389 1317 13³
1424 1278 1432 1318 ..³

257 1329 306 1380 7.
355 1327 549 1397 Capax
582 1327 838 1396 generosi
881 1328 1106 1398 spiritus
1143 1328 1283 1381 illud
1318 1347 1533 1400 quoque
1571 1330 1776 1382 dictum

147 1398 292 1467 regis
330 1397 539 1470 Cotyis,
613 1406 676 1451 ut
719 1399 863 1450 enim
909 1398 979 1452 ab
1015 1399 1450 1452 Atheniensibus
1493 1400 1776 1452 ciuitatem

149 1469 257 1522 sibi
284 1469 470 1521 datam
496 1470 789 1539 cognouits
810 1475 884 1522 ‘et
910 1475 1032 1539 ego'
1059 1470 1237 1541 inquit
1263 1469 1388 1522 eillis
1416 1490 1570 1524 meae
1595 1472 1774 1541 gentis

149 1541 234 1591 ius
262 1540 403 1592 dabo
421 1547 452 1591 ’.
505 1541 765 1611 aequauit
791 1540 1026 1592 Athenis
1054 1541 1373 1608 Thraciam,
1404 1561 1471 1594 ne
1497 1542 1775 1595 uicissitu-

120 1610 266 1661 -dini
302 1610 428 1663 talis
475 1611 730 1664 beneficii
773 1612 1038 1681 imparem
1080 1613 1375 1666 iudicando
1412 1613 1672 1665 humilius
1710 1613 1776 1665 de
1801 1633 1843 1665 20

151 1681 364 1748 origine
392 1700 491 1732 sua
518 1682 721 1734 sentire
747 1683 1175 1735 existimaretur.

259 1750 308 1802 8.
347 1751 620 1804 Nobiliter
655 1753 821 1804 etiam
857 1760 1088 1823 uterque
1116 1753 1447 1823 Spartanus,
1490 1762 1543 1806 et
1571 1755 1665 1822 qui
1699 1755 1778 1804 in-

150 1822 390 1892 crepitus
419 1839 451 1872 a
479 1823 740 1892 quodam,
770 1822 917 1892 quod
942 1824 999 1874 in
1027 1823 1201 1875 aciem
1228 1823 1454 1876 claudus
1484 1824 1777 1876 descende-

151 1900 250 1958 ret,
279 1910 523 1963 pugnare
545 1892 670 1959 sibi,
698 1911 809 1945 non
828 1894 1017 1962 fugere
1041 1895 1388 1964 propositum
1411 1912 1531 1946 esse
1552 1912 1777 1964 respon-

152 1963 251 2028 dit,
281 1971 335 2015 et
360 1963 455 2034 qui
481 1962 753 2015 referente
780 1963 1020 2031 quodam
1047 1966 1263 2034 sagittis
1284 1965 1579 2017 Persarum
1607 1964 1778 2018 solem
1801 1982 1844 2015 25

152 2033 435 2087 obscurari
472 2033 675 2100 solere,
728 2034 895 2087 ‘bene
932 2042 1155 2087 narras’
1200 2036 1404 2106 inquit3
1457 2036 1545 2087 ‘in
1580 2035 1779 2088 umbra

152 2105 296 2156 enim
330 2105 764 2175 proeliabimur.'
817 2106 1063 2159 eiusdem
1099 2107 1186 2158 uir
1219 2106 1372 2159 urbis
1413 2115 1575 2178 atque
1611 2106 1780 2158 animi

152 2176 359 2245 hospiti
406 2194 502 2228 suo
539 2177 752 2246 patriae
793 2195 978 2229 muros
1016 2176 1261 2231 excelsos
1306 2177 1557 2249 latosque
1603 2185 1779 2230 osten-

152 2246 306 2298 denti
333 2246 497 2298 dixit:
537 2247 607 2299 ‘si
632 2246 952 2318 mulieribus
978 2248 1114 2301 istos
1144 2250 1508 2319 conparastis,
1535 2256 1703 2314 recte7
1734 2248 1781 2299 si

151 2317 286 2369 uiris
296 2356 311 2383 ‚
340 2317 623 2388 turpiter'.

1799 1277 1840 1311 15

154 2463 465 2507 committendi
500 2463 666 2523 proelii
703 2471 846 2516 esset,
885 2472 1023 2524 atque
1060 2468 1098 2511 is
1126 2479 1217 2517 non
1254 2466 1371 2510 idem
1408 2465 1494 2511 sihi
1530 2464 1645 2509 extis
1671 2479 1780 2523 por·
1802 2479 1845 2511 30

156 2532 278 2577 tendi
303 2532 498 2583 diceret,
537 2531 628 2579 ‘ita
658 2535 737 2579 tu’
776 2536 926 2595 inquit
954 2536 1066 2581 ‘uili
1095 2535 1396 2581 carnunculae
1425 2549 1557 2594 quam
1584 2537 1780 2594 impera·
1801 2519 1895 2552 Par.

158 2603 245 2648 tori
271 2604 415 2649 mauis
443 2603 686 2649 credere?’

272 2742 293 2780 1
324 2740 554 2781 uitulinae
584 2743 687 2781 dett.
720 2747 762 2781 et
785 2741 896 2782 Cia:
928 2742 1015 2782 uili
1035 2742 1077 2781 B
1097 2744 1141 2782 in
1163 2744 1291 2782 litura
1311 2744 1471 2783 maiore
1494 2755 1552 2782 ex
1574 2742 1615 2782 P
1631 2737 1651 2796 Η
1682 2754 1781 2781 car-

157 2797 387 2838 nunculae
417 2798 459 2837 P
532 2799 560 2837 4
589 2797 796 2849 direptas
826 2798 868 2838 B
947 2799 973 2838 6
1002 2798 1381 2850 transhymenum
1409 2798 1475 2846 B,
1514 2800 1594 2839 sed
1621 2811 1675 2838 ns
1705 2811 1783 2838 ex-

155 2858 340 2905 punctae
420 2855 474 2894 17
512 2857 641 2906 cotys
671 2853 713 2893 B
748 2860 795 2894 ut
828 2855 1017 2902 uidetur,
1060 2855 1186 2907 cotyi
1214 2855 1238 2895 b
1319 2856 1372 2896 19
1409 2855 1638 2896 trachiam
1669 2847 1724 2893 B'
1758 2849 1780 2906 Η

158 2908 481 2951 uicissitudine
521 2910 577 2959 B,
629 2924 704 2951 em.
742 2911 887 2951 Per-iz.
966 2913 1022 2951 24
1062 2911 1154 2952 sibi
1191 2923 1284 2953 non
1325 2910 1367 2951 B
1407 2913 1452 2953 in
1492 2912 1641 2964 litqcra,
1692 2922 1786 2950 non

161 2964 252 3006 sibi
271 2968 326 3006 al.
1707 2960 1726 2975 ⁶
