1924 3152
238 124 342 176 242
786 111 790 115 ’
934 131 1052 187 grus.
1093 132 1139 176 V.

239 244 355 289 tum
380 237 586 288 nullam
609 237 826 288 Atticae
851 238 1108 306 regioniS‚
1137 256 1275 309 quae
1301 239 1516 293 ossibus
1543 240 1664 294 eius
1685 241 1846 295 inice-

238 315 416 373 retur‚
467 305 746 375 glebulam
782 308 1015 374 inuenit,
1067 309 1247 361 iussus
1284 318 1441 362 extra
1485 309 1619 363 fines
1654 311 1845 381 proici,

239 378 384 428 intra
411 387 544 447 quos
573 378 810 447 optimus
839 377 974 430 ciuis
1004 378 1236 431 uixerat.

348 446 496 512 Quid
523 447 680 499 abest
704 447 898 516 igitur,
937 448 1068 518 quin
1094 448 1314 518 publica
1343 449 1615 503 dementia
1642 451 1712 503 sit
1737 451 1847 504 exi·

199 533 220 564 5
243 516 517 568 stimanda
553 535 760 570 summo
797 537 1063 570 consensu
1098 520 1364 571 maximas
1411 520 1645 573 uirtutes
1693 523 1849 591 quasi

240 587 570 655 grauissima
597 587 791 640 delicta
855 589 1009 640 unire
1035 590 1401 659 beneficiaque
1426 590 1634 642 iniuriis
1661 587 1848 661 repen-

242 657 408 710 dere?
485 659 593 711 uod
630 676 753 710 cum
786 677 821 709 u
863 659 989 728 ique
1022 666 1137 710 tum
1172 660 1462 730 praecipue
1502 660 1732 713 Athenis
1770 662 1847 712 in-

242 728 475 781 tolerabi
499 747 527 780 e
552 728 729 780 uideri
756 728 945 795 debet,
983 730 1040 779 in
1076 748 1182 799 qua
1215 730 1351 782 urbe
1377 730 1641 782 aduersus
1667 731 1846 801 ingra-

241 806 327 851 tos
355 799 493 851 actio
521 799 816 850 constituta
842 806 945 865 est,
975 806 1027 850 et
1051 807 1197 851 recte
1213 839 1227 866 ,
1266 800 1393 870 quia
1429 798 1596 852 dandi
1631 808 1684 852 et
1709 801 1846 853 acci-

177 884 218 916 10
241 868 425 938 piendi
464 868 714 937 beneficii
759 869 1168 935 commercium,
1220 870 1336 921 sine
1381 888 1486 940 quo
1537 871 1635 922 uix
1678 876 1849 923 uitalis

237 940 354 991 uita
378 939 659 991 hominum
687 946 855 1004 esset,
908 938 1051 992 tollit
1084 939 1328 1011 quisquis
1365 941 1503 992 bene
1538 940 1730 994 merito
1757 958 1848 1010 pa-

238 1028 354 1061 rem
379 1009 583 1062 referre
620 1009 855 1078 gratiam
891 1009 1149 1079 neglegit.
1211 1018 1470 1081 quantam
1505 1028 1635 1080 ergo
1670 1029 1847 1081 repre-

238 1079 554 1132 hensionem
598 1087 876 1132 merentur
919 1081 1041 1151 qui,
1093 1099 1215 1132 cum
1250 1081 1579 1151 aequissima
1604 1082 1724 1133 iura
1751 1080 1848 1132 sed

236 1150 582 1219 iniquissima
631 1150 852 1218 ingenia
902 1151 1194 1217 haberent,
1247 1151 1489 1204 moribus
1537 1151 1648 1202 suis
1686 1169 1849 1221 quam

173 1234 215 1267 15
238 1219 453 1289 legibus
498 1220 579 1271 uti
629 1220 977 1273 maluerunt?
1049 1220 1197 1291 quod
1248 1222 1293 1272 si
1344 1239 1451 1290 qua
1499 1220 1848 1290 prouidentia

237 1290 464 1343 deorum
490 1290 636 1342 effici
662 1298 847 1360 posset
882 1298 942 1343 ut
969 1290 1410 1343 excellentissimi
1444 1291 1579 1357 11111,
1616 1309 1847 1360 (1110111111
1915 1303 1917 1306 ⁴

235 1359 395 1415 modo
433 1377 590 1411 casus
628 1359 840 1426 rettuli,
895 1360 1069 1428 legem
1106 1361 1443 1429 ingratorum
1468 1359 1740 1412 uindicem
1766 1379 1845 1412 re-

234 1432 469 1483 tinentes
497 1429 732 1499 patriam
759 1447 913 1481 suam
948 1430 1004 1480 in
1030 1430 1111 1481 ius
1140 1431 1209 1482 ad
1236 1430 1399 1482 aliam
1425 1430 1705 1482 ciuitatem
1767 1448 1845 1482 er-

234 1500 539 1566 traherent,
582 1506 756 1552 nonne
791 1500 1138 1568 ingeniosum
1175 1508 1228 1552 et
1262 1501 1541 1569 garrulum
1584 1518 1653 1570 po
1695 1518 1730 1551 11
1753 1518 1845 1552 11111

171 1584 214 1617 20
238 1578 448 1622 mutum
491 1577 652 1639 atque
697 1569 969 1638 elinguem
1016 1570 1119 1621 hac
1167 1568 1532 1639 postulatione
1580 1588 1639 1622 re
1683 1570 1845 1622 didis-

233 1641 393 1692 sent‘?
458 1639 775 1692 ‘Discordes
815 1639 923 1692 foci
962 1640 1042 1691 tui
1077 1641 1341 1710 pagisque
1369 1639 1596 1691 diuidua
1629 1640 1847 1709 tuguria

235 1710 502 1763 Graeciae
527 1710 676 1761 facta
697 1718 822 1762 sunt
844 1709 1109 1762 columen.
1148 1709 1291 1762 lucet
1310 1709 1602 1763 Marathon
1613 1709 1846 1761 Persicis

234 1781 500 1850 tropaeis:
550 1779 780 1832 Salamis
820 1789 872 1832 et
907 1780 1269 1832 Artemisium
1304 1780 1510 1832 Xerxis
1557 1778 1854 1848 naufragia,

231 1858 611 1902 numerantur:
662 1849 994 1919 praeualidis
1034 1850 1286 1902 manibus
1333 1849 1600 1902 exhausta
1635 1849 1846 1902 moenia

167 1934 209 1966 25
233 1920 634 1991 pulchrioribus
682 1920 938 1990 operibus
985 1928 1334 1988 consurgunt.
1435 1919 1626 1971 harum
1668 1937 1845 1971 rerum

234 1998 483 2042 auctores
509 1990 605 2042 ubi
631 1990 925 2043 uixerunt‘?
962 1990 1058 2042 ubi
1078 1991 1294 2042 iacent?
1332 1979 1626 2059 responde!
1654 2007 1846 2059 nempe

234 2059 449 2112 Thesea
482 2060 711 2130 paruulo
750 2061 824 2110 inx
844 2060 1066 2130 scopulo
1106 2059 1325 2129 sepeliri
1361 2067 1413 2111 et
1449 2058 1755 2112 Miltiadem
1792 2059 1848 2109 i'n

237 2147 454 2182 carcere
481 2129 617 2182 mori
654 2136 707 2181 et
733 2129 961 2181 Cimona
985 2137 1243 2198 paternas
1280 2128 1502 2180 induere
1537 2135 1755 2179 catenas
1794 2136 1846 2179 et

237 2198 637 2252 Themistoclea
669 2199 934 2251 uictorem
972 2198 1103 2250 uicti
1137 2197 1310 2251 hostis
1356 2215 1534 2267 genua
1578 2196 1845 2267 conplecti

173 2283 215 2316 30
241 2269 601 2340 Solonemque
636 2287 757 2321 cum
784 2268 1030 2326 Aristide
1067 2276 1119 2321 et
1154 2268 1427 2320 Phocione
1461 2274 1683 2338 penates
1720 2283 1843 2318 suos

236 2341 455 2409 ingrata
474 2340 665 2408 fugere
693 2339 937 2408 coegisti,
966 2357 1088 2390 cum
1113 2339 1332 2391 interim
1352 2337 1624 2390 cineribus
1644 2337 1844 2390 nostris

122 2479 213 2513 Par.
241 2458 294 2504 ab
321 2457 672 2503 Atheniensibus
700 2458 942 2518 impositus
972 2464 1066 2503 est:
1116 2463 1238 2502 certe
1266 2463 1372 2516 post
1399 2455 1570 2501 obitum
1600 2456 1750 2500 iussus
1778 2460 1845 2499 est

242 2535 366 2575 extra
392 2528 503 2574 fines
529 2529 689 2589 proici.

352 2639 377 2677 2
408 2637 625 2689 gebulam
654 2637 695 2677 B
765 2635 816 2676 10
844 2635 1004 2676 uitalis
1027 2637 1192 2676 addidit
1213 2635 1381 2687 Kempf
1439 2635 1488 2674 11
1520 2634 1644 2673 esset
1664 2632 1843 2683 scripsi:

239 2696 358 2734 *net
386 2693 440 2738 B,
476 2695 656 2733 extaret
677 2693 700 2733 b
726 2689 750 2746 Π
778 2693 927 2744 quisq.
950 2692 992 2731 B
1060 2693 1114 2732 20
1143 2694 1312 2731 metum
1332 2683 1386 2730 B'
1453 2691 1505 2730 21
1536 2688 1757 2740 pacisque
1787 2686 1841 2735 B,

239 2762 314 2790 em.
337 2750 512 2801 Lipsius
581 2751 634 2789 22
664 2748 877 2802 graecia*
900 2747 940 2787 B
1006 2749 1059 2789 23
1089 2743 1312 2800 tropaeis]
1336 2748 1399 2787 sie
1419 2746 1458 2788 h.
1482 2747 1506 2786 l.
1529 2743 1570 2783 B
1598 2740 1618 2797 [Ι
1646 2743 1844 2783 salamin

238 2804 338 2852 BC,
372 2804 602 2845 salamina
632 2807 688 2845 al.
756 2806 811 2845 24
842 2804 1066 2844 exhausta
1092 2803 1148 2850 B,
1182 2805 1334 2843 litteris
1362 2802 1421 2842 ha
1451 2801 1600 2841 deletis
1616 2799 1722 2850 fort.
1748 2801 1770 2838 1
1792 2812 1841 2838 m.

164 2884 167 2885 ν
239 2867 284 2901 ut
302 2863 383 2901 iam
404 2863 460 2901 sit
481 2866 640 2901 exusta
700 2862 753 2900 26
774 2861 976 2902 uixerint
992 2860 1034 2899 B
1093 2861 1146 2900 27
1168 2857 1446 2899 miliciadem
1463 2856 1504 2896 B
1562 2857 1617 2896 28
1642 2855 1843 2895 cimonas

238 2911 294 2957 B'
352 2918 406 2958 29
430 2916 647 2970 amplecti
667 2916 853 2968 Stanyer
