1924 3152
679 161 799 208 GAP.
825 161 856 213 Ι,
884 161 982 207 Ext.
1009 161 1046 220 §⁷
1067 165 1208 207 2-4,
1656 158 1765 212 ‘225
1797 184 1799 186 ·

121 277 243 323 tam
267 269 482 323 urbana
506 269 765 341 crapulae
793 271 1078 324 excusatio
1105 278 1328 341 tamque
1355 270 1594 343 simplex
1617 274 1762 326 ueri-

123 340 261 395 tatis
302 339 579 394 confessio
615 342 763 405 iram·
802 341 950 411 regis
988 342 1262 395 conuertit
1304 343 1363 394 in
1397 343 1588 396 risum.
1651 362 1762 416 qua

122 411 352 484 quidem
386 411 678 465 clementia
714 419 768 465 et
810 412 1185 477 moderatione
1229 412 1526 466 adsecutus
1575 423 1661 468 est
1697 424 1779 473 ut,

123 491 182 536 et
209 482 383 536 sobrii
419 482 528 535 sibi
557 483 850 535 Tarentini
876 484 1086 552 gratias
1115 492 1341 553 agerent
1369 493 1423 537 et
1449 485 1590 538 ebrii
1613 486 1758 540 bene

125 561 501 624 precarentur.
849 574 854 581 ’
1777 572 1801 604 5

233 623 325 676 Ab
362 623 556 676 eadem
593 623 887 677 altitudine
925 625 1286 679 humanitatis
1322 627 1520 697 legatis
1558 628 1758 682 Roma-

121 713 320 748 norum
347 694 419 747 ad
443 695 795 749 redimendos
819 697 1069 767 captiuos
1097 705 1280 750 castra
1306 717 1407 759 sua
1424 699 1737 770 petentibus
1746 741 1759 765 ,

122 784 231 838 quo
258 767 432 819 tutius
457 767 739 832 uenirent,
768 766 1052 839 Lyconem
1086 768 1370 822 Molosson
1405 770 1628 823 obuiam
1662 771 1760 822 mi-

122 837 221 890 sit:
251 855 468 959 quoque
487 837 812 891 honoratius
836 839 1237 910 exciperentur,
1264 841 1384 911 ipse
1410 859 1535 893 cum
1561 849 1760 895 ornatu

123 908 277 977 regio
316 927 378 960 sa
400 916 617 961 utatum
652 916 812 962 extra
847 919 1065 981 portam
1090 912 1355 978 occurrit,
1396 913 1757 966 secundarum
1780 928 1824 970 19

124 997 312 1032 rerum
337 987 611 1050 prouentu
635 999 743 1033 non
773 989 1084 1052 corruptus,
1112 989 1173 1034 ut
1200 982 1376 1035 officii
1402 984 1756 1055 prospectum

122 1051 181 1102 in
207 1049 276 1102 iis
306 1049 633 1122 deponeret,
673 1052 768 1122 qui
793 1060 914 1104 tum
940 1053 1181 1105 maxime
1209 1054 1376 1106 armis
1404 1073 1527 1106 cum
1554 1074 1617 1109 eo
1649 1055 1771 1108 dis-2

122 1119 399 1176 sidebant.

229 1191 283 1243 4.
324 1191 494 1244 Cuius
530 1201 650 1245 tam
682 1194 1077 1264 mitis'ingenii
1114 1196 1359 1249 debitum
1399 1197 1641 1249 fructum
1677 1198 1757 1250 ul-

121 1263 258 1316 timo
294 1262 401 1315 fati
441 1264 526 1315 sui
561 1271 809 1335 tempore
847 1268 1011 1336 cepit.
1093 1286 1222 1319 nam
1258 1286 1382 1318 cum
1409 1267 1544 1320 diris
1572 1269 1753 1340 auspi·
1779 1282 1823 1314 15

120 1334 224 1387 ciis
252 1334 594 1404 Argiuorum
619 1335 920 1389 inuasisset
955 1337 1175 1404 urbem,
1218 1339 1601 1410 abscisumque
1637 1341 1755 1392 eius

123 1412 290 1476 caput
315 1404 655 1476 AlcyoneuS,
685 1407 956 1477 Antigoni
982 1410 1129 1478 regis
1157 1408 1319 1476 filius,
1349 1409 1420 1462 ad
1448 1418 1666 1480 patrem
1686 1443 1759 1449 ——

124 1475 599 1548 propugnatorum
611 1476 771 1531 labor
784 1497 916 1532 sane
928 1486 1106 1531 taeter
1116 1479 1301 1533 fuerat
1319 1513 1389 1518 —-
1408 1479 1582 1534 laetus
1604 1480 1758 1535 uelut

121 1546 352 1618 aliquod
363 1546 745 1601 felicissimum
755 1551 1022 1604 uictoriae
1037 1568 1173 1622 opus
1201 1551 1498 1619 attulisset,
1527 1552 1757 1622 Antigo-

121 1637 226 1670 nus
260 1635 416 1670 corre
459 1626 514 1672 to
554 1619 779 1686 iuuene,
826 1622 972 1692 quod
1008 1623 1151 1674 tanti
1185 1623 1295 1674 uiri
1322 1623 1538 1676 subitae
1563 1625 1756 1676 ruinae
1780 1645 1821 1676 20

122 1688 391 1741 inmemor
461 1708 787 1743 umanorum
824 1710 1052 1744 casuum
1089 1693 1262 1746 effuso
1289 1694 1491 1762 gaudio
1527 1694 1754 1747 insulta-

123 1768 226 1826 ret,
253 1758 418 1813 humo
446 1768 615 1830 caput
641 1760 919 1814 sublatum
946 1781 1164 1829 causea,
1191 1782 1300 1834 qua
1319 1763 1564 1816 uelatum
1591 1773 1756 1835 caput

122 1907 342 1954 conuiuio
381 1923 406 1952 a
443 1907 701 1954 Tarentinis
739 1923 787 1954 se
822 1909 1097 1965 laceratum,
1135 1910 1382 1956 arcessitos
1418 1925 1576 1957 eorum
1614 1926 1753 1971 quos·
1778 1921 1870 1957 Par.

123 1979 249 2030 dam,
279 1980 356 2038 qui
383 1978 688 2026 interfuerant
713 1982 956 2031 conuiuio,
994 1995 1049 2025 an
1076 1982 1140 2026 ita
1167 1996 1215 2027 se
1242 1994 1315 2026 res
1341 1981 1530 2027 haberet
1556 1982 1753 2028 interro-

123 2051 267 2110 gauit.
323 2056 417 2094 tum
445 2064 498 2094 ex
523 2050 593 2095 his
620 2065 742 2096 unus
779 2052 895 2096 ‘nisi
913 2052 927 2073 ²
969 2052 1118 2112 inquit
1155 2050 1343 2097 ‘uinum
1381 2067 1465 2098 nos
1492 2053 1751 2102 defecisset,
1776 2064 1817 2095 -25

123 2122 212 2166 ista
239 2134 354 2180 quae
381 2120 464 2165 tibi
492 2121 634 2166 relata
663 2128 770 2167 sunt
797 2137 906 2182 prae
933 2123 997 2168 eis
1026 2136 1142 2183 quae
1169 2124 1222 2168 de
1252 2131 1295 2168 te
1321 2123 1521 2169 locuturi
1557 2139 1751 2174 eramus,

124 2191 257 2237 lusus
292 2191 535 2243 fuissent'‚
574 2199 620 2238 et
656 2195 719 2238 ita
755 2195 868 2239 iram
896 2195 1020 2254 regis
1057 2196 1290 2240 conuertit
1327 2196 1371 2240 in
1400 2195 1558 2241 risum.
1634 2196 1752 2241 Idem

125 2262 291 2322 legatis
320 2262 630 2309 Romanorum
669 2264 724 2309 ad
750 2264 1041 2311 redimendos
1069 2268 1275 2326 captiuos
1304 2273 1454 2312 castra
1482 2281 1562 2312 sua
1597 2274 1755 2327 peten-

127 2333 273 2386 tibus,
313 2348 404 2394 quo
434 2336 579 2380 tutius
606 2337 839 2387 uenirent,
876 2337 1103 2397 Lyconem
1130 2338 1377 2384 Molossum
1405 2338 1587 2384 obuiam
1613 2339 1752 2392 misit,

240 2471 269 2510 4
290 2467 489 2511 sobri—
515 2471 614 2512 ebri
635 2465 692 2512 B‘
751 2476 776 2514 9
799 2485 983 2527 quoque
1007 2476 1205 2528 Pighius:
1230 2476 1371 2528 quoB
1393 2489 1523 2516 erasa
1543 2478 1622 2516 litt.
1649 2473 1751 2528 (q.?)

39 2578 46 2590 ζ
123 2540 226 2579 sup.
247 2540 272 2567 o
302 2525 321 2580 ΙΙ
349 2527 622 2569 honoratius
653 2531 759 2573 dett.
790 2533 976 2585 aliquot:
1016 2534 1211 2573 ortatius
1241 2534 1303 2578 B,
1339 2533 1547 2573 ornatius
1578 2533 1601 2572 b
1631 2529 1650 2586 ΙΙ
1680 2545 1730 2572 or

127 2587 243 2624 natu
271 2584 400 2636 regio
432 2584 688 2625 salutatum
716 2588 951 2628 Foertselz:
992 2593 1158 2630 ornatu
1196 2592 1454 2641 equitatum
1483 2589 1548 2632 B,
1589 2591 1752 2629 ornato

50 2683 54 2686 ,
124 2641 341 2692 equitatu
361 2640 399 2688 b,
424 2641 481 2692 cf.
505 2642 547 2680 P
604 2644 654 2682 11
680 2643 793 2684 adeo
814 2657 907 2686 non
928 2645 951 2685 b
985 2642 1274 2700 [respectum
1285 2645 1570 2685 Kellerbauer
1631 2647 1682 2684 12
1704 2645 1753 2684 in

123 2696 466 2750 isdemponeret
482 2698 523 2737 B
543 2695 563 2751 Π
586 2712 688 2739 cum
709 2701 905 2742 maxime
927 2702 969 2741 B
1026 2704 1078 2742 14
1099 2704 1299 2742 fructum
1323 2704 1453 2742 dett.:
1475 2702 1687 2741 strictum
1711 2701 1752 2741 B

129 2754 182 2794 15
203 2753 294 2794 fati
315 2767 392 2797 om.
416 2755 459 2794 B
478 2751 497 2809 Η
519 2759 725 2808 tempore
747 2758 988 2811 recepitB,
1014 2774 1088 2802 em.
1102 2759 1289 2811 Stanyer
1350 2760 1401 2799 16
1425 2758 1750 2810 abscisumque

58 2834 67 2839 <
123 2809 183 2857 B,
214 2812 295 2851 sed
321 2813 403 2853 duo
431 2812 622 2865 syllabae
646 2815 822 2865 priores
845 2818 1007 2867 partim
1037 2819 1077 2855 in
1099 2829 1188 2857 ras.
1278 2815 1330 2854 18
1359 2819 1751 2868 propugnatorum

126 2865 259 2907 labor
279 2879 391 2908 sane
415 2871 566 2909 taeter
587 2870 743 2911 fuerat
765 2872 971 2913 Foerlsclz
993 2871 1089 2923 <sed
1107 2874 1173 2912 ille
1197 2871 1340 2922 erat):
1363 2876 1751 2925 propugnatorem

125 2922 347 2964 laborans
369 2924 570 2965 laeterat
599 2926 635 2966 Β
657 2927 675 2980 ΙΙ
698 2926 877 2980 aliquot
897 2923 954 2968 B'
1014 2931 1065 2967 21
1092 2940 1204 2968 casu
1226 2921 1280 2967 B'
1341 2930 1394 2968 22
1417 2941 1592 2982 gausea
1616 2928 1656 2967 B
1678 2954 1697 2970 .

239 2981 294 3022 23
315 2983 511 3022 arcessit
539 2983 579 3022 V

212 3062 319 3092 VAL.
345 3065 456 3092 MAx.
855 3092 863 3101 ,
1430 3055 1494 3104 13
