1924 3152
236 129 339 182 348
935 134 1035 179 LIB.
1073 134 1158 180 Vll.

237 259 307 293 an
334 259 455 293 cum
483 259 544 292 eo
573 238 864 308 confligere
892 238 1127 293 debeat'.
1203 241 1535 295 adclamauit
1557 243 1853 296 uniuersus

238 318 460 363 senatus
496 329 605 362 non
641 329 761 362 esse
799 310 1026 363 dubium
1061 311 1191 382 quin
1229 320 1523 382 oporteret.
1597 321 1715 366 tum
1755 313 1853 366 ille

239 380 522 434 ‘conflixit'
559 381 738 450 inquit
775 387 851 433 ‘et
878 391 1165 451 superatus
1194 390 1316 435 est'.
1390 384 1468 436 ita
1503 379 1736 436 liberum
1761 383 1852 436 his.

235 471 342 503 non
376 450 595 521 reliquit
629 451 685 503 id
719 452 927 504 factum
965 452 1253 520 damnare,
1290 453 1435 523 quod
1471 454 1578 524 ipsi
1613 454 1731 506 fieri
1758 453 1846 506 de·

194 542 214 574 ⁵
239 522 424 575 buisse
451 522 846 574 iudicauerant.

343 592 392 644 8.
432 592 570 644 Item
592 592 872 644 Hannibal
892 593 1125 644 Fabium
1146 593 1451 645 Maximum
1474 594 1739 646 inuictam
1764 613 1854 646 ar·

235 682 447 715 morum
475 681 695 715 suorum
719 663 831 714 uim
861 663 1233 716 saluberrimis
1256 665 1692 716 cunctationibus
1750 683 1845 733 ug·

237 752 337 785 nae
364 732 734 786 ludificantem
749 774 762 798 ,
799 743 858 784 ut
884 733 1067 803 aliqua
1101 734 1409 803 suspicione
1435 734 1691 786 trahendi
1712 684 1846 787 belli

237 812 609 874 respergeret,
639 805 807 856 totius
836 803 1030 856 Italiae
1058 823 1220 872 agros
1249 805 1393 857 ferro
1422 813 1478 857 at
1517 824 1584 856 ue
1610 805 1727 873 igni
1751 823 1850 857 ua·

170 894 211 925 ιο
235 874 432 927 stando
449 915 462 940 ,
499 875 659 926 unius
688 875 803 926 eius
830 874 1060 926 fundum
1092 875 1368 927 inmunem
1395 875 1463 928 ab
1528 893 1591 927 oc
1616 874 1853 927 iniuriae*

233 963 432 1014 genere
459 944 694 1015 reliquit.
747 945 1072 1015 profecisset
1098 945 1308 1016 aliquid
1334 948 1470 1003 tanti
1490 945 1741 999 beneficii
1766 945 1850 996 in-

235 1016 440 1068 sidiosa
467 1015 811 1068 adumbratio
840 1016 955 1068 eius
970 1056 983 1080 ,
1023 1015 1127 1067 nisi
1153 1016 1430 1069 Romanae
1457 1015 1581 1069 urbi
1610 1024 1663 1068 et
1686 1014 1846 1068 Fabii

232 1087 407 1157 pietas
436 1094 490 1138 et
515 1085 846 1138 Hannibalis
873 1086 1019 1138 uafri
1045 1106 1222 1140 mores
1250 1086 1484 1138 fuissent
1509 1085 1797 1138 notissimi.

341 1158 390 1209 9.
433 1156 759 1209 Tusculanis
788 1158 949 1212 etiam
981 1157 1231 1209 acumine
1260 1156 1473 1210 consilii
1499 1155 1843 1208 incolumitas

170 1245 211 1277 15
233 1236 394 1298 parta
420 1235 521 1280 est.
583 1245 706 1278 cum
734 1228 877 1279 enim
903 1227 1107 1279 crebris
1145 1226 1592 1280 rebellationibus
1618 1226 1847 1278 meruis-
1873 1252 1876 1253 ⁷

235 1306 440 1350 sent'ut
467 1317 655 1350 eorum
681 1298 872 1350 urbem
906 1297 1156 1350 funditus
1184 1298 1416 1350 Romani
1453 1306 1696 1349 euertere
1734 1296 1845 1347 uel-

232 1367 364 1434 lent,
391 1376 554 1438 atque
573 1367 644 1419 ad
664 1368 721 1419 id
742 1368 1122 1438 exequendum
1143 1368 1340 1420 Furius
1364 1367 1646 1432 Camillus,
1673 1366 1848 1417 maxi·

232 1457 352 1490 mus
392 1437 532 1504 dux,
577 1437 918 1490 ualidissimo
963 1439 1263 1490 instructus
1302 1437 1545 1490 exercitu
1579 1437 1847 1502 uenisset,

230 1509 473 1560 uniuersi
493 1509 542 1560 ei
563 1508 737 1576 togati
760 1508 980 1561 obuiam
999 1517 1383 1578 processerunt
1403 1515 1849 1576 commeatusque

166 1595 209 1626 ρο
232 1587 286 1631 et
330 1587 510 1630 cetera
553 1578 702 1648 pacis
747 1579 934 1630 munia
982 1578 1375 1647 benignissime
1423 1577 1847 1648 praestiterunt:

231 1658 499 1701 armatum
525 1649 690 1701 etiam
716 1649 916 1700 intrare
943 1650 1156 1702 moenia
1180 1650 1330 1719 passi
1360 1652 1519 1714 sunt,
1554 1666 1654 1699 nec
1687 1645 1845 1698 uultu

231 1738 330 1771 nec
350 1718 542 1772 habitu
564 1727 792 1772 mutato.
845 1738 952 1790 qua
974 1720 1282 1772 constantia
1302 1716 1713 1789 tranquillitatis
1734 1735 1843 1770 non

233 1788 407 1842 solum
434 1789 505 1841 ad
531 1790 808 1842 amicitiae
834 1797 1053 1842 nostrae
1078 1791 1180 1856 ius,
1210 1790 1304 1842 sed
1333 1791 1499 1842 etiam
1519 1788 1590 1840 ad
1611 1805 1847 1840 commu-

230 1861 450 1913 nionem
487 1860 727 1912 ciuitatis
764 1879 934 1930 usque
962 1868 1348 1930 penetrarunt,
1387 1860 1571 1928 sagaci
1596 1857 1850 1910 hercules-

167 2015 210 2048 25
234 2006 481 2067 confligere
521 2007 696 2052 debeat.
773 2013 818 2052 et
865 2007 1141 2052 adclamante
1178 2013 1336 2052 senatu
1381 2020 1473 2052 non
1520 2019 1621 2051 esse
1657 2003 1843 2050 dubium

113 2055 207 2090 p‘m
235 2077 342 2137 quin
372 2084 632 2136 oporteret,
663 2076 903 2122 ‘conflixit'
932 2079 1079 2136 inquit
1105 2075 1171 2121 ‘et
1198 2083 1439 2136 superatus
1466 2075 1572 2121 est'.
1646 2077 1685 2118 8.
1726 2074 1850 2118 Han-

231 2146 352 2192 nibal
381 2147 565 2192 Fabium
594 2147 830 2192 Maximum
860 2147 1226 2192 cunctationibus
1253 2159 1432 2206 pugnae
1453 2159 1501 2190 se
1522 2143 1842 2192 ludificantem,

231 2223 282 2262 ut
308 2217 459 2276 aliqua
486 2218 748 2276 suspicione
777 2217 981 2261 trahendi
1008 2216 1114 2261 belli
1143 2223 1336 2266 notaret,
1366 2217 1505 2260 totius
1524 2214 1676 2259 Italiae
1704 2227 1841 2273 agros

230 2287 500 2337 uastandos,
536 2288 671 2332 unius
698 2286 822 2332 Fabii
860 2287 1044 2331 fundum
1080 2288 1322 2331 immunem
1351 2286 1404 2331 ab
1430 2286 1519 2331 hoc
1543 2285 1734 2330 iniuriae
1762 2297 1840 2343 ge—

164 2367 206 2399 30
230 2371 336 2403 nere
387 2359 630 2418 praestitit.
703 2359 743 2402 9.
795 2357 904 2402 Cum
956 2357 1125 2403 crebris
1176 2357 1419 2402 Tusculani
1469 2353 1845 2401 rebellationibus

229 2430 502 2473 meruissent
530 2435 579 2473 ut
608 2428 810 2473 funditus
838 2434 1168 2477 euerterentur,
1198 2427 1343 2487 adque
1363 2427 1415 2472 ad
1434 2427 1479 2471 id
1505 2424 1841 2486 exsequendum

228 2499 393 2544 Furius
420 2498 632 2544 Camillus
659 2500 827 2544 missus
860 2505 994 2549 esset,
1014 2499 1227 2544 uniuersi
1251 2499 1393 2558 togati
1416 2497 1596 2542 obuiam
1617 2500 1845 2541 uenerunt

229 2576 603 2629 commeatusque
640 2576 685 2614 et
721 2577 868 2615 cetera
898 2571 1019 2629 pacis
1046 2571 1195 2614 munia
1231 2568 1578 2629 praestiterunt:
1619 2580 1706 2626 qua
1734 2577 1845 2610 con·

345 2708 365 2745 1
391 2707 611 2759 adfligere
634 2699 690 2746 B'
750 2709 776 2747 6
796 2706 922 2746 Idem
945 2706 983 2754 b,
1005 2706 1137 2746 Alter
1158 2707 1269 2745 item
1292 2706 1414 2746 codd.
1439 2704 1581 2756 Pighii
1644 2702 1670 2741 8
1692 2699 1841 2752 suspi-

228 2761 354 2802 tione
378 2762 418 2801 B
513 2764 564 2802 17
587 2762 799 2802 camillus
820 2763 862 2802 B
883 2766 924 2802 in
946 2776 1034 2804 ras.
1116 2763 1167 2802 18
1188 2760 1491 2802 uallidissimo
1512 2758 1554 2799 B
1619 2759 1674 2797 24
1694 2768 1839 2796 *uus-

229 2830 315 2870 que
336 2817 379 2857 B
399 2815 418 2871 Η
440 2819 618 2858 ercules
640 2819 695 2867 B,
718 2819 908 2859 hercule
929 2818 953 2857 b

342 2876 396 2914 25
420 2879 466 2914 et
487 2874 780 2914 adclamante
803 2888 905 2916 nos:
930 2874 1092 2914 eadem
1116 2874 1347 2914 clamante
1364 2872 1415 2917 V,
1439 2872 1503 2911 ibi
1526 2872 1681 2910 autem
1703 2869 1840 2909 clam.

227 2929 326 2970 Mai
382 2932 436 2971 29
458 2945 513 2970 an
535 2930 763 2970 uastando
784 2929 805 2971 ,2
865 2932 917 2970 31
941 2930 1088 2982 adque
1111 2930 1229 2970 Mai:
1259 2929 1394 2991 idque
1425 2928 1464 2967 V
