1924 3152
123 90 151 102 ’.ιι

544 119 663 167 GAP.
692 119 778 172 vn,
806 119 835 178 g
865 121 1003 164 1—3.
1031 118 1127 164 Exi.
1157 118 1185 178 g
1215 121 1253 165 1.
1608 80 1712 165 ’261

82 237 172 291 tus
201 247 234 282 a
260 228 584 295 triumuiriS,
613 246 737 280 cum
764 226 922 280 domo
950 226 1163 297 postico
1191 224 1334 278 clam
1359 233 1505 278 esset
1531 243 1711 294 egres·

22 366 24 369 y
83 319 178 354 sus
214 301 432 370 iamque
465 299 632 368 fugae
667 298 986 369 expeditum
1021 297 1240 350 initium
1272 297 1528 364 haberet7'
1565 303 1712 367 post-

83 390 252 442 quam
289 370 461 423 filium
500 370 652 422 intus
699 368 964 421 trucidari
1004 366 1144 421 falso
1191 368 1429 420 clamore
1473 367 1713 420 uiciniae

83 442 324 512 accepit,
363 442 413 493 ei
440 459 497 492 se
525 440 674 506 neci,
712 458 879 509 quam
906 447 1185 505 euaserat,
1226 438 1426 492 obtulit
1462 437 1712 492 occiden-

83 512 325 583 dumque
351 509 617 563 militibus
645 509 905 576 tradidit,
945 508 1117 580 pluris
1154 510 1411 561 nimirum
1436 508 1574 562 illud
1601 528 1712 563 mo·
1735 531 1757 565 5

85 591 361 648 mentum,
414 600 521 662 quo
572 580 654 632 illi
697 588 916 651 praeter
961 599 1115 650 spem
1155 579 1484 633 incolumem
1524 579 1712 633 uidere

83 651 266 706 filium
308 659 640 721 contigerat,
693 670 857 723 quam
911 650 1145 704 salutem
1195 670 1351 702 suam
1395 651 1712 704 aestimanS.

82 724 313 776 miseros
353 722 719 775 adulescentis
769 723 978 789 oculos,
1034 721 1231 793 quibus
1277 722 1714 775 amantissimum

86 795 173 846 sui
207 802 422 864 patrem
455 793 628 864 ipsius
665 811 833 864 opera
868 793 947 845 sic
993 793 1339 863 expirantem
1382 793 1586 845 intueri
1622 811 1711 845 ne-

81 883 236 918 cesse
263 864 392 917 fuit!
1735 886 1777 918 ιο

194 939 314 988 Εεετ.
348 935 394 987 1.
435 932 691 987 Ceterum
726 942 785 986 ut
821 933 893 986 ad
926 934 1248 987 iucundiora
1275 934 1499 1003 cognitu
1526 933 1711 986 uenia-

86 1024 226 1072 muS‚
255 1003 468 1058 Seleuci
493 1006 639 1074 regis
668 1004 812 1056 filius
841 1004 1173 1072 Antiochus,
1202 1023 1473 1058 nouercae
1503 1004 1710 1059 Strato-

84 1076 232 1129 nices
260 1075 472 1129 infinito
500 1093 684 1127 amore
711 1084 1012 1145 correthS‚
1041 1094 1248 1128 memor
1274 1094 1436 1147 quam
1460 1075 1710 1147 inprobis

83 1146 301 1199 facibus
329 1145 562 1212 arderet,
590 1146 821 1217 impium
847 1146 1082 1216 pectoris
1114 1146 1310 1199 uulnus
1340 1147 1433 1217 pia
1454 1146 1710 1199 dissimu-

83 1216 287 1269 latione
331 1217 677 1286 contegebat.
741 1218 928 1287 itaque
982 1217 1192 1269 diuersi
1237 1216 1487 1271 adfectus
1531 1216 1710 1270 isdem
1733 1237 1776 1271 15

84 1286 388 1340 uisceribus
430 1306 493 1340 ac
531 1286 784 1340 medullis
830 1287 1053 1354 inclusi,
1097 1306 1309 1340 summa
1342 1287 1616 1358 cupiditas
1657 1296 1712 1340 et

82 1358 325 1410 maxima
350 1357 706 1425 uerecundia,
749 1357 821 1410 ad
855 1357 1107 1411 ultimam
1142 1360 1327 1411 tabem
1363 1377 1563 1429 corpus
1594 1359 1710 1410 eius

83 1428 431 1498 redegerunt.
469 1428 688 1489 iacebat
707 1429 825 1499 ipse
845 1430 902 1481 in
924 1428 1122 1482 lectulo
1145 1428 1472 1482 moribundo
1496 1428 1708 1495 similis,

19 1510 25 1517 ·
83 1497 526 1552 lamentabantur
559 1500 886 1567 necessarii7
924 1508 1082 1570 pater
1118 1519 1367 1553 maerore
1403 1507 1708 1570 prostratus

84 1569 153 1622 de
179 1570 335 1622 obitu
361 1569 509 1622 unici
534 1569 632 1621 filii
659 1570 833 1640 deque
869 1589 969 1622 sua
1005 1571 1314 1623 miserrima
1350 1571 1588 1624 orbitate
1625 1589 1710 1623 co·
1734 1593 1776 1625 20

84 1639 328 1708 gitabat,
378 1640 544 1692 totius
584 1640 775 1692 domus
811 1640 1060 1693 funebris
1100 1641 1276 1710 magis
1355 1660 1481 1693 uam
1525 1642 1707 1710 regius

83 1717 206 1762 erat
230 1708 434 1762 uultus.
498 1709 592 1762 sed
630 1710 772 1762 hanc
806 1711 1067 1764 tristitiae
1094 1712 1297 1764 nubem
1373 1711 1573 1782 eptinis
1601 1729 1711 1763 ma—

84 1779 370 1833 thematici
394 1779 507 1846 uel,
545 1789 606 1833 ut
633 1781 856 1851 quidam
882 1781 1131 1848 tradunt,
1160 1781 1485 1834 Erasistrati
1511 1781 1712 1833 medici

83 1850 432 1921 prouidentia
458 1850 735 1903 discussit.
783 1852 941 1903 iuxta
968 1853 1110 1903 enim
1131 1853 1465 1905 Antiochum
1491 1851 1708 1917 sedenS,

84 1927 147 1973 ut
171 1939 293 1973 eum
318 1920 544 1973 introitu
566 1920 903 1975 Stratonices
930 1922 1128 1975 rubore
1155 1922 1414 1993 perfundi
1436 1930 1488 1975 et
1511 1922 1710 1993 spiritu
1732 1944 1775 1978 25

85 2069 338 2113 triumuiris
363 2069 667 2129 proscriptus,
696 2069 831 2129 fugae
859 2070 1116 2129 expeditum
1145 2070 1325 2115 initium
1353 2069 1548 2121 habens,
1577 2077 1706 2131 post,-
1732 2081 1827 2116 Par.

85 2152 220 2198 quam
248 2137 389 2184 filium
416 2140 538 2185 intus
558 2140 771 2187 trucidari
800 2140 915 2186 salso
943 2140 1139 2186 clamore
1167 2142 1359 2187 uiciniae
1388 2141 1580 2202 accepit,
1610 2143 1708 2187 neci

83 2222 150 2260 se,
179 2223 313 2269 quam
341 2217 566 2262 euaserat,
596 2212 779 2272 optulit.
1335 2257 1342 2269 <

192 2281 231 2323 1.
285 2279 464 2326 Seleuci
513 2283 634 2341 regis
685 2281 806 2328 filius
835 2282 1111 2333 Antiochus,
1158 2295 1386 2328 nouercae
1429 2282 1709 2328 Stratonices

82 2361 239 2394 amore
266 2357 531 2410 correptus,
560 2351 733 2398 iacebat
759 2353 805 2396 in
824 2352 942 2398 lecto
970 2352 1183 2399 morienti
1212 2352 1389 2398 similis.
1427 2353 1571 2412 igitur
1595 2353 1709 2413 Lep·
1732 2360 1776 2393 30

86 2418 204 2463 tInes
241 2420 586 2467 mathematicus
623 2422 833 2468 adsidens
862 2437 1000 2482 aegro
1029 2437 1131 2469 cum
1159 2423 1245 2468 sibi
1272 2429 1478 2468 notasset
1515 2423 1711 2469 introitu

82 2486 368 2535 Stratonices
409 2491 616 2536 iuuenem
645 2492 811 2538 rubore
838 2492 1032 2544 offundi,
1072 2507 1123 2539 ea
1149 2493 1417 2552 egrediente
1444 2493 1708 2553 pallescere,

199 2641 225 2680 3
247 2639 399 2680 falsus
422 2634 479 2681 B'
499 2647 545 2682 ut
565 2643 734 2682 uidetur
778 2644 803 2683 5
825 2642 983 2695 plures
1004 2643 1241 2683 minimum
1262 2636 1317 2682 B'
1359 2643 1384 2683 8
1406 2643 1632 2684 miserans
1652 2636 1707 2683 B'

87 2696 140 2737 15
162 2696 434 2750 *ntegebat
455 2697 512 2748 B,
538 2701 720 2752 conteg.
744 2699 786 2738 B
807 2712 885 2751 my.
948 2701 1001 2739 22
1025 2699 1315 2740 matematici
1337 2699 1377 2739 B
1438 2701 1492 2741 25
1514 2700 1709 2741 introitu

87 2752 148 2793 P:
171 2754 389 2795 introitu*
410 2754 468 2807 B,
494 2754 551 2794 ad
573 2755 811 2795 introitum
834 2757 937 2796 dett.
961 2761 1003 2796 et
1024 2757 1120 2796 edd.
1151 2753 1171 2809 1}
1199 2756 1363 2796 robore
1395 2749 1452 2796 B'
1481 2753 1502 2810 [l
1531 2756 1710 2797 offundi

86 2808 128 2848 P
147 2809 262 2851 haud
279 2812 367 2852 scio
389 2825 444 2850 an
463 2818 594 2859 recte,
617 2812 675 2863 cf.
708 2812 807 2852 Tac.
833 2813 947 2852 Αηη.
972 2814 1037 2859 11,
1065 2814 1121 2852 31
1150 2825 1320 2865 pauore
1345 2811 1535 2865 offusus,
1570 2813 1706 2856 Amm.

86 2863 229 2909 Marc.
253 2869 322 2914 21,
347 2870 418 2913 13,
443 2871 468 2907 7
488 2880 697 2909 maerore
720 2867 894 2909 offusus
915 2865 935 2922 [1
955 2869 1168 2921 spiritum
1189 2868 1212 2909 b

199 2923 253 2963 26
275 2922 530 2976 inpeditum
558 2924 604 2964 V
656 2926 709 2965 29
733 2931 774 2965 et
794 2927 847 2966 32
871 2925 1164 2967 strationices
1194 2926 1238 2966 V
