1878 3132
206 149 275 201 90
916 151 1014 196 ΜΒ.
1055 149 1120 196 11.'

206 260 483 330 conpressi
519 258 745 324 milites,
793 264 846 310 et
882 257 1201 327 corporibus
1241 257 1487 328 fatigatis
1533 266 1587 313 et
1621 258 1817 312 animis

207 329 582 399 desperatione
607 328 754 380 uitae
788 326 1091 398 inplicatis,
1128 327 1233 381 loci
1259 337 1442 381 tamen
1476 328 1819 400 iniquitatem

203 398 710 469 multitudinemque
745 398 983 451 hostium
1019 406 1361 468 superarunt.
1418 398 1687 452 humanae
1720 399 1817 468 igi-

205 478 293 523 tur
325 467 697 522 inbecillitatis
735 468 1176 521 efficacissimum
1203 469 1584 522 duramentum
1620 477 1704 524 est
1729 489 1818 522 ne-

160 556 181 589 5
203 539 451 596 cessitaS.

313 635 395 683 11.
445 635 513 683 In
550 630 742 683 eadem
768 632 1062 701 Zprouincia
1085 632 1166 696 Q.
1192 629 1399 684 Fabius
1426 630 1704 683 Maximus
1740 636 1818 682 te-

202 701 517 754 rocissimae
564 701 740 770 gentis
791 702 1002 754 animos
1054 700 1387 754 contundere
1432 707 1486 752 et
1530 699 1818 755 debilitare

204 773 428 842 cupiens
455 772 958 823 mansuetissimum
991 771 1273 840 ingenium
1308 789 1467 823 suum
1501 770 1573 823 ad
1606 778 1819 841 tempus

204 843 453 913 deposita
502 841 790 894 clementia
840 841 1111 894 seueriore
1154 841 1235 893 uti
1285 841 1580 893 seueritate
1625 841 1821 909 coegit.

139 931 180 963 10
204 914 443 965 omnium
478 913 649 978 enim,
688 913 781 983 qui
809 931 878 964 ex
911 910 1201 981 praesidiis
1228 911 1599 964 Romanorum
1625 910 1696 963 ad
1729 910 1821 963 ho-

203 991 314 1036 stes
334 983 747 1051 transfugerant
774 982 1027 1053 captique
1054 990 1226 1049 erant,
1252 999 1447 1034 manus
1475 981 1733 1048 abscidit,
1760 989 1822 1034 ut

202 1062 398 1106 trunca
432 1071 562 1123 prae
591 1071 648 1104 se
682 1051 907 1106 brachia
983 1060 1220 1105 estantes
1257 1059 1462 1104 metum
1496 1052 1819 1105 defectionis

201 1122 425 1194 reliquis
463 1123 748 1175 inicerent.
823 1123 951 1176 rebe
975 1121 1054 1174 les
1099 1124 1283 1193 itaque
1321 1140 1515 1174 manus
1564 1140 1596 1174 a
1633 1139 1820 1191 corpo-

200 1194 353 1246 ribus
399 1193 510 1245 suis
558 1193 855 1246 distractae
900 1193 1063 1263 inque
1109 1199 1392 1245 cruentato
1438 1190 1550 1244 solo
1596 1210 1821 1263 sparsae

138 1281 180 1314 15
203 1264 397 1317 ceteris
423 1282 491 1316 ne
518 1263 663 1316 idem
691 1264 1023 1316 committere
1061 1263 1325 1315 auderent
1353 1262 1676 1315 documento
1703 1262 1819 1314 fue-

200 1341 343 1386 runt.

205 1490 208 1493 ⁴
312 1424 393 1476 12.
434 1423 586 1476 Nihil
611 1424 795 1476 mitius
824 1425 1103 1494 superiore
1131 1423 1414 1476 Africano.
1464 1424 1512 1476 is
1540 1430 1723 1475 tamen
1749 1422 1821 1475 ad

200 1493 526 1546 firmandam
564 1493 911 1563 disciplinam
936 1492 1229 1548 militarem
1263 1493 1471 1564 aliquid
1497 1493 1568 1547 ab
1603 1492 1816 1545 alienis-

203 1565 341 1617 sima
381 1563 485 1616 sibi
521 1563 842 1616 crudelitate
877 1563 1258 1616 amaritudinis
1302 1562 1662 1616 mutuandum
1708 1563 1820 1615 exi-

138 1656 179 1689 20
203 1634 461 1687 stimauit.
514 1634 559 1685 si
586 1634 809 1703 quidem
837 1633 1053 1686 deuicta
1072 1633 1434 1703 Karthagine,
1463 1651 1588 1686 cum
1614 1651 1819 1699 omnes,

201 1707 294 1775 qui
321 1723 391 1756 ex
416 1705 618 1756 nostris
657 1703 990 1757 exercitibus
1019 1704 1090 1756 ad
1115 1705 1327 1757 Poenos
1364 1703 1722 1769 transierant,
1762 1703 1822 1754 in

201 1793 358 1826 suam
406 1772 736 1844 potestatem
784 1774 1118 1843 redegisset,
1170 1774 1392 1843 grauius
1445 1774 1503 1826 in
1540 1774 1817 1827 Romanos

201 1863 364 1915 quam
400 1844 458 1895 in
482 1844 712 1897 Latinos
740 1844 1056 1913 transfugas
1095 1843 1507 1897 animaduertit:
1549 1843 1647 1897 hos
1676 1844 1820 1908 enim

199 1924 479 1984 tamquam
527 1915 737 1985 patriae
786 1915 1051 1984 fugitiuos
1102 1915 1354 1967 crucibus
1405 1913 1630 1980 adfixit,
1692 1912 1817 1966 illos

136 2006 178 2039 25
201 1992 478 2054 tamquam
511 1984 748 2054 perfidos
787 1986 963 2038 socios
1002 1985 1179 2037 securi
1213 1984 1499 2054 percussit.
1551 2001 1662 2036 non
1697 2002 1817 2053 pro-

202 2072 401 2124 sequar
434 2054 772 2107 hoc-factum
795 2054 1055 2120 ulteriuS,
1093 2062 1147 2106 et
1180 2054 1307 2124 quia
1334 2053 1605 2124 Scipionis
1647 2061 1730 2105 est
1766 2061 1818 2106 et

201 2125 330 2193 quia
355 2124 599 2177 Romano
638 2124 893 2193 sanguini
919 2124 1167 2194 quamuis
1204 2124 1395 2176 merito
1422 2141 1680 2194 perpesso
1709 2141 1818 2175 ser-

85 2286 180 2320 Par.
207 2270 272 2316 eis
301 2270 481 2329 fugiens
508 2275 657 2316 castra
684 2271 949 2330 repetisset,
986 2284 1070 2330 pro
1099 2270 1233 2315 hoste
1259 2260 1608 2316 interficeretur.
1659 2271 1727 2312 11.
1767 2268 1815 2324 Q.

199 2340 363 2386 Fabius
400 2340 614 2386 Maximus
641 2340 881 2391 omnium,
931 2341 1009 2400 qui
1051 2353 1103 2385 ex
1139 2340 1377 2400 praesidiis
1413 2340 1719 2385 Romanorum
1764 2339 1819 2384 ad

138 2427 180 2460 30
201 2411 383 2456 hostem
405 2410 748 2471 transfugerant
772 2413 983 2471 captique
1004 2416 1147 2461 erant,
1173 2425 1331 2456 manus
1353 2409 1558 2460 abscidit,
1585 2415 1636 2455 ut
1657 2415 1815 2455 trunca

201 2495 311 2542 prae
339 2494 387 2526 se
425 2481 606 2526 brachia
642 2487 1060 2546 gerentes‘metum
1096 2480 1285 2540 reliquis
1324 2479 1595 2526 defectionis
1629 2481 1818 2540 inpone-

200 2557 316 2596 rent.
383 2553 453 2598 12.
483 2550 633 2611 Scipio
661 2550 899 2597 Africanus
925 2552 1046 2597 uicta
1071 2549 1342 2610 Carthagine
1370 2550 1557 2611 grauius
1583 2551 1629 2595 in
1654 2549 1818 2595 Roma·

200 2635 285 2666 nos
314 2635 445 2680 quam
474 2623 519 2666 in
546 2620 730 2667 Latinos
766 2620 1026 2681 transfugas
1062 2620 1404 2667 animaduertit:
1443 2621 1528 2666 hos
1556 2619 1674 2666 enim
1701 2625 1816 2664 tam-

202 2704 335 2750 quam
362 2691 535 2750 patriae
562 2691 782 2750 fugitiuos
810 2691 1018 2738 crucibus
1046 2690 1211 2742 adfixit,
1238 2689 1342 2736 illos
1367 2697 1592 2750 tamquam
1617 2687 1815 2749 perfidos

315 2828 340 2867 6
362 2827 604 2879 prouincia
627 2828 870 2877 Q.Fabius
891 2830 933 2870 B
953 2831 996 2870 in
1017 2830 1164 2870 Ζίιιινιῑι
1204 2829 1230 2868 9
1252 2827 1484 2867 seueriore
1506 2824 1574 2864 B.-
1606 2824 1814 2864 saeuiore

202 2892 254 2927 5:
285 2888 330 2922 at
350 2897 390 2925 u.
411 2883 619 2923 Foertsck
640 2884 681 2933 J,
704 2886 757 2922 11
819 2886 868 2924 11
899 2886 1118 2938 fugerant
1138 2884 1195 2935 B,
1229 2897 1303 2924 em.
1328 2897 1350 2923 e
1372 2882 1435 2922 Pb
1497 2881 1550 2921 14
1570 2879 1814 2921 districtae

200 2938 257 2986 B,
290 2938 535 2979 destrictae
559 2938 581 2978 b
643 2940 694 2979 17
717 2943 925 2992 superior
947 2941 1181 2982 africanus
1204 2939 1226 2979 b
1286 2941 1340 2980 27
1363 2930 1666 2991 sanguine'B'
