1936 3120
653 130 705 184 11,
733 133 776 178 1.
801 130 882 183 vl.
897 133 919 174 1
939 155 994 164 —
1013 129 1100 182 vn,
1128 133 1170 177 5.
1617 123 1723 178 493
1931 187 1936 206 j

1740 210 1808 239 Val.
1819 210 1860 240 Μ.
1871 210 1885 238 1
1918 234 1921 238 .

225 250 268 295 4.
308 245 356 292 G.
382 246 574 296 Marius,
611 259 636 291 a
665 250 825 291 senatu
858 243 1084 290 iudicatus
1110 244 1274 295 hostis,
1300 243 1540 290 Minturnis
1568 250 1721 290 custo·
1743 250 1784 299 5,
1808 250 1833 289 5

121 317 329 365 diebatur
362 318 408 363 in
444 316 578 362 domo
598 316 816 362 Fanniae.
866 317 912 360 in
939 320 1188 375 conspectu
1216 316 1313 362 eius
1341 314 1482 361 asello
1510 313 1726 375 pabulum

121 390 238 435 forte
279 387 481 434 oblatum
517 393 608 433 est:
655 392 918 447 contempto
963 385 1127 431 animal
1172 386 1443 446 adaquatum
1476 385 1725 431 contendit.

123 458 320 506 obtinuit
347 458 512 504 Marius
548 471 572 503 a
607 457 898 503 multitudine
935 456 1214 503 auxiliatrice
1241 463 1291 502 ut
1318 457 1371 502 ad
1397 457 1507 502 litus
1535 456 1727 502 deduce-

76 542 101 575 5
121 536 263 578 retur.
314 535 410 575 tum
434 543 576 588 parua
599 529 706 573 naui
732 528 927 573 Africam
956 535 1144 573 euectus
1171 529 1318 573 euasit
1344 542 1465 573 arma
1493 527 1689 574 Sullana.

221 603 263 644 5.
301 599 542 660 Pompeius
580 600 729 645 uictus
767 613 792 644 a
827 599 1018 645 Caesare
1053 599 1250 659 Cyprum
1295 599 1486 645 tendens
1519 598 1723 659 Paphum
1745 605 1785 654 5,
1809 603 1835 643 6

117 672 260 721 uenit,
275 671 630 730 ammiratusque
647 669 899 715 aedificium
915 671 961 714 in
981 670 1116 716 litore
1137 671 1439 730 interrogauit
1452 669 1573 730 quod
1593 675 1729 716 esset.

118 741 398 803 gubernator
425 742 487 786 ait
507 737 877 802 Κατωβασίλεια
903 741 1003 787 dici.
1050 755 1236 788 saeuum
1265 755 1397 787 omen
1425 742 1576 788 statim
1607 741 1725 786 tristi
1787 762 1796 777 x
1903 732 1936 812 Q

117 812 250 860 uultu
275 811 477 874 prodidit
505 818 550 857 et
577 812 740 872 effugit
758 812 922 858 locum.
1274 874 1280 882 .
1916 810 1936 879 Q

55 896 97 927 10
226 885 268 928 6.
307 883 354 930 L.
377 882 578 928 Cassium
596 883 800 929 Rhodum
828 883 1099 944 spoliantem
1125 883 1300 929 incolae
1327 882 1549 943 rogabant
1573 889 1625 928 ut
1651 882 1727 928 de·
1748 890 1787 938 5,
1812 889 1838 929 8

120 968 250 1000 orum
278 954 530 1000 simulacris
557 954 821 1001 abstineret.
872 954 948 1000 ille
976 955 1037 1000 ait
1065 954 1218 1000 Solem
1246 969 1294 1000 se
1322 954 1597 1015 relinquere.
1643 968 1727 1000 nec
1924 928 1936 1018 ξ

120 1039 273 1071 mora:
301 1026 346 1070 in
372 1025 631 1071 Macedonia
658 1026 808 1071 uictus
833 1027 986 1085 periit.
1924 1033 1936 1077 ς

223 1099 266 1141 7.
303 1097 339 1141 Α
375 1096 536 1142 Petilio
574 1096 762 1142 consule
798 1095 1148 1156 obpugnabatur
1182 1097 1227 1141 in
1253 1097 1438 1156 Liguria
1465 1097 1626 1142 ciuitas
1646 1096 1728 1142 Le·
1749 1095 1791 1146 5²
1814 1095 1839 1135 9
1911 1082 1936 1166 {²

120 1173 215 1212 tum
241 1167 438 1212 nomine.
489 1167 734 1213 adhortans
760 1167 951 1213 militem
978 1169 1039 1213 ait
1067 1167 1228 1213 consul
1266 1166 1280 1190 ‘
1298 1168 1459 1213 Letum
1494 1167 1629 1213 hodie
1658 1182 1732 1214 ca-

55 1249 97 1282 15
121 1235 287 1298 piam'‚
314 1251 510 1299 moxque
538 1239 715 1284 occisus
744 1245 827 1284 est.

586 1373 715 1426 VII.
754 1373 851 1426 De
892 1372 1259 1443 prodigiis,

226 1480 264 1523 1.
307 1476 468 1523 Seruio
496 1477 643 1523 Tullio
672 1480 718 1524 in
745 1479 978 1538 Tarquinii
1004 1478 1144 1524 Prisci
1172 1480 1297 1537 regia
1325 1479 1568 1524 dormienti
1595 1485 1731 1540 caput
1752 1478 1793 1528 6,
1818 1478 1840 1516 l

121 1547 276 1593 ardere
301 1549 452 1592 uisum
479 1555 573 1593 est:
613 1549 735 1608 quod
772 1550 1032 1610 prodigium
1074 1563 1175 1595 cum
1204 1550 1423 1610 Tanaquil
1459 1564 1575 1595 uxor
1610 1552 1733 1611 regis

121 1618 337 1668 audisset,
365 1632 556 1678 puerum
583 1619 701 1664 inter
726 1619 898 1665 liberos
926 1621 1149 1666 educauit.
1204 1621 1399 1681 denique
1426 1621 1545 1667 idem
1570 1621 1733 1667 Romae

57 1698 98 1730 20
124 1703 202 1734 rex
228 1688 314 1734 suit
339 1688 483 1748 gradu
511 1695 651 1735 sexto.

229 1763 270 1804 2.
309 1759 359 1804 L.
380 1759 571 1805 Marcius
598 1767 706 1821 post
733 1761 966 1806 interitum
984 1761 1095 1809 Pub.
1123 1768 1168 1806 et
1188 1761 1324 1806 Gnaei
1342 1761 1603 1822 Scipionum
1630 1776 1731 1823 per·
1753 1767 1793 1818 6,
1816 1767 1841 1806 2
1925 1802 1932 1810 ,

126 1829 358 1875 turbatum
385 1821 633 1877 exercitum
659 1831 787 1877 ducis
814 1831 1133 1892 alloquebatur
1161 1831 1337 1883 officio,
1377 1838 1422 1878 et
1449 1834 1595 1893 capite
1623 1847 1734 1893 apex

122 1901 325 1946 flammae
352 1915 555 1947 summus
582 1903 782 1948 emicuit.
822 1909 981 1963 postea
1002 1902 1164 1948 cecidit
1186 1903 1387 1948 hostium
1407 1903 1530 1949 milia
1550 1903 1735 1949 XXXVII
1799 1937 1802 1939 Α

121 1970 435 2032 plurimosque
461 1973 603 2032 cepit:
644 1973 808 2018 dehinc
831 1973 1013 2019 Punicis
1042 1975 1204 2019 castris
1231 1975 1407 2034 potitus
1435 1981 1518 2020 est.

58 2051 100 2084 25
230 2045 269 2087 3.
310 2041 462 2103 Scipio
500 2049 551 2088 ut
586 2044 632 2088 in
657 2043 911 2090 Africanam
939 2050 1105 2089 terram
1132 2045 1384 2096 descendit,
1421 2045 1594 2092 cecidit.
1647 2045 1734 2092 hoc
1753 2071 1812 2092 om.
1828 2063 1900 2092 vai.

120 2111 289 2160 factum
326 2120 520 2174 pauente
554 2116 756 2161 exercitu
794 2115 1061 2161 exclamauit
1099 2114 1261 2162 ‘teneo
1289 2123 1362 2167 te,
1405 2123 1527 2162 terra
1553 2116 1731 2163 Africa'

121 2190 167 2230 et
191 2184 319 2230 uicit.

226 2258 268 2300 4.
307 2254 429 2300 Sulla
474 2261 633 2302 contra
659 2255 882 2303 Samnites
919 2271 1082 2316 gerens
1118 2257 1288 2303 bellum
1323 2258 1443 2303 inter
1477 2257 1732 2304 sacrifican-
1754 2265 1792 2312 6,
1815 2265 1843 2305 4

123 2323 228 2369 dum
263 2324 318 2370 ad
343 2326 572 2371 sinistram
608 2334 866 2386 serpentem
896 2328 1023 2373 uidit.
1076 2342 1179 2374 mox
1206 2329 1474 2375 adhortante
1498 2330 1731 2375 Postumio

60 2403 102 2434 30
123 2395 334 2454 aruspice
357 2395 571 2455 produxit
598 2398 842 2442 exercitum
868 2404 912 2442 et
938 2399 1066 2444 uicit.

229 2468 270 2510 5.
309 2465 397 2510 Bos
430 2465 583 2512 locuta
619 2467 785 2513 Romae
822 2474 891 2513 est
917 2468 963 2513 L.
991 2468 1232 2514 Volumnio
1270 2476 1315 2514 et
1342 2469 1501 2515 Seruio
1529 2469 1730 2531 Sulpicio
1752 2482 1792 2533 6,
1815 2482 1840 2521 5

237 2603 262 2643 3
286 2615 373 2654 quo
399 2606 659 2656 contempto
682 2604 789 2653 Mai,
813 2619 868 2645 αη
891 2618 943 2646 eo
967 2609 1228 2659 contempto
1251 2608 1269 2646 ,⁹
1288 2603 1308 2662 H
1330 2606 1610 2660 adaquatum
1631 2621 1731 2649 nos:

125 2658 384 2711 adaquatur
407 2660 451 2707 Ο,
476 2659 533 2700 ad
555 2672 723 2712 aquam
745 2661 843 2702 Mai
918 2663 944 2703 5
965 2661 1074 2716 tum]
1099 2666 1172 2702 tus
1199 2660 1267 2716 011
1288 2663 1455 2705 sillana
1478 2664 1512 2705 0
1576 2667 1600 2705 7
1624 2663 1733 2717 quid

123 2716 222 2757 Mai
292 2717 317 2756 8
342 2717 491 2756 eauba
513 2716 629 2757 silea
652 2717 686 2758 0
703 2714 722 2770 ΙΙ
743 2729 901 2758 seuum
926 2719 968 2766 C,
992 2731 1211 2760 scaeuum
1232 2721 1338 2769 Mai,
1361 2727 1466 2761 atu.
1489 2735 1534 2773 p.
1557 2723 1654 2769 492,
1679 2724 1733 2762 15

125 2773 177 2813 11
201 2772 348 2814 solum
371 2773 405 2813 0
473 2774 523 2813 12
546 2786 674 2814 mora
693 2775 962 2816 macedonie
988 2776 1021 2817 Ο
1089 2778 1140 2818 13
1163 2776 1332 2829 pecilio
1355 2777 1389 2818 0
1453 2779 1506 2818 14
1535 2777 1677 2818 lerum
1699 2777 1733 2818 Ο

125 2830 178 2869 22
203 2831 249 2869 et
270 2842 346 2870 nos
377 2828 478 2880 (nisi
496 2831 613 2870 malis
636 2833 683 2871 et
704 2829 771 2883 e):
805 2832 873 2872 ait
900 2831 946 2882 Ο,
970 2833 1103 2873 cuius
1123 2833 1220 2873 Mai
1275 2835 1330 2875 23
1351 2833 1498 2883 milia]
1523 2836 1581 2877 ff.
1608 2834 1642 2875 0
1677 2835 1732 2875 24

124 2888 292 2938 pontus
316 2888 386 2983 eset
410 2886 444 2926 C
498 2886 551 2926 28
576 2887 762 2929 conaria
785 2891 958 2929 samtus
982 2888 1015 2930 Ο
1080 2891 1134 2931 29
1155 2893 1275 2940 mox]
1298 2887 1342 2931 ὦ
1367 2891 1401 2932 0
1434 2887 1454 2944 {l
1493 2889 1730 2944 posthomo

126 2953 326 2996 aruspici
1687 2950 1708 2968 ⁸
