1936 3120
1034 66 1057 83 'v
1072 69 1094 74 “’
1119 72 1163 87 fv:
1177 59 1226 87 ·’··.’.’
1239 72 1241 74 ·
1339 84 1358 87 ,,

1031 85 1046 98 ¹*
1117 94 1131 101 κ
1187 84 1322 111 ἤ-ιζῡὛ,
1420 102 1424 107 ,
1439 88 1476 111 ’μ’
1496 104 1500 112 Ι

961 158 1059 206 LIB.
1095 158 1219 207 vnn.

1430 143 1516 159 ¹2=⁴1³.-
1559 141 1737 170 *pelag-ar,

283 266 430 320 tibus
478 266 652 318 locum
694 265 881 327 cinere,
918 266 1190 337 conpleuit
1232 269 1681 342 superpositoque
1729 271 1883 341 tigno

280 337 621 407 prominente
658 335 892 405 benigne
929 337 1050 391 cibo
1088 345 1142 391 et
1175 337 1395 409 potione
1433 347 1701 410 exceptos.
1727 341 1880 396 ineo

282 405 631 473 conlocabat,
671 424 699 458 e
771 425 840 459 uo
878 426 1065 460 somno
1102 409 1265 479 sopiti
1298 409 1356 461 in
1389 407 1540 465 illam
1564 410 1882 464 insidiosam

282 477 590 545 congeriem
618 476 738 529 deci
781 477 960 531 ebant.

238 564 258 596 5
389 547 437 598 7.
477 548 735 618 Apertior
770 555 824 601 et
858 548 1084 602 taetrior
1119 548 1342 604 alterius
1380 549 1518 604 Ochi
1560 551 1880 620 cognomine

279 617 609 671 Artaxerxis
646 618 967 686 crudelitaS‚
1013 620 1103 690 qui
1139 622 1398 673 Atossam
1433 638 1673 675 sororem
1718 631 1881 693 atque

281 687 510 740 eandem
536 707 750 742 socrum
775 689 960 741 uiuam
980 690 1155 760 capite
1177 690 1387 743 defodit
1407 698 1461 744 et
1477 699 1730 761 patruum
1756 710 1879 744 cum

279 766 497 811 centum
523 758 755 829 amplius
794 758 919 811 filiis
947 778 1011 811 ac
1036 760 1327 829 nepotibus
1351 779 1528 814 uacua
1563 779 1690 815 area
1715 761 1878 815 desti-

276 835 452 881 tutum
477 829 668 882 iaculis
706 830 957 896 confixit,
1003 829 1153 882 nulla
1188 830 1386 882 iniuria
1419 831 1734 899 lacessitus,
1783 832 1881 885 sed

211 918 253 950 10
276 899 419 981 quod
444 901 503 952 in
528 900 611 952 his
638 901 931 952 maximam
967 901 1113 971 apud
1140 901 1334 953 Persas
1371 902 1660 971 probitatis
1689 911 1742 956 et
1769 903 1876 956 for-

274 970 526 1023 t1tudinis
553 970 768 1024 laudem
796 972 1093 1027 consistere
1118 970 1365 1024 uidebat.-

382 1041 430 1093 8.
464 1041 743 1094 Consimili
768 1060 966 1110 genere
986 1041 1364 1095 aemulationis
1392 1042 1655 1096 instincta
1678 1043 1876 1096 ciuitas

275 1111 694 1164 Atheniensium
718 1111 941 1181 indigno
969 1112 1175 1182 gloriae
1201 1131 1331 1165 suae
1359 1112 1574 1166 decreto
1602 1113 1876 1183 Aeginen-

275 1182 418 1234 sium
442 1182 707 1236 iuuentuti
734 1181 959 1253 pollices
987 1183 1252 1250 abscidit,
1279 1190 1339 1236 ut
1365 1182 1539 1236 classe
1564 1191 1755 1254 potens
1783 1203 1876 1254 po-

211 1270 252 1303 15
274 1252 433 1323 pulus
470 1254 527 1305 in
561 1262 835 1306 certamen
879 1255 1275 1306 maritimarum
1317 1253 1516 1306 uirium
1559 1271 1742 1306 secum
1785 1255 1874 1306 de-

273 1323 532 1376 scendere
558 1325 822 1394 nequiret.
895 1343 1006 1377 non
1041 1342 1276 1391 agnosco
1305 1325 1549 1377 Athenas
1585 1323 1768 1376 timori
1794 1342 1875 1376 re-

271 1394 515 1447 medium
541 1413 573 1446 a
600 1394 919 1447 crudelitate
945 1395 1263 1447 mutuantiS.

379 1464 428 1516 9.
468 1464 674 1517 Saeuus
701 1465 864 1516 etiam
890 1464 979 1516 ille
1006 1465 1160 1516 aenei
1186 1464 1331 1515 tauri
1355 1463 1634 1531 inuentor,
1663 1482 1767 1535 quo
1796 1465 1874 1515 in-

272 1532 407 1586 clusi
434 1534 665 1587 subditis
692 1535 909 1604 ignibus
935 1534 1098 1603 longo
1126 1542 1180 1587 et
1206 1534 1392 1587 abdito
1429 1534 1673 1587 cruciatu
1698 1535 1871 1602 mugi·

146 1655 152 1659 ⁴
207 1623 251 1656 20
272 1612 359 1657 tus
387 1613 730 1658 resonantem
758 1605 1007 1675 spiritum
1034 1605 1194 1657 edere
1220 1604 1580 1673 cogebantur,
1615 1623 1684 1657 ne
1711 1603 1873 1657 eiula-

31 2620 34 2627 ,

269 1682 357 1727 tus
386 1694 571 1729 eorum
596 1675 830 1728 humano
860 1694 990 1728 sono
1017 1675 1168 1728 uocis
1195 1675 1441 1745 expressi
1461 1673 1768 1727 Phalaridis
1791 1682 1872 1745 ty-

269 1746 426 1798 ranni
463 1746 891 1799 misericordiam
926 1746 1215 1816 implorare
1251 1752 1489 1815 possent.
1557 1763 1722 1816 quam
1747 1745 1874 1816 quia

269 1816 599 1869 calamitosis
653 1816 841 1869 deesse
890 1815 1093 1882 uoluit,
1144 1816 1518 1868 taeterrimum
1559 1816 1694 1868 artis
1743 1833 1873 1868 suae

271 1906 405 1957 opus
432 1888 637 1957 primus
666 1886 905 1940 inclusus
933 1887 1122 1940 merito
1152 1886 1461 1957 auspicatus
1490 1893 1589 1939 est.

207 2039 249 2072 25
272 2034 559 2094 prominente
586 2034 777 2094 benigne
806 2034 904 2080 cibo
934 2042 979 2079 et
1004 2033 1190 2094 potione
1218 2039 1428 2092 exceptos
1450 2034 1495 2077 in
1517 2046 1570 2078 eo
1597 2032 1869 2082 conlocauit,

187 2091 246 2114 Μ’
273 2117 296 2148 e
323 2119 412 2165 quo
441 2119 603 2150 somno
631 2106 768 2165 sopiti
797 2104 1060 2151 decidebant
1085 2106 1131 2148 in
1157 2103 1278 2149 illam
1305 2102 1577 2162 congeriem.
1642 2106 1681 2146 7.
1722 2101 1868 2147 Ochus

269 2175 539 2220 Artaxerxes
567 2188 770 2220 sororem
797 2181 931 2234 atque
960 2174 1143 2220 eandem
1181 2187 1360 2219 socrum
1390 2186 1514 2217 suam
1541 2173 1688 2218 uiuam
1722 2173 1868 2232 capite

270 2244 460 2296 defodit,
497 2252 707 2305 patruum
747 2259 847 2290 cum
885 2252 1062 2290 centum
1101 2243 1204 2288 filiis
1231 2257 1282 2289 ac
1307 2241 1548 2303 nepotibus
1575 2241 1732 2288 iaculis
1760 2256 1870 2288 con·

271 2314 382 2360 fixit.
433 2319 473 2360 2.
505 2315 805 2361 Athenienses
833 2315 1152 2374 Aeginensium
1181 2314 1429 2359 iuuentutis
1456 2311 1644 2373 pollices
1670 2311 1868 2359 abscide-

208 2403 251 2436 30
273 2392 404 2436 runt,
441 2399 496 2430 ne
525 2399 674 2431 secum
703 2386 846 2431 classe
874 2385 1213 2431 contenderent.
1288 2385 1327 2428 9.
1369 2384 1540 2430 Saeuus
1567 2389 1612 2428 et
1639 2382 1715 2429 ille·
1742 2383 1866 2428 aenei

269 2457 388 2502 tauri
426 2457 664 2506 inuentor,
713 2470 802 2516 quo
840 2455 1002 2502 inclusi
1046 2455 1237 2501 subditis
1273 2453 1452 2515 ignibus
1490 2453 1629 2512 longo
1666 2454 1866 2499 cruciatu

249 2527 470 2586 mugitus
499 2527 631 2572 edere
659 2527 961 2586 cogebantur:
1004 2526 1127 2586 quod
1148 2540 1261 2586 opus
1283 2526 1456 2585 primus
1477 2523 1637 2569 artifex
1662 2523 1865 2570 inclusus

380 2679 405 2719 5
428 2678 697 2732 cognomine
719 2679 741 2718 b
803 2681 827 2719 6
851 2678 1101 2719 artaxersis
1121 2676 1179 2728 B,
1200 2677 1279 2718 sed
1297 2677 1360 2716 sis
1382 2680 1511 2716 extra
1529 2687 1692 2716 uer-sum
1711 2688 1760 2715 m.
1775 2677 1809 2714 ·2
1835 2675 1859 2727 ΙΙ

266 2732 479 2775 Atossam
499 2735 678 2787 Rumpf:
712 2735 905 2775 otiosam
927 2735 982 2786 B,
1006 2734 1145 2774 otiam
1167 2734 1190 2774 b
1268 2733 1293 2772 8
1315 2745 1464 2772 uacua
1485 2744 1564 2773 rea
1585 2726 1640 2771 B'
1699 2733 1750 2772 13
1770 2730 1864 2783 glo-

267 2790 339 2830 ria
361 2803 444 2830 sua
466 2790 489 2830 b
551 2793 601 2832 17
627 2789 904 2845 mutufannis
926 2787 982 2832 B'
1032 2792 1086 2831 20
1107 2791 1351 2830 resonante
1373 2788 1538 2840 spiritu
1557 2787 1581 2827 b
1601 2783 1620 2840 Η
1640 2799 1696 2828 ne
1718 2785 1864 2827 eiula-

271 2849 345 2886 tus
367 2846 409 2886 B
430 2850 472 2886 in
493 2861 579 2888 ras.
596 2879 606 2894 ,
637 2860 694 2887 ne
716 2847 922 2889 ululatus
944 2847 1026 2887 EF
1099 2848 1152 2886 21
1193 2843 1447 2899 phaleridis
1468 2844 1509 2884 B
1585 2845 1641 2888 24
1676 2841 1863 2896 primus]

268 2904 372 2948 add.
394 2904 565 2944 artifex
587 2904 628 2944 B
649 2916 727 2955 my.
751 2917 773 2944 e
795 2905 836 2943 P

296 2973 298 2975 ’
381 2961 433 3000 27
455 2963 742 3001 artarxerxes
770 2960 812 2999 V

1753 95 1779 107 ..ι
1788 100 1793 103 ⁷
1803 87 1827 124 ·‹'‚
1845 82 1847 96 ³
1863 90 1870 96 ··
1903 111 1936 125 ,1,
