1936 3120
0 0 74 64 V
452 0 480 23 Ὗ]
604 0 1403 39 ''mmm“'³''''''''⁵'‘'³⁵“*²⁹3³*²³3²3²²¹ffl³³³”
1457 44 1463 54 Α
1491 23 1511 39 ν
1533 38 1567 66 ,
1597 17 1620 59 5'
1645 38 1653 46 -
1741 30 1768 50 μ

3 116 5 118 ’
233 147 340 201 494
746 154 1039 200 NEPOTIANI
1061 137 1316 212 EPITOMA.

0 297 27 310 -,
64 282 218 312 vatur
239 281 387 321 conss.
425 280 582 311 carnes
611 266 745 312 etiam
772 266 903 313 caelo·
924 267 1078 328 lapsae
1105 277 1226 323 sunt,
1255 283 1446 330 quarum
1466 284 1572 332 pars
1597 271 1652 319 ab
1671 273 1832 320 auibus

233 339 482 396 intercepta
509 342 600 401 est,⁸
630 351 736 397 pars
773 337 1038 398 incorrupta
1073 339 1148 385 diu
1185 341 1340 386 iacuit.
1417 355 1506 402 quo
1533 356 1650 390 anno
1676 345 1832 404 grauia

232 407 360 452 fuere
384 406 518 452 bella.

127 491 167 539 6,
191 489 216 529 5
343 479 383 522 6.
423 476 532 522 Item
568 479 777 538 sequenti
813 479 1011 525 tumultu
1046 479 1195 526 infans
1233 494 1310 527 sex
1342 483 1566 529 mensium
1602 485 1648 529 in
1671 484 1828 531 boario

231 547 333 593 foro
370 548 649 608 triumphum
687 547 898 595 clamauit
925 551 1204 611 quieuitque.
1258 558 1354 598 tum
1380 552 1530 599 infans
1555 553 1670 600 alter
1693 561 1828 602 natus
1851 565 1872 597 5

235 625 305 664 est
332 619 477 678 capite
506 618 810 679 elephantino.
862 619 1003 666 imbre
1038 615 1212 667 saxatili
1236 622 1398 670 Picena
1423 624 1551 685 regio
1576 625 1827 671 uerberata.

230 689 275 733 in
304 688 444 734 Gallia
471 690 639 735 eisdem
670 690 953 750 temporibus
979 691 1114 752 lupus
1151 706 1175 738 e
1210 694 1376 752 uagina
1410 694 1607 755 gladium
1644 696 1830 742 sustulit

229 759 374 820 uigili.
428 766 536 806 tunc
572 767 617 806 et
654 762 921 821 sanguinem
957 761 1046 807 duo
1098 769 1226 808 scuta
1271 765 1316 808 in
1354 763 1559 810 Sardinia
1595 765 1826 812 sudarunt.

231 830 350 890 apud
375 832 557 876 Antium
587 845 769 892 quoque
789 846 1018 878 messores
1040 833 1406 893 sanguinulentis
1427 835 1567 895 spicis
1587 835 1831 896 impleuere

230 901 390 946 corbes
427 908 471 946 et
509 901 692 962 pluuiae
718 902 983 949 deciderunt
1009 910 1234 950 cruentae.
1284 904 1360 950 Cn.
1387 905 1570 951 Domitii
1595 906 1680 952 bos
1706 905 1826 953 bello
1852 914 1893 945 10

227 971 395 1018 Punico
423 972 619 1018 secundo
647 974 824 1018 sonuit:
852 971 867 995 ‘
887 978 995 1019 caue
1021 973 1117 1025 tibi,
1144 975 1283 1021 Roma
1297 976 1326 1021 ³.

123 1055 163 1104 6,
188 1054 213 1093 6
307 1047 348 1086 7.
388 1042 435 1088 G.
462 1042 709 1089 Flaminius
735 1044 896 1090 consul
924 1045 1022 1090 sine
1057 1047 1268 1106 auspiciis
1303 1052 1484 1092 creatus
1516 1047 1830 1094 conflicturus-

229 1127 315 1174 que
343 1127 443 1159 cum
470 1114 690 1160 Annibale
717 1115 770 1160 ad
795 1114 942 1161 lacum
969 1116 1277 1162 Trasimenum
1315 1131 1415 1162 cum
1451 1131 1569 1178 equo
1607 1132 1690 1164 suo
1716 1117 1829 1165 ceci-

199 1199 202 1201 *
228 1184 307 1232 dit.
360 1190 405 1230 et
431 1198 528 1230 cum
557 1191 664 1245 post
689 1186 777 1231 hoc
802 1199 934 1231 omen
960 1188 1058 1247 rapi
1095 1188 1224 1248 signa
1260 1188 1493 1240 iussisset,
1532 1188 1728 1236 conuelli
1752 1202 1829 1234 ne-

229 1269 454 1315 quaquam
479 1262 743 1316 potuerunt.
788 1256 981 1317 denique
1007 1256 1203 1303 effodere
1230 1272 1281 1303 ea
1307 1258 1561 1319 imperauit.
1613 1272 1665 1305 eo
1693 1273 1826 1320 proe-
1849 1265 1888 1297 15

227 1325 288 1371 lio
316 1338 443 1371 caesa
471 1332 579 1370 sunt
604 1326 909 1372 Romanorum
935 1341 992 1372 m.
1015 1327 1102 1378 XV,
1131 1335 1260 1387 capta
1282 1342 1371 1382 sex,
1408 1329 1572 1389 reliqui
1594 1329 1824 1388 fugerunt,

226 1410 283 1440 m.
314 1396 362 1446 X,
393 1397 492 1456 ipse
518 1395 679 1441 consul
707 1398 885 1443 occisus
913 1404 1005 1443 est:
1034 1411 1168 1458 quem
1195 1413 1296 1444 cum
1316 1399 1508 1444 Annibal
1534 1399 1710 1445 humari
1735 1401 1826 1444 ius-

227 1467 375 1516 sisset,
403 1480 495 1511 non
522 1473 805 1526 repererunt.

91 1541 159 1594 ·6‚
185 1541 208 1581 7
335 1539 374 1581 8.
430 1537 658 1582 Mancinus
702 1537 862 1583 consul
904 1538 959 1583 ad
995 1538 1252 1598 Hispaniam
1289 1539 1488 1585 directus
1525 1545 1614 1595 est,
1658 1538 1825 1585 bellum

225 1613 385 1652 contra
410 1607 708 1652 Numantinos
735 1614 933 1654 acturus.
986 1622 1088 1654 cum
1114 1609 1289 1655 Lauinii
1316 1609 1653 1656 sacrificaturus
1687 1616 1823 1660 esset,
1849 1615 1890 1646 20

225 1678 375 1723 emisit
400 1692 536 1724 cauea
561 1676 785 1738 pullarius
811 1678 978 1738 pullos,
1021 1679 1098 1739 qui
1137 1680 1182 1724 in
1221 1679 1380 1725 siluam
1418 1679 1719 1726 euolauerunt
1743 1693 1825 1725 nec

224 1749 395 1808 reperti
439 1755 545 1793 sunt
589 1748 665 1793 diu
708 1747 991 1809 multumque
1036 1751 1244 1810 quaesiti.
1302 1752 1600 1811 nauigaturus
1644 1750 1757 1795 idem
1801 1765 1824 1794 e

223 1825 362 1879 portu
399 1817 604 1864 Herculis
642 1820 739 1865 sine
776 1826 959 1866 auctore
995 1821 1123 1866 uocis
1161 1820 1332 1867 audiuit
1367 1819 1612 1872 eMancine,
1649 1822 1823 1866 mane’.

0 1864 67 1914 f
224 1903 417 1949 cumque
443 1890 656 1950 scapham
684 1891 1050 1942 conscendisset,
1089 1892 1358 1937 immensum
1393 1905 1587 1951 anguem
1624 1890 1715 1938 illic
1750 1905 1821 1936 ex-

223 1960 418 2006 horruit.
472 1960 619 2006 tribus
645 1961 871 2021 prodigiis
897 1963 1102 2007 nuntiata
1138 1968 1244 2009 sunt
1280 1962 1479 2008 infelicia
1505 1964 1615 2008 tria:
1652 1975 1818 2022 pugna,
1844 1966 1884 1998 25

224 2030 399 2081 foedus,
428 2031 615 2077 deditio.
1543 2082 1545 2085 ,

118 2107 158 2156 6,
182 2106 208 2146 8
336 2102 376 2144 9.
419 2102 483 2146 Ti.
512 2102 754 2152 Gracchus,
793 2102 904 2146 ciuis
943 2104 1155 2162 optimus,
1193 2115 1292 2147 cum
1320 2102 1479 2147 consul
1505 2114 1600 2147 rem
1625 2101 1821 2146 diuinam

226 2170 271 2215 in
298 2171 493 2216 Lucanis
520 2171 691 2217 faceret
716 2172 834 2216 hello
861 2172 1048 2222 Punico,
1075 2171 1245 2231 gemini
1273 2178 1506 2231 serpentes
1533 2169 1692 2230 allapsi
1718 2177 1821 2215 sunt

225 2254 473 2301 caesaeque
501 2242 675 2287 hostiae
699 2243 823 2287 iecur
850 2242 1169 2287 comederunt:
1209 2241 1379 2301 refugit
1414 2241 1547 2286 turba
1572 2240 1728 2286 territa
1754 2255 1821 2286 sa-

224 2310 454 2358 crificium.
530 2313 653 2372 quod
693 2326 793 2358 cum
830 2327 987 2358 rursus
1025 2313 1268 2372 repetitum
1306 2319 1448 2362 esset,
1493 2312 1609 2357 idem
1644 2311 1816 2357 accidit.
1841 2317 1882 2348 30

223 2384 359 2428 tertio
400 2396 582 2442 quoque
608 2397 709 2428 cum
736 2382 1079 2442 diligentissime
1105 2383 1254 2428 hostia.
1281 2388 1541 2431 seruaretur
1567 2389 1612 2427 et
1637 2394 1821 2441 serpen·

224 2459 319 2498 tum
346 2452 668 2513 prohiberetur
693 2455 928 2506 incursus,
968 2453 1114 2499 arceri
1148 2467 1240 2498 non
1274 2459 1525 2514 potuerunt
1560 2453 1667 2512 quin
1703 2451 1819 2496 idem

225 2523 441 2569 facerent.
490 2531 650 2583 postea
676 2524 836 2571 consul
864 2525 1071 2584 quamuis
1092 2524 1165 2569 uir
1190 2522 1479 2569 cautissimus
1506 2539 1529 2569 a
1554 2522 1711 2568 Flauio
1737 2521 1818 2566 ho-

225 2595 341 2654 spite
367 2594 577 2639 inductus
618 2596 663 2640 in
698 2594 883 2640 insidias
920 2601 990 2640 est
1027 2600 1162 2654 atque
1199 2595 1262 2639 ita
1297 2599 1575 2654 praeuentus
1610 2591 1731 2642 dolo,
1768 2597 1819 2636 ut

336 2786 361 2826 5
383 2786 678 2828 clamamauit
701 2788 732 2828 Ο
790 2790 815 2829 8
837 2788 1025 2828 sardina
1050 2788 1080 2828 Ο
1141 2789 1194 2828 10
1226 2786 1400 2828 coruies
1425 2783 1495 2840 CH
1515 2785 1648 2826 Claei
1668 2783 1819 2824 domni

225 2843 257 2883 Ο
316 2844 366 2883 11
389 2844 574 2895 punicio
599 2844 632 2885 0
656 2844 675 2897 ΙΙ
702 2857 824 2884 romo
851 2844 885 2885 C
940 2846 991 2884 16
1015 2856 1153 2884 caesa
1173 2844 1291 2884 Mai:
1321 2843 1428 2884 fusa
1454 2843 1486 2883 Ο
1509 2838 1529 2895 Η
1556 2839 1612 2882 .fi.
1634 2839 1719 2880 XV
1742 2839 1775 2880 0
1797 2837 1814 2892 ΙΙ

223 2899 461 2952 fugierunt
482 2911 540 2944 .Ν.
561 2900 603 2939 Χ
626 2900 660 2940 (J
715 2902 768 2941 27
789 2901 922 2940 Titus
947 2901 982 2941 C
1035 2903 1088 2942 29
1110 2911 1305 2952 seseque
1331 2899 1363 2940 0
1397 2896 1417 2953 Η
1451 2898 1654 2951 refugiat
1677 2895 1711 2937 0
1765 2898 1820 2938 30

223 2956 492 3009 repertitum
515 2960 584 2997 est
608 2957 642 2996 C
697 2959 750 2998 33
775 2957 1036 2998 cautissim.
1070 2961 1114 2998 et
1134 2957 1253 2997 flauo
1277 2955 1311 2996 0
